  <div class='ocr_page' id='page_1' title='image "/cluster/home/n/w/nwhite01/storage/ocr_20150623/56/uva.x004697988/410.png"; bbox 0 0 4094 6486; ppageno 0'>
   <div class='ocr_carea' id='block_1_1' title="bbox 252 415 360 469">
    <p class='ocr_par' dir='ltr' id='par_1_1' title="bbox 252 415 360 469">
     <span class='ocr_line' id='line_1_1' title="bbox 252 415 360 469; baseline 0.019 -2"><span class='ocrx_word' id='word_1_1' title='bbox 252 415 360 469; x_wconf 77' lang='grc'>411</span> 
     </span>
    </p>
   </div>
   <div class='ocr_carea' id='block_1_2' title="bbox 1224 394 2492 468">
    <p class='ocr_par' dir='ltr' id='par_1_2' title="bbox 1224 394 2492 468">
     <span class='ocr_line' id='line_1_2' title="bbox 1224 394 2492 468; baseline 0.006 -19"><span class='ocrx_word' id='word_1_2' title='bbox 1224 396 1286 450; x_wconf 84' lang='grc' dir='ltr'>ΙΝ</span> <span class='ocrx_word' id='word_1_3' title='bbox 1329 394 1553 463; x_wconf 82' lang='lat' dir='ltr'>ILLUD,</span> <span class='ocrx_word' id='word_1_4' title='bbox 1594 396 1662 451; x_wconf 82' lang='grc' dir='ltr'>ΙΝ</span> <span class='ocrx_word' id='word_1_5' title='bbox 1700 395 1836 464; x_wconf 75' lang='grc' dir='ltr'>ΟυᾹ</span> <span class='ocrx_word' id='word_1_6' title='bbox 1877 397 2302 468; x_wconf 77' lang='lat' dir='ltr'>POTESTATE,</span> <span class='ocrx_word' id='word_1_7' title='bbox 2341 400 2492 457; x_wconf 79' lang='lat' dir='ltr'>ETC.</span> 
     </span>
    </p>
   </div>
   <div class='ocr_carea' id='block_1_3' title="bbox 3349 440 3460 494">
    <p class='ocr_par' dir='ltr' id='par_1_3' title="bbox 3349 440 3460 494">
     <span class='ocr_line' id='line_1_3' title="bbox 3349 440 3460 494; baseline 0.036 -4"><span class='ocrx_word' id='word_1_8' title='bbox 3349 440 3460 494; x_wconf 79' lang='lat'>412</span> 
     </span>
    </p>
   </div>
   <div class='ocr_carea' id='block_1_4' title="bbox 277 677 3451 726">
    <p class='ocr_par' dir='ltr' id='par_1_4' title="bbox 277 677 3451 726">
     <span class='ocr_line' id='line_1_4' title="bbox 277 677 3451 726; baseline 0.004 -12"><span class='ocrx_word' id='word_1_9' title='bbox 277 677 3451 726; x_wconf 43' lang='grc' dir='ltr'><em>Μ</em></span> <span class='ocrx_word' id='word_1_10' title='bbox 2498 715 3449 726; x_wconf 75' lang='lat'>...__....._.__..______.____</span> 
     </span>
    </p>
   </div>
   <div class='ocr_carea' id='block_1_5' title="bbox 986 1063 2728 1156">
    <p class='ocr_par' dir='ltr' id='par_1_5' title="bbox 986 1063 2728 1156">
     <span class='ocr_line' id='line_1_5' title="bbox 986 1063 2728 1156; baseline 0.003 -8"><span class='ocrx_word' id='word_1_11' title='bbox 986 1063 1208 1150; x_wconf 84' lang='grc' dir='ltr'>ΤΟΥ</span> <span class='ocrx_word' id='word_1_12' title='bbox 1279 1068 1416 1150; x_wconf 90' lang='grc' dir='ltr'>ΕΝ</span> <span class='ocrx_word' id='word_1_13' title='bbox 1487 1069 1844 1154; x_wconf 89' lang='grc' dir='ltr'>ΑΓΙΟΙΣ</span> <span class='ocrx_word' id='word_1_14' title='bbox 1916 1069 2341 1156; x_wconf 85' lang='grc' dir='ltr'>ΠΑΤΡΟΣ</span> <span class='ocrx_word' id='word_1_15' title='bbox 2413 1070 2728 1156; x_wconf 85' lang='grc' dir='ltr'>ΗΜΩΝ</span> 
     </span>
    </p>
   </div>
   <div class='ocr_carea' id='block_1_6' title="bbox 258 1375 3452 1552">
    <p class='ocr_par' dir='ltr' id='par_1_6' title="bbox 258 1375 3452 1552">
     <span class='ocr_line' id='line_1_6' title="bbox 258 1375 3452 1552; baseline 0.002 -9"><span class='ocrx_word' id='word_1_16' title='bbox 258 1375 1258 1548; x_wconf 72' lang='grc' dir='ltr'>ΙΩΑΝ’ΝΟΥ</span> <span class='ocrx_word' id='word_1_17' title='bbox 1315 1379 1748 1547; x_wconf 87' lang='grc' dir='ltr'>ΤΟΥ</span> <span class='ocrx_word' id='word_1_18' title='bbox 1784 1380 3452 1552; x_wconf 84' lang='grc' dir='ltr'>ΧΡΥΣΟΣΤΟΜΟΥ</span> 
     </span>
    </p>
   </div>
   <div class='ocr_carea' id='block_1_7' title="bbox 835 1774 2875 1919">
    <p class='ocr_par' dir='ltr' id='par_1_7' title="bbox 835 1774 2875 1919">
     <span class='ocr_line' id='line_1_7' title="bbox 835 1774 2875 1919; baseline -0 -28"><span class='ocrx_word' id='word_1_19' title='bbox 835 1780 1071 1891; x_wconf 91' lang='grc' dir='ltr'>ΕΙΣ</span> <span class='ocrx_word' id='word_1_20' title='bbox 1143 1777 1346 1892; x_wconf 90' lang='grc' dir='ltr'>ΤΟ</span> <span class='ocrx_word' id='word_1_21' title='bbox 1432 1778 1942 1892; x_wconf 90' lang='grc' dir='ltr'>ΡΗΤΟΝ</span> <span class='ocrx_word' id='word_1_22' title='bbox 2039 1779 2243 1893; x_wconf 90' lang='grc' dir='ltr'>ΤΟ</span> <span class='ocrx_word' id='word_1_23' title='bbox 2319 1774 2875 1919; x_wconf 84' lang='grc' dir='ltr'>ΛΕΓΟΝ,</span> 
     </span>
    </p>
   </div>
   <div class='ocr_carea' id='block_1_8' title="bbox 1341 2070 2375 2137">
    <p class='ocr_par' dir='ltr' id='par_1_8' title="bbox 1341 2070 2375 2137">
     <span class='ocr_line' id='line_1_8' title="bbox 1341 2070 2375 2137; baseline 0.015 -18"><span class='ocrx_word' id='word_1_24' title='bbox 1341 2071 1439 2124; x_wconf 79' lang='grc' dir='ltr'><em>Ἐν</em></span> <span class='ocrx_word' id='word_1_25' title='bbox 1475 2073 1616 2137; x_wconf 76' lang='grc' dir='ltr'>ποίᾳ</span> <span class='ocrx_word' id='word_1_26' title='bbox 1652 2072 1896 2136; x_wconf 78' lang='grc' dir='ltr'>ἐξουσίᾳ</span> <span class='ocrx_word' id='word_1_27' title='bbox 1936 2071 2117 2126; x_wconf 81' lang='grc' dir='ltr'>ταῦτα</span> <span class='ocrx_word' id='word_1_28' title='bbox 2155 2070 2375 2136; x_wconf 73' lang='grc' dir='ltr'>ποιεῖςὶ</span> 
     </span>
    </p>
   </div>
   <div class='ocr_carea' id='block_1_9' title="bbox 331 3023 1806 3098">
    <p class='ocr_par' dir='ltr' id='par_1_9' title="bbox 331 3023 1806 3098">
     <span class='ocr_line' id='line_1_9' title="bbox 331 3023 1806 3098; baseline 0.014 -34"><span class='ocrx_word' id='word_1_29' title='bbox 331 3035 401 3083; x_wconf 59' lang='grc' dir='ltr'>αν,</span> <span class='ocrx_word' id='word_1_30' title='bbox 435 3027 600 3098; x_wconf 72' lang='grc' dir='ltr'><strong>Ἀρχὴ</strong></span> <span class='ocrx_word' id='word_1_31' title='bbox 648 3026 916 3098; x_wconf 78' lang='grc' dir='ltr'>σωτηρίας</span> <span class='ocrx_word' id='word_1_32' title='bbox 952 3023 1246 3096; x_wconf 80' lang='grc' dir='ltr'>ἀνθρώπων</span> <span class='ocrx_word' id='word_1_33' title='bbox 1283 3024 1310 3077; x_wconf 99' lang='lat'>6</span> <span class='ocrx_word' id='word_1_34' title='bbox 1343 3024 1432 3078; x_wconf 79' lang='grc' dir='ltr'>τοῦ</span> <span class='ocrx_word' id='word_1_35' title='bbox 1465 3024 1596 3078; x_wconf 89' lang='grc' dir='ltr'>Θεοῦ</span> <span class='ocrx_word' id='word_1_36' title='bbox 1627 3024 1806 3093; x_wconf 74' lang='grc' dir='ltr'>φόὸος.</span> 
     </span>
    </p>
   </div>
   <div class='ocr_carea' id='block_1_10' title="bbox 264 3108 1810 3184">
    <p class='ocr_par' dir='ltr' id='par_1_10' title="bbox 264 3108 1810 3184">
     <span class='ocr_line' id='line_1_10' title="bbox 264 3108 1810 3184; baseline -0.003 -18"><span class='ocrx_word' id='word_1_37' title='bbox 264 3115 357 3166; x_wconf 79' lang='grc' dir='ltr'>καὶ</span> <span class='ocrx_word' id='word_1_38' title='bbox 390 3113 515 3184; x_wconf 78' lang='grc' dir='ltr'>ῥίζα</span> <span class='ocrx_word' id='word_1_39' title='bbox 543 3113 756 3165; x_wconf 73' lang='grc' dir='ltr'>πάντων</span> <span class='ocrx_word' id='word_1_40' title='bbox 782 3113 887 3165; x_wconf 80' lang='grc' dir='ltr'>τῶν</span> <span class='ocrx_word' id='word_1_41' title='bbox 917 3111 974 3163; x_wconf 71' lang='grc' dir='ltr'>ἐν</span> <span class='ocrx_word' id='word_1_42' title='bbox 1006 3113 1036 3179; x_wconf 77' lang='grc' dir='ltr'>ἡ</span> <span class='ocrx_word' id='word_1_43' title='bbox 1045 3112 1131 3178; x_wconf 80' lang='grc' dir='ltr'>μίν</span> <span class='ocrx_word' id='word_1_44' title='bbox 1152 3110 1369 3176; x_wconf 87' lang='grc' dir='ltr'>ἀγαθῶν</span> <span class='ocrx_word' id='word_1_45' title='bbox 1400 3112 1428 3162; x_wconf 94' lang='lat'>6</span> <span class='ocrx_word' id='word_1_46' title='bbox 1453 3108 1543 3160; x_wconf 87' lang='grc' dir='ltr'>τοῦ</span> <span class='ocrx_word' id='word_1_47' title='bbox 1573 3108 1702 3161; x_wconf 88' lang='grc' dir='ltr'>Θεοῦ</span> <span class='ocrx_word' id='word_1_48' title='bbox 1726 3111 1810 3161; x_wconf 88' lang='grc' dir='ltr'>νό-</span> 
     </span>
    </p>
   </div>
   <div class='ocr_carea' id='block_1_11' title="bbox 270 3193 1807 3268">
    <p class='ocr_par' dir='ltr' id='par_1_11' title="bbox 270 3193 1807 3268">
     <span class='ocr_line' id='line_1_11' title="bbox 270 3193 1807 3268; baseline -0.001 -22"><span class='ocrx_word' id='word_1_49' title='bbox 270 3216 384 3268; x_wconf 67' lang='grc' dir='ltr'>μος,</span> <span class='ocrx_word' id='word_1_50' title='bbox 410 3197 534 3250; x_wconf 83' lang='grc' dir='ltr'>οῦτε</span> <span class='ocrx_word' id='word_1_51' title='bbox 564 3198 619 3250; x_wconf 65' lang='grc' dir='ltr'>δὲ</span> <span class='ocrx_word' id='word_1_52' title='bbox 647 3196 779 3249; x_wconf 86' lang='grc' dir='ltr'>Θεοῦ</span> <span class='ocrx_word' id='word_1_53' title='bbox 807 3197 965 3265; x_wconf 88' lang='grc' dir='ltr'>νόμος</span> <span class='ocrx_word' id='word_1_54' title='bbox 992 3197 1116 3248; x_wconf 80' lang='grc' dir='ltr'>ἀνευ</span> <span class='ocrx_word' id='word_1_55' title='bbox 1142 3194 1324 3263; x_wconf 80' lang='grc' dir='ltr'>φόϐου,</span> <span class='ocrx_word' id='word_1_56' title='bbox 1352 3193 1472 3246; x_wconf 86' lang='grc' dir='ltr'>οῦτε</span> <span class='ocrx_word' id='word_1_57' title='bbox 1506 3194 1662 3261; x_wconf 82' lang='grc' dir='ltr'>φόϐος</span> <span class='ocrx_word' id='word_1_58' title='bbox 1684 3193 1807 3246; x_wconf 77' lang='grc' dir='ltr'>ἄνευ</span> 
     </span>
    </p>
   </div>
   <div class='ocr_carea' id='block_1_12' title="bbox 270 3278 1809 3352">
    <p class='ocr_par' dir='ltr' id='par_1_12' title="bbox 270 3278 1809 3352">
     <span class='ocr_line' id='line_1_12' title="bbox 270 3278 1809 3352; baseline -0.004 -17"><span class='ocrx_word' id='word_1_59' title='bbox 270 3285 450 3350; x_wconf 59' lang='grc' dir='ltr'>νόμον.</span> <span class='ocrx_word' id='word_1_60' title='bbox 497 3283 554 3334; x_wconf 87' lang='lat'>&#39;0</span> <span class='ocrx_word' id='word_1_61' title='bbox 600 3282 707 3352; x_wconf 80' lang='grc' dir='ltr'>γὰρ</span> <span class='ocrx_word' id='word_1_62' title='bbox 759 3280 918 3349; x_wconf 89' lang='grc' dir='ltr'>νόμος</span> <span class='ocrx_word' id='word_1_63' title='bbox 971 3278 1077 3331; x_wconf 84' lang='grc' dir='ltr'>τῶν</span> <span class='ocrx_word' id='word_1_64' title='bbox 1126 3278 1504 3346; x_wconf 74' lang='grc' dir='ltr'>ἐπιταγμάτων</span> <span class='ocrx_word' id='word_1_65' title='bbox 1536 3278 1809 3347; x_wconf 79' lang='grc' dir='ltr'>ὑπηρέτην</span> 
     </span>
    </p>
   </div>
   <div class='ocr_carea' id='block_1_13' title="bbox 267 3363 1808 3436">
    <p class='ocr_par' dir='ltr' id='par_1_13' title="bbox 267 3363 1808 3436">
     <span class='ocr_line' id='line_1_13' title="bbox 267 3363 1808 3436; baseline -0.006 -13"><span class='ocrx_word' id='word_1_66' title='bbox 267 3375 376 3436; x_wconf 57' lang='grc' dir='ltr'>εχει</span> <span class='ocrx_word' id='word_1_67' title='bbox 409 3368 499 3420; x_wconf 78' lang='grc' dir='ltr'>τὸν</span> <span class='ocrx_word' id='word_1_68' title='bbox 528 3367 684 3434; x_wconf 79' lang='grc' dir='ltr'>φόϐον</span> <span class='ocrx_word' id='word_1_69' title='bbox 709 3382 722 3395; x_wconf 76' lang='grc'><strong><em>⁸</em></strong></span> <span class='ocrx_word' id='word_1_70' title='bbox 744 3367 772 3418; x_wconf 91' lang='lat'>6</span> <span class='ocrx_word' id='word_1_71' title='bbox 807 3365 860 3418; x_wconf 78' lang='grc' dir='ltr'>δὲ</span> <span class='ocrx_word' id='word_1_72' title='bbox 906 3364 1063 3433; x_wconf 82' lang='grc' dir='ltr'>φόϐος</span> <span class='ocrx_word' id='word_1_73' title='bbox 1096 3364 1202 3416; x_wconf 86' lang='grc' dir='ltr'>τῶν</span> <span class='ocrx_word' id='word_1_74' title='bbox 1232 3365 1704 3433; x_wconf 79' lang='grc' dir='ltr'>προστεταγμένων</span> <span class='ocrx_word' id='word_1_75' title='bbox 1733 3363 1808 3414; x_wconf 91' lang='grc' dir='ltr'>δι-</span> 
     </span>
    </p>
   </div>
   <div class='ocr_carea' id='block_1_14' title="bbox 269 3445 1808 3523">
    <p class='ocr_par' dir='ltr' id='par_1_14' title="bbox 269 3445 1808 3523">
     <span class='ocr_line' id='line_1_14' title="bbox 269 3445 1808 3523; baseline -0.001 -19"><span class='ocrx_word' id='word_1_76' title='bbox 269 3455 474 3523; x_wconf 77' lang='grc' dir='ltr'>καστὴν</span> <span class='ocrx_word' id='word_1_77' title='bbox 502 3453 610 3522; x_wconf 69' lang='grc' dir='ltr'>ἔχει</span> <span class='ocrx_word' id='word_1_78' title='bbox 656 3451 743 3504; x_wconf 82' lang='grc' dir='ltr'>τὸν</span> <span class='ocrx_word' id='word_1_79' title='bbox 778 3451 956 3521; x_wconf 87' lang='grc' dir='ltr'>νόμον.</span> <span class='ocrx_word' id='word_1_80' title='bbox 1019 3450 1076 3502; x_wconf 86' lang='grc' dir='ltr'>Ὀ</span> <span class='ocrx_word' id='word_1_81' title='bbox 1122 3450 1218 3520; x_wconf 70' lang='grc' dir='ltr'>μὲν</span> <span class='ocrx_word' id='word_1_82' title='bbox 1244 3445 1334 3502; x_wconf 82' lang='grc' dir='ltr'>οὖν</span> <span class='ocrx_word' id='word_1_83' title='bbox 1384 3450 1528 3520; x_wconf 79' lang='grc' dir='ltr'>φόϐῳ</span> <span class='ocrx_word' id='word_1_84' title='bbox 1559 3450 1634 3520; x_wconf 83' lang='grc' dir='ltr'>τῷ</span> <span class='ocrx_word' id='word_1_85' title='bbox 1663 3451 1808 3520; x_wconf 81' lang='grc' dir='ltr'>νόμῳ</span> 
     </span>
    </p>
   </div>
   <div class='ocr_carea' id='block_1_15' title="bbox 270 3535 1808 3609">
    <p class='ocr_par' dir='ltr' id='par_1_15' title="bbox 270 3535 1808 3609">
     <span class='ocr_line' id='line_1_15' title="bbox 270 3535 1808 3609; baseline -0.001 -20"><span class='ocrx_word' id='word_1_86' title='bbox 270 3538 714 3609; x_wconf 68' lang='grc' dir='ltr'>προσερχόμενοι,</span> <span class='ocrx_word' id='word_1_87' title='bbox 743 3538 834 3590; x_wconf 84' lang='grc' dir='ltr'>καὶ</span> <span class='ocrx_word' id='word_1_88' title='bbox 877 3536 950 3606; x_wconf 81' lang='grc' dir='ltr'>τῷ</span> <span class='ocrx_word' id='word_1_89' title='bbox 985 3535 1075 3588; x_wconf 80' lang='grc' dir='ltr'>τὸν</span> <span class='ocrx_word' id='word_1_90' title='bbox 1117 3536 1277 3605; x_wconf 88' lang='grc' dir='ltr'>νόμον</span> <span class='ocrx_word' id='word_1_91' title='bbox 1301 3536 1438 3589; x_wconf 81' lang='grc' dir='ltr'>δόντι</span> <span class='ocrx_word' id='word_1_92' title='bbox 1469 3535 1603 3605; x_wconf 85' lang='grc' dir='ltr'>Θεῷ,</span> <span class='ocrx_word' id='word_1_93' title='bbox 1638 3536 1808 3603; x_wconf 88' lang='grc' dir='ltr'>άγίοις</span> 
     </span>
    </p>
   </div>
   <div class='ocr_carea' id='block_1_16' title="bbox 270 3621 1809 3692">
    <p class='ocr_par' dir='ltr' id='par_1_16' title="bbox 270 3621 1809 3692">
     <span class='ocr_line' id='line_1_16' title="bbox 270 3621 1809 3692; baseline 0 -18"><span class='ocrx_word' id='word_1_94' title='bbox 270 3623 692 3692; x_wconf 66' lang='grc' dir='ltr'>ἑμπολιτεύεται,</span> <span class='ocrx_word' id='word_1_95' title='bbox 727 3623 817 3675; x_wconf 84' lang='grc' dir='ltr'>καὶ</span> <span class='ocrx_word' id='word_1_96' title='bbox 859 3623 1021 3684; x_wconf 81' lang='grc' dir='ltr'>ὁσίοις</span> <span class='ocrx_word' id='word_1_97' title='bbox 1071 3621 1435 3690; x_wconf 81' lang='grc' dir='ltr'>ἀναγράφεται</span> <span class='ocrx_word' id='word_1_98' title='bbox 1457 3637 1470 3650; x_wconf 90' lang='grc'><strong>·</strong></span> <span class='ocrx_word' id='word_1_99' title='bbox 1501 3622 1529 3673; x_wconf 96' lang='lat'>6</span> <span class='ocrx_word' id='word_1_100' title='bbox 1554 3621 1608 3672; x_wconf 75' lang='grc' dir='ltr'>δὲ</span> <span class='ocrx_word' id='word_1_101' title='bbox 1641 3639 1809 3676; x_wconf 83' lang='grc' dir='ltr'>κατα-</span> 
     </span>
    </p>
   </div>
   <div class='ocr_carea' id='block_1_17' title="bbox 269 3705 1809 3776">
    <p class='ocr_par' dir='ltr' id='par_1_17' title="bbox 269 3705 1809 3776">
     <span class='ocr_line' id='line_1_17' title="bbox 269 3705 1809 3776; baseline -0.001 -16"><span class='ocrx_word' id='word_1_102' title='bbox 269 3707 480 3776; x_wconf 82' lang='grc' dir='ltr'>τολμῶν</span> <span class='ocrx_word' id='word_1_103' title='bbox 507 3706 598 3758; x_wconf 82' lang='grc' dir='ltr'>τοῦ</span> <span class='ocrx_word' id='word_1_104' title='bbox 632 3707 773 3758; x_wconf 88' lang='grc' dir='ltr'>θείου</span> <span class='ocrx_word' id='word_1_105' title='bbox 805 3705 986 3770; x_wconf 79' lang='grc' dir='ltr'>φόϐου,</span> <span class='ocrx_word' id='word_1_106' title='bbox 1021 3705 1113 3757; x_wconf 76' lang='grc' dir='ltr'>καὶ</span> <span class='ocrx_word' id='word_1_107' title='bbox 1144 3705 1279 3775; x_wconf 85' lang='grc' dir='ltr'>μετά</span> <span class='ocrx_word' id='word_1_108' title='bbox 1313 3706 1616 3768; x_wconf 78' lang='grc' dir='ltr'>ἀλαζονείας</span> <span class='ocrx_word' id='word_1_109' title='bbox 1646 3723 1809 3776; x_wconf 85' lang='grc' dir='ltr'>προσ-</span> 
     </span>
    </p>
   </div>
   <div class='ocr_carea' id='block_1_18' title="bbox 272 3788 1804 3860">
    <p class='ocr_par' dir='ltr' id='par_1_18' title="bbox 272 3788 1804 3860">
     <span class='ocr_line' id='line_1_18' title="bbox 272 3788 1804 3860; baseline -0.001 -17"><span class='ocrx_word' id='word_1_110' title='bbox 272 3791 487 3860; x_wconf 58' lang='grc' dir='ltr'>έρχεται</span> <span class='ocrx_word' id='word_1_111' title='bbox 514 3789 587 3858; x_wconf 83' lang='grc' dir='ltr'>τῷ</span> <span class='ocrx_word' id='word_1_112' title='bbox 629 3789 754 3858; x_wconf 88' lang='grc' dir='ltr'>θείῳ</span> <span class='ocrx_word' id='word_1_113' title='bbox 803 3788 968 3858; x_wconf 82' lang='grc' dir='ltr'>νόμῳ,</span> <span class='ocrx_word' id='word_1_114' title='bbox 997 3788 1116 3839; x_wconf 75' lang='grc' dir='ltr'>οὔτε</span> <span class='ocrx_word' id='word_1_115' title='bbox 1159 3790 1254 3858; x_wconf 84' lang='grc' dir='ltr'>τῆς</span> <span class='ocrx_word' id='word_1_116' title='bbox 1303 3790 1516 3858; x_wconf 86' lang='grc' dir='ltr'>χάριτος</span> <span class='ocrx_word' id='word_1_117' title='bbox 1547 3790 1804 3854; x_wconf 77' lang='grc' dir='ltr'>ἀξιοῦται.</span> 
     </span>
    </p>
   </div>
   <div class='ocr_carea' id='block_1_19' title="bbox 271 3872 1808 3944">
    <p class='ocr_par' dir='ltr' id='par_1_19' title="bbox 271 3872 1808 3944">
     <span class='ocr_line' id='line_1_19' title="bbox 271 3872 1808 3944; baseline 0.001 -18"><span class='ocrx_word' id='word_1_118' title='bbox 271 3875 404 3926; x_wconf 86' lang='grc' dir='ltr'>ἀλλά</span> <span class='ocrx_word' id='word_1_119' title='bbox 428 3873 522 3926; x_wconf 76' lang='grc' dir='ltr'>καὶ</span> <span class='ocrx_word' id='word_1_120' title='bbox 550 3873 645 3941; x_wconf 86' lang='grc' dir='ltr'>τῆς</span> <span class='ocrx_word' id='word_1_121' title='bbox 675 3872 946 3935; x_wconf 84' lang='grc' dir='ltr'>εὐσεϐείας</span> <span class='ocrx_word' id='word_1_122' title='bbox 976 3873 1305 3926; x_wconf 69' lang='grc' dir='ltr'>ἐκϐάλλεται.</span> <span class='ocrx_word' id='word_1_123' title='bbox 1339 3876 1436 3926; x_wconf 88' lang='grc' dir='ltr'>Διά</span> <span class='ocrx_word' id='word_1_124' title='bbox 1461 3874 1612 3926; x_wconf 76' lang='grc' dir='ltr'>τοῦτο</span> <span class='ocrx_word' id='word_1_125' title='bbox 1639 3877 1686 3925; x_wconf 89' lang='grc' dir='ltr'>οί</span> <span class='ocrx_word' id='word_1_126' title='bbox 1711 3876 1808 3944; x_wconf 79' lang='grc' dir='ltr'>μὲν</span> 
     </span>
    </p>
   </div>
   <div class='ocr_carea' id='block_1_20' title="bbox 272 3959 1808 4031">
    <p class='ocr_par' dir='ltr' id='par_1_20' title="bbox 272 3959 1808 4031">
     <span class='ocr_line' id='line_1_20' title="bbox 272 3959 1808 4031; baseline 0.002 -19"><span class='ocrx_word' id='word_1_127' title='bbox 272 3961 417 4030; x_wconf 78' lang='grc' dir='ltr'>φόϐῳ</span> <span class='ocrx_word' id='word_1_128' title='bbox 441 3961 533 4014; x_wconf 75' lang='grc' dir='ltr'>καὶ</span> <span class='ocrx_word' id='word_1_129' title='bbox 563 3959 706 4029; x_wconf 86' lang='grc' dir='ltr'>πόθῳ</span> <span class='ocrx_word' id='word_1_130' title='bbox 740 3959 1044 4030; x_wconf 83' lang='grc' dir='ltr'>προσιόντες</span> <span class='ocrx_word' id='word_1_131' title='bbox 1076 3960 1150 4029; x_wconf 85' lang='grc' dir='ltr'>τῷ</span> <span class='ocrx_word' id='word_1_132' title='bbox 1176 3961 1298 4030; x_wconf 84' lang='grc' dir='ltr'>θείῳ</span> <span class='ocrx_word' id='word_1_133' title='bbox 1339 3963 1505 4031; x_wconf 87' lang='grc' dir='ltr'>νόμῳ,</span> <span class='ocrx_word' id='word_1_134' title='bbox 1539 3961 1672 4030; x_wconf 86' lang='grc' dir='ltr'>μετά</span> <span class='ocrx_word' id='word_1_135' title='bbox 1703 3964 1808 4015; x_wconf 80' lang='grc' dir='ltr'>πά-</span> 
     </span>
    </p>
   </div>
   <div class='ocr_carea' id='block_1_21' title="bbox 272 4045 1807 4120">
    <p class='ocr_par' dir='ltr' id='par_1_21' title="bbox 272 4045 1807 4120">
     <span class='ocr_line' id='line_1_21' title="bbox 272 4045 1807 4120; baseline 0.001 -21"><span class='ocrx_word' id='word_1_136' title='bbox 272 4065 368 4117; x_wconf 86' lang='grc' dir='ltr'>σης</span> <span class='ocrx_word' id='word_1_137' title='bbox 393 4046 682 4116; x_wconf 75' lang='grc' dir='ltr'>εὐθύτητος</span> <span class='ocrx_word' id='word_1_138' title='bbox 711 4045 1040 4100; x_wconf 79' lang='grc' dir='ltr'>διδάσκονται</span> <span class='ocrx_word' id='word_1_139' title='bbox 1072 4048 1163 4099; x_wconf 79' lang='grc' dir='ltr'>καὶ</span> <span class='ocrx_word' id='word_1_140' title='bbox 1196 4049 1531 4114; x_wconf 75' lang='grc' dir='ltr'>φωτίζονται,</span> <span class='ocrx_word' id='word_1_141' title='bbox 1558 4048 1649 4102; x_wconf 70' lang='grc' dir='ltr'>καὶ</span> <span class='ocrx_word' id='word_1_142' title='bbox 1681 4049 1807 4120; x_wconf 78' lang='grc' dir='ltr'>παρ’</span> 
     </span>
    </p>
   </div>
   <div class='ocr_carea' id='block_1_22' title="bbox 270 4131 1805 4204">
    <p class='ocr_par' dir='ltr' id='par_1_22' title="bbox 270 4131 1805 4204">
     <span class='ocr_line' id='line_1_22' title="bbox 270 4131 1805 4204; baseline -0.001 -17"><span class='ocrx_word' id='word_1_143' title='bbox 270 4135 438 4204; x_wconf 83' lang='grc' dir='ltr'>αὐτῆς</span> <span class='ocrx_word' id='word_1_144' title='bbox 458 4133 556 4201; x_wconf 83' lang='grc' dir='ltr'>τῆς</span> <span class='ocrx_word' id='word_1_145' title='bbox 579 4131 828 4202; x_wconf 85' lang='grc' dir='ltr'>ἀληθείας</span> <span class='ocrx_word' id='word_1_146' title='bbox 853 4132 1017 4201; x_wconf 76' lang='grc' dir='ltr'>αὐτὴν</span> <span class='ocrx_word' id='word_1_147' title='bbox 1041 4133 1370 4186; x_wconf 82' lang='grc' dir='ltr'>παιδεύονται</span> <span class='ocrx_word' id='word_1_148' title='bbox 1393 4135 1490 4203; x_wconf 80' lang='grc' dir='ltr'>τὴν</span> <span class='ocrx_word' id='word_1_149' title='bbox 1511 4134 1805 4187; x_wconf 73' lang='grc' dir='ltr'>εὐσέϐειαν·</span> 
     </span>
    </p>
   </div>
   <div class='ocr_carea' id='block_1_23' title="bbox 271 4217 1809 4287">
    <p class='ocr_par' dir='ltr' id='par_1_23' title="bbox 271 4217 1809 4287">
     <span class='ocr_line' id='line_1_23' title="bbox 271 4217 1809 4287; baseline -0.003 -14"><span class='ocrx_word' id='word_1_150' title='bbox 271 4220 630 4273; x_wconf 75' lang='grc' dir='ltr'>ὑποπίπτουσι</span> <span class='ocrx_word' id='word_1_151' title='bbox 663 4218 769 4286; x_wconf 90' lang='grc' dir='ltr'>γάρ</span> <span class='ocrx_word' id='word_1_152' title='bbox 792 4217 921 4287; x_wconf 78' lang='grc' dir='ltr'>αὐτῇ</span> <span class='ocrx_word' id='word_1_153' title='bbox 952 4220 1015 4287; x_wconf 77' lang='grc' dir='ltr'>τῇ</span> <span class='ocrx_word' id='word_1_154' title='bbox 1049 4220 1193 4287; x_wconf 79' lang='grc' dir='ltr'>πηγῇ</span> <span class='ocrx_word' id='word_1_155' title='bbox 1226 4217 1323 4286; x_wconf 84' lang='grc' dir='ltr'>τῆς</span> <span class='ocrx_word' id='word_1_156' title='bbox 1348 4217 1613 4287; x_wconf 87' lang='grc' dir='ltr'>ἀληθείας,</span> <span class='ocrx_word' id='word_1_157' title='bbox 1640 4217 1809 4285; x_wconf 81' lang='grc' dir='ltr'>λέγον-</span> 
     </span>
    </p>
   </div>
   <div class='ocr_carea' id='block_1_24' title="bbox 268 4301 1808 4375">
    <p class='ocr_par' dir='ltr' id='par_1_24' title="bbox 268 4301 1808 4375">
     <span class='ocr_line' id='line_1_24' title="bbox 268 4301 1808 4375; baseline 0 -17"><span class='ocrx_word' id='word_1_158' title='bbox 268 4322 356 4369; x_wconf 86' lang='grc' dir='ltr'>τες</span> <span class='ocrx_word' id='word_1_159' title='bbox 374 4324 386 4338; x_wconf 88' lang='grc'><strong>·</strong></span> <span class='ocrx_word' id='word_1_160' title='bbox 431 4305 769 4375; x_wconf 70' lang='grc' dir='ltr'>Εὐλογητὸς</span> <span class='ocrx_word' id='word_1_161' title='bbox 792 4301 862 4367; x_wconf 80' lang='grc' dir='ltr'>εί,</span> <span class='ocrx_word' id='word_1_162' title='bbox 890 4307 1061 4372; x_wconf 81' lang='grc' dir='ltr'>Κύριε</span> <span class='ocrx_word' id='word_1_163' title='bbox 1080 4323 1091 4336; x_wconf 78' lang='grc'><em>’</em></span> <span class='ocrx_word' id='word_1_164' title='bbox 1115 4305 1359 4370; x_wconf 74' lang='grc' dir='ltr'>δίδαξον</span> <span class='ocrx_word' id='word_1_165' title='bbox 1376 4323 1451 4374; x_wconf 82' lang='grc' dir='ltr'>με</span> <span class='ocrx_word' id='word_1_166' title='bbox 1483 4307 1552 4360; x_wconf 84' lang='grc' dir='ltr'>τὰ</span> <span class='ocrx_word' id='word_1_167' title='bbox 1580 4305 1808 4359; x_wconf 77' lang='grc' dir='ltr'>δικαιώ-</span> 
     </span>
    </p>
   </div>
   <div class='ocr_carea' id='block_1_25' title="bbox 269 4389 1811 4461">
    <p class='ocr_par' dir='ltr' id='par_1_25' title="bbox 269 4389 1811 4461">
     <span class='ocr_line' id='line_1_25' title="bbox 269 4389 1811 4461; baseline -0.003 -14"><span class='ocrx_word' id='word_1_168' title='bbox 269 4397 420 4461; x_wconf 78' lang='grc' dir='ltr'>ματά</span> <span class='ocrx_word' id='word_1_169' title='bbox 450 4411 584 4447; x_wconf 90' lang='grc' dir='ltr'>σου.</span> <span class='ocrx_word' id='word_1_170' title='bbox 635 4391 768 4443; x_wconf 77' lang='grc' dir='ltr'>Ἀλλ’</span> <span class='ocrx_word' id='word_1_171' title='bbox 800 4392 848 4446; x_wconf 88' lang='grc' dir='ltr'>οί</span> <span class='ocrx_word' id='word_1_172' title='bbox 879 4391 973 4461; x_wconf 84' lang='grc' dir='ltr'>μὲν</span> <span class='ocrx_word' id='word_1_173' title='bbox 998 4392 1137 4458; x_wconf 83' lang='grc' dir='ltr'>ἆγιοι</span> <span class='ocrx_word' id='word_1_174' title='bbox 1167 4389 1335 4455; x_wconf 87' lang='grc' dir='ltr'>οῦτως</span> <span class='ocrx_word' id='word_1_175' title='bbox 1379 4392 1638 4455; x_wconf 78' lang='grc' dir='ltr'>εὐλαϐεῖς,</span> <span class='ocrx_word' id='word_1_176' title='bbox 1673 4393 1811 4445; x_wconf 78' lang='grc' dir='ltr'>οὕτω</span> 
     </span>
    </p>
   </div>
   <div class='ocr_carea' id='block_1_26' title="bbox 272 4475 1810 4547">
    <p class='ocr_par' dir='ltr' id='par_1_26' title="bbox 272 4475 1810 4547">
     <span class='ocr_line' id='line_1_26' title="bbox 272 4475 1810 4547; baseline -0.003 -16"><span class='ocrx_word' id='word_1_177' title='bbox 272 4479 527 4547; x_wconf 84' lang='grc' dir='ltr'>φιλόθεοι,</span> <span class='ocrx_word' id='word_1_178' title='bbox 584 4475 722 4529; x_wconf 78' lang='grc' dir='ltr'>οὕτω</span> <span class='ocrx_word' id='word_1_179' title='bbox 759 4479 884 4545; x_wconf 81' lang='grc' dir='ltr'>παρ’</span> <span class='ocrx_word' id='word_1_180' title='bbox 917 4476 1082 4543; x_wconf 84' lang='grc' dir='ltr'>αὐτῆς</span> <span class='ocrx_word' id='word_1_181' title='bbox 1129 4476 1294 4545; x_wconf 81' lang='grc' dir='ltr'>αὐτὴν</span> <span class='ocrx_word' id='word_1_182' title='bbox 1349 4477 1668 4544; x_wconf 85' lang='grc' dir='ltr'>μανθάνουσι</span> <span class='ocrx_word' id='word_1_183' title='bbox 1714 4475 1810 4545; x_wconf 85' lang='grc' dir='ltr'>τὴν</span> 
     </span>
    </p>
   </div>
   <div class='ocr_carea' id='block_1_27' title="bbox 271 4562 1811 4635">
    <p class='ocr_par' dir='ltr' id='par_1_27' title="bbox 271 4562 1811 4635">
     <span class='ocr_line' id='line_1_27' title="bbox 271 4562 1811 4635; baseline -0.003 -17"><span class='ocrx_word' id='word_1_184' title='bbox 271 4566 526 4635; x_wconf 79' lang='grc' dir='ltr'>ἀλήθειαν</span> <span class='ocrx_word' id='word_1_185' title='bbox 545 4579 558 4595; x_wconf 79' lang='grc' dir='ltr'><strong>ο</strong></span> <span class='ocrx_word' id='word_1_186' title='bbox 579 4566 626 4616; x_wconf 86' lang='grc' dir='ltr'>οί</span> <span class='ocrx_word' id='word_1_187' title='bbox 658 4563 713 4616; x_wconf 79' lang='grc' dir='ltr'>δὲ</span> <span class='ocrx_word' id='word_1_188' title='bbox 740 4563 838 4630; x_wconf 84' lang='grc' dir='ltr'>τῆς</span> <span class='ocrx_word' id='word_1_189' title='bbox 886 4562 1135 4632; x_wconf 81' lang='grc' dir='ltr'>ἀληθείας</span> <span class='ocrx_word' id='word_1_190' title='bbox 1177 4563 1376 4632; x_wconf 71' lang='grc' dir='ltr'>ἐχθροὶ,</span> <span class='ocrx_word' id='word_1_191' title='bbox 1410 4563 1604 4632; x_wconf 80' lang='grc' dir='ltr'>μᾶλλον</span> <span class='ocrx_word' id='word_1_192' title='bbox 1629 4563 1682 4614; x_wconf 81' lang='grc' dir='ltr'>δὲ</span> <span class='ocrx_word' id='word_1_193' title='bbox 1713 4563 1811 4630; x_wconf 76' lang='grc' dir='ltr'>τῆς</span> 
     </span>
    </p>
   </div>
   <div class='ocr_carea' id='block_1_28' title="bbox 273 4648 1811 4719">
    <p class='ocr_par' dir='ltr' id='par_1_28' title="bbox 273 4648 1811 4719">
     <span class='ocr_line' id='line_1_28' title="bbox 273 4648 1811 4719; baseline -0.004 -14"><span class='ocrx_word' id='word_1_194' title='bbox 273 4653 482 4707; x_wconf 73' lang='grc' dir='ltr'>ἑαυτῶν</span> <span class='ocrx_word' id='word_1_195' title='bbox 509 4649 651 4719; x_wconf 77' lang='grc' dir='ltr'>ζωῆς</span> <span class='ocrx_word' id='word_1_196' title='bbox 698 4650 951 4717; x_wconf 68' lang='grc' dir='ltr'>πολέμιοι,</span> <span class='ocrx_word' id='word_1_197' title='bbox 1013 4648 1322 4712; x_wconf 72' lang='grc' dir='ltr'>ἀλαζονείαν</span> <span class='ocrx_word' id='word_1_198' title='bbox 1357 4650 1447 4700; x_wconf 72' lang='grc' dir='ltr'>καὶ</span> <span class='ocrx_word' id='word_1_199' title='bbox 1497 4649 1660 4715; x_wconf 84' lang='grc' dir='ltr'>τῦφον</span> <span class='ocrx_word' id='word_1_200' title='bbox 1713 4649 1811 4717; x_wconf 76' lang='grc' dir='ltr'>τῆς</span> 
     </span>
    </p>
   </div>
   <div class='ocr_carea' id='block_1_29' title="bbox 274 4735 1811 4806">
    <p class='ocr_par' dir='ltr' id='par_1_29' title="bbox 274 4735 1811 4806">
     <span class='ocr_line' id='line_1_29' title="bbox 274 4735 1811 4806; baseline -0.005 -14"><span class='ocrx_word' id='word_1_201' title='bbox 274 4739 570 4806; x_wconf 75' lang='grc' dir='ltr'>ἁπλότητος</span> <span class='ocrx_word' id='word_1_202' title='bbox 603 4738 1042 4806; x_wconf 81' lang='grc' dir='ltr'>προτιμήσαντες,</span> <span class='ocrx_word' id='word_1_203' title='bbox 1071 4735 1366 4804; x_wconf 80' lang='grc' dir='ltr'>τυραννικῷ</span> <span class='ocrx_word' id='word_1_204' title='bbox 1396 4737 1626 4803; x_wconf 83' lang='grc' dir='ltr'>σχήματι</span> <span class='ocrx_word' id='word_1_205' title='bbox 1648 4751 1811 4803; x_wconf 88' lang='grc' dir='ltr'>προσ-</span> 
     </span>
    </p>
   </div>
   <div class='ocr_carea' id='block_1_30' title="bbox 275 4819 1813 4895">
    <p class='ocr_par' dir='ltr' id='par_1_30' title="bbox 275 4819 1813 4895">
     <span class='ocr_line' id='line_1_30' title="bbox 275 4819 1813 4895; baseline -0.005 -18"><span class='ocrx_word' id='word_1_206' title='bbox 275 4826 523 4895; x_wconf 73' lang='grc' dir='ltr'>έρχονται</span> <span class='ocrx_word' id='word_1_207' title='bbox 548 4822 624 4889; x_wconf 84' lang='grc' dir='ltr'>τῷ</span> <span class='ocrx_word' id='word_1_208' title='bbox 645 4821 741 4890; x_wconf 79' lang='grc' dir='ltr'>τῆς</span> <span class='ocrx_word' id='word_1_209' title='bbox 769 4819 1042 4880; x_wconf 66' lang='grc' dir='ltr'>εὐσεϐείαις</span> <span class='ocrx_word' id='word_1_210' title='bbox 1069 4819 1384 4887; x_wconf 76' lang='grc' dir='ltr'>διδασκάλῳ.</span> <span class='ocrx_word' id='word_1_211' title='bbox 1417 4823 1477 4871; x_wconf 82' lang='grc' dir='ltr'><strong>Ὃ</strong></span> <span class='ocrx_word' id='word_1_212' title='bbox 1498 4820 1559 4888; x_wconf 78' lang='grc' dir='ltr'>δὴ</span> <span class='ocrx_word' id='word_1_213' title='bbox 1589 4819 1813 4888; x_wconf 85' lang='grc' dir='ltr'>πεποιὴ-</span> 
     </span>
    </p>
   </div>
   <div class='ocr_carea' id='block_1_31' title="bbox 276 4904 1813 4973">
    <p class='ocr_par' dir='ltr' id='par_1_31' title="bbox 276 4904 1813 4973">
     <span class='ocr_line' id='line_1_31' title="bbox 276 4904 1813 4973; baseline -0.004 -11"><span class='ocrx_word' id='word_1_214' title='bbox 276 4926 400 4962; x_wconf 76' lang='grc' dir='ltr'>κασι</span> <span class='ocrx_word' id='word_1_215' title='bbox 430 4907 526 4961; x_wconf 69' lang='grc' dir='ltr'>καὶ</span> <span class='ocrx_word' id='word_1_216' title='bbox 563 4906 822 4958; x_wconf 81' lang='grc' dir='ltr'>Ἰουδαίων</span> <span class='ocrx_word' id='word_1_217' title='bbox 870 4905 1070 4966; x_wconf 85' lang='grc' dir='ltr'>παῖδες,</span> <span class='ocrx_word' id='word_1_218' title='bbox 1101 4905 1172 4966; x_wconf 78' lang='grc' dir='ltr'>ὡς</span> <span class='ocrx_word' id='word_1_219' title='bbox 1205 4905 1399 4973; x_wconf 83' lang='grc' dir='ltr'>ἀρτίως</span> <span class='ocrx_word' id='word_1_220' title='bbox 1432 4907 1494 4956; x_wconf 78' lang='grc' dir='ltr'>ἐκ</span> <span class='ocrx_word' id='word_1_221' title='bbox 1526 4904 1630 4956; x_wconf 85' lang='grc' dir='ltr'>τῶν</span> <span class='ocrx_word' id='word_1_222' title='bbox 1654 4906 1813 4972; x_wconf 80' lang='grc' dir='ltr'>εὐαγ-</span> 
     </span>
    </p>
   </div>
   <div class='ocr_carea' id='block_1_32' title="bbox 277 4989 1811 5062">
    <p class='ocr_par' dir='ltr' id='par_1_32' title="bbox 277 4989 1811 5062">
     <span class='ocr_line' id='line_1_32' title="bbox 277 4989 1811 5062; baseline -0.013 -15"><span class='ocrx_word' id='word_1_223' title='bbox 277 4995 506 5062; x_wconf 83' lang='grc' dir='ltr'>γελικῶν</span> <span class='ocrx_word' id='word_1_224' title='bbox 525 4991 692 5058; x_wconf 89' lang='grc' dir='ltr'>λόγων</span> <span class='ocrx_word' id='word_1_225' title='bbox 720 4990 1002 5059; x_wconf 84' lang='grc' dir='ltr'>ἀκηκόατε.</span> <span class='ocrx_word' id='word_1_226' title='bbox 1050 4989 1135 5058; x_wconf 86' lang='grc' dir='ltr'>Τῷ</span> <span class='ocrx_word' id='word_1_227' title='bbox 1169 4989 1274 5058; x_wconf 71' lang='grc' dir='ltr'>γὰρ</span> <span class='ocrx_word' id='word_1_228' title='bbox 1310 4989 1493 5057; x_wconf 81' lang='grc' dir='ltr'>Κυρίῳ</span> <span class='ocrx_word' id='word_1_229' title='bbox 1521 4989 1673 5057; x_wconf 72' lang='grc' dir='ltr'>ἡμῶν</span> <span class='ocrx_word' id='word_1_230' title='bbox 1710 4989 1811 5057; x_wconf 78' lang='grc' dir='ltr'>ἰη-</span> 
     </span>
    </p>
   </div>
   <div class='ocr_carea' id='block_1_33' title="bbox 280 5073 1811 5146">
    <p class='ocr_par' dir='ltr' id='par_1_33' title="bbox 280 5073 1811 5146">
     <span class='ocr_line' id='line_1_33' title="bbox 280 5073 1811 5146; baseline -0.005 -14"><span class='ocrx_word' id='word_1_231' title='bbox 280 5080 388 5138; x_wconf 80' lang='grc' dir='ltr'>σοῦ.</span> <span class='ocrx_word' id='word_1_232' title='bbox 413 5077 492 5146; x_wconf 85' lang='grc' dir='ltr'>τῷ</span> <span class='ocrx_word' id='word_1_233' title='bbox 524 5075 726 5144; x_wconf 86' lang='grc' dir='ltr'>βασιλεί</span> <span class='ocrx_word' id='word_1_234' title='bbox 750 5077 852 5125; x_wconf 85' lang='grc' dir='ltr'>τῶν</span> <span class='ocrx_word' id='word_1_235' title='bbox 881 5075 1064 5141; x_wconf 82' lang='grc' dir='ltr'>ἁγίων,</span> <span class='ocrx_word' id='word_1_236' title='bbox 1091 5074 1464 5142; x_wconf 75' lang='grc' dir='ltr'>ἐνδιατρίϐοντι</span> <span class='ocrx_word' id='word_1_237' title='bbox 1487 5074 1543 5123; x_wconf 83' lang='grc' dir='ltr'>ἐν</span> <span class='ocrx_word' id='word_1_238' title='bbox 1575 5073 1650 5142; x_wconf 84' lang='grc' dir='ltr'>τῷ</span> <span class='ocrx_word' id='word_1_239' title='bbox 1681 5074 1811 5142; x_wconf 81' lang='grc' dir='ltr'>ναῷ,</span> 
     </span>
    </p>
   </div>
   <div class='ocr_carea' id='block_1_34' title="bbox 281 5159 1814 5236">
    <p class='ocr_par' dir='ltr' id='par_1_34' title="bbox 281 5159 1814 5236">
     <span class='ocr_line' id='line_1_34' title="bbox 281 5159 1814 5236; baseline -0.005 -18"><span class='ocrx_word' id='word_1_240' title='bbox 281 5167 662 5236; x_wconf 76' lang='grc' dir='ltr'>προσέρχονται</span> <span class='ocrx_word' id='word_1_241' title='bbox 684 5162 738 5212; x_wconf 81' lang='grc' dir='ltr'>ὲν</span> <span class='ocrx_word' id='word_1_242' title='bbox 766 5159 907 5227; x_wconf 79' lang='grc' dir='ltr'>αὑτῴ</span> <span class='ocrx_word' id='word_1_243' title='bbox 933 5159 1007 5227; x_wconf 83' lang='grc' dir='ltr'>τῷ</span> <span class='ocrx_word' id='word_1_244' title='bbox 1039 5159 1167 5228; x_wconf 78' lang='grc' dir='ltr'>ναῷ,</span> <span class='ocrx_word' id='word_1_245' title='bbox 1199 5163 1256 5212; x_wconf 74' lang='grc' dir='ltr'>οὐ</span> <span class='ocrx_word' id='word_1_246' title='bbox 1293 5161 1425 5228; x_wconf 86' lang='grc' dir='ltr'>μετά</span> <span class='ocrx_word' id='word_1_247' title='bbox 1450 5159 1541 5210; x_wconf 87' lang='grc' dir='ltr'>τοῦ</span> <span class='ocrx_word' id='word_1_248' title='bbox 1583 5161 1814 5226; x_wconf 79' lang='grc' dir='ltr'>πρέπον-</span> 
     </span>
    </p>
   </div>
   <div class='ocr_carea' id='block_1_35' title="bbox 277 5244 1814 5319">
    <p class='ocr_par' dir='ltr' id='par_1_35' title="bbox 277 5244 1814 5319">
     <span class='ocr_line' id='line_1_35' title="bbox 277 5244 1814 5319; baseline -0.018 -4"><span class='ocrx_word' id='word_1_249' title='bbox 277 5268 364 5314; x_wconf 82' lang='grc' dir='ltr'>τος</span> <span class='ocrx_word' id='word_1_250' title='bbox 408 5251 572 5319; x_wconf 75' lang='grc' dir='ltr'>φόῦου</span> <span class='ocrx_word' id='word_1_251' title='bbox 598 5287 612 5309; x_wconf 85' lang='grc'><strong>.</strong></span> <span class='ocrx_word' id='word_1_252' title='bbox 646 5248 740 5316; x_wconf 70' lang='grc' dir='ltr'>οὐχ</span> <span class='ocrx_word' id='word_1_253' title='bbox 773 5244 917 5317; x_wconf 69' lang='grc'>[418]</span> <span class='ocrx_word' id='word_1_254' title='bbox 950 5245 1022 5305; x_wconf 85' lang='grc' dir='ltr'>ὼς</span> <span class='ocrx_word' id='word_1_255' title='bbox 1073 5245 1270 5297; x_wconf 72' lang='grc' dir='ltr'>οἰκέται</span> <span class='ocrx_word' id='word_1_256' title='bbox 1306 5245 1532 5314; x_wconf 77' lang='grc' dir='ltr'>δεσπότῃ</span> <span class='ocrx_word' id='word_1_257' title='bbox 1559 5286 1570 5306; x_wconf 92' lang='grc'>,</span> <span class='ocrx_word' id='word_1_258' title='bbox 1608 5245 1702 5313; x_wconf 73' lang='grc' dir='ltr'>οὐχ</span> <span class='ocrx_word' id='word_1_259' title='bbox 1741 5245 1814 5309; x_wconf 76' lang='grc' dir='ltr'>ὡς</span> 
     </span>
    </p>
   </div>
   <div class='ocr_carea' id='block_1_36' title="bbox 280 5328 1810 5405">
    <p class='ocr_par' dir='ltr' id='par_1_36' title="bbox 280 5328 1810 5405">
     <span class='ocr_line' id='line_1_36' title="bbox 280 5328 1810 5405; baseline -0.003 -17"><span class='ocrx_word' id='word_1_260' title='bbox 280 5336 550 5405; x_wconf 79' lang='grc' dir='ltr'>ἀνθρωττοι</span> <span class='ocrx_word' id='word_1_261' title='bbox 598 5333 731 5398; x_wconf 86' lang='grc' dir='ltr'>Θεῷ,</span> <span class='ocrx_word' id='word_1_262' title='bbox 793 5329 896 5382; x_wconf 79' lang='grc' dir='ltr'>ἀλλ’</span> <span class='ocrx_word' id='word_1_263' title='bbox 931 5328 1045 5380; x_wconf 79' lang='grc' dir='ltr'>οὐδὲ</span> <span class='ocrx_word' id='word_1_264' title='bbox 1084 5329 1155 5390; x_wconf 83' lang='grc' dir='ltr'>ὡς</span> <span class='ocrx_word' id='word_1_265' title='bbox 1205 5329 1435 5398; x_wconf 71' lang='grc' dir='ltr'>μαθηταὶ</span> <span class='ocrx_word' id='word_1_266' title='bbox 1496 5330 1810 5399; x_wconf 73' lang='grc' dir='ltr'>διδασκάλῳ.</span> 
     </span>
    </p>
   </div>
   <div class='ocr_carea' id='block_1_37' title="bbox 293 5413 1816 5490">
    <p class='ocr_par' dir='ltr' id='par_1_37' title="bbox 293 5413 1816 5490">
     <span class='ocr_line' id='line_1_37' title="bbox 293 5413 1816 5490; baseline -0.009 -20"><span class='ocrx_word' id='word_1_267' title='bbox 293 5420 502 5490; x_wconf 71' lang='grc' dir='ltr'>Ἐχθροὶ</span> <span class='ocrx_word' id='word_1_268' title='bbox 539 5418 632 5486; x_wconf 86' lang='grc' dir='ltr'>τῆς</span> <span class='ocrx_word' id='word_1_269' title='bbox 667 5414 934 5483; x_wconf 73' lang='grc' dir='ltr'>ἀληθείας,</span> <span class='ocrx_word' id='word_1_270' title='bbox 964 5413 1052 5464; x_wconf 77' lang='grc' dir='ltr'>καὶ</span> <span class='ocrx_word' id='word_1_271' title='bbox 1081 5413 1305 5481; x_wconf 68' lang='grc' dir='ltr'>θηραταί</span> <span class='ocrx_word' id='word_1_272' title='bbox 1331 5415 1541 5478; x_wconf 70' lang='grc' dir='ltr'>κακίας,</span> <span class='ocrx_word' id='word_1_273' title='bbox 1577 5417 1670 5485; x_wconf 80' lang='grc' dir='ltr'>τὴν</span> <span class='ocrx_word' id='word_1_274' title='bbox 1701 5419 1816 5468; x_wconf 79' lang='grc' dir='ltr'>ἐαυ.</span> 
     </span>
    </p>
   </div>
   <div class='ocr_carea' id='block_1_38' title="bbox 281 5496 1814 5569">
    <p class='ocr_par' dir='ltr' id='par_1_38' title="bbox 281 5496 1814 5569">
     <span class='ocr_line' id='line_1_38' title="bbox 281 5496 1814 5569; baseline -0.001 -14"><span class='ocrx_word' id='word_1_275' title='bbox 281 5502 382 5555; x_wconf 81' lang='grc' dir='ltr'>τῶν</span> <span class='ocrx_word' id='word_1_276' title='bbox 414 5501 801 5568; x_wconf 72' lang='grc' dir='ltr'>ἐνδεικνύμενοι</span> <span class='ocrx_word' id='word_1_277' title='bbox 833 5496 1110 5565; x_wconf 82' lang='grc' dir='ltr'>πονηρίαν,</span> <span class='ocrx_word' id='word_1_278' title='bbox 1151 5499 1419 5566; x_wconf 79' lang='grc' dir='ltr'>λογισμοῖς</span> <span class='ocrx_word' id='word_1_279' title='bbox 1464 5500 1814 5569; x_wconf 74' lang='grc' dir='ltr'>ἀνθρωπίνοις</span> 
     </span>
    </p>
   </div>
   <div class='ocr_carea' id='block_1_39' title="bbox 284 5579 1810 5658">
    <p class='ocr_par' dir='ltr' id='par_1_39' title="bbox 284 5579 1810 5658">
     <span class='ocr_line' id='line_1_39' title="bbox 284 5579 1810 5658; baseline 0 -20"><span class='ocrx_word' id='word_1_280' title='bbox 284 5587 572 5658; x_wconf 69' lang='grc' dir='ltr'>ἐπειρῶντο</span> <span class='ocrx_word' id='word_1_281' title='bbox 604 5583 951 5654; x_wconf 79' lang='grc' dir='ltr'>περιγράφειν</span> <span class='ocrx_word' id='word_1_282' title='bbox 983 5579 1077 5647; x_wconf 79' lang='grc' dir='ltr'>τὴν</span> <span class='ocrx_word' id='word_1_283' title='bbox 1098 5582 1281 5646; x_wconf 74' lang='grc' dir='ltr'>σοφίαν</span> <span class='ocrx_word' id='word_1_284' title='bbox 1307 5583 1401 5650; x_wconf 81' lang='grc' dir='ltr'>τὴν</span> <span class='ocrx_word' id='word_1_285' title='bbox 1430 5584 1528 5635; x_wconf 89' lang='grc' dir='ltr'>ὑπε</span> <span class='ocrx_word' id='word_1_286' title='bbox 1541 5585 1810 5652; x_wconf 80' lang='grc' dir='ltr'>ρκόσμιον.</span> 
     </span>
    </p>
   </div>
   <div class='ocr_carea' id='block_1_40' title="bbox 284 5663 1814 5744">
    <p class='ocr_par' dir='ltr' id='par_1_40' title="bbox 284 5663 1814 5744">
     <span class='ocr_line' id='line_1_40' title="bbox 284 5663 1814 5744; baseline -0.003 -19"><span class='ocrx_word' id='word_1_287' title='bbox 284 5670 636 5744; x_wconf 70' lang='grc' dir='ltr'>Προσῆλθον</span> <span class='ocrx_word' id='word_1_288' title='bbox 661 5668 786 5737; x_wconf 76' lang='grc' dir='ltr'>γὰρ,</span> <span class='ocrx_word' id='word_1_289' title='bbox 815 5665 976 5735; x_wconf 72' lang='grc' dir='ltr'>φησὶν</span> <span class='ocrx_word' id='word_1_290' title='bbox 999 5703 1015 5728; x_wconf 94' lang='grc'>,</span> <span class='ocrx_word' id='word_1_291' title='bbox 1045 5664 1111 5717; x_wconf 81' lang='grc' dir='ltr'>ἐν</span> <span class='ocrx_word' id='word_1_292' title='bbox 1149 5663 1225 5728; x_wconf 78' lang='grc' dir='ltr'>τῷ</span> <span class='ocrx_word' id='word_1_293' title='bbox 1247 5666 1374 5731; x_wconf 79' lang='grc' dir='ltr'>ιερῴ</span> <span class='ocrx_word' id='word_1_294' title='bbox 1406 5668 1483 5731; x_wconf 80' lang='grc' dir='ltr'>τῷ</span> <span class='ocrx_word' id='word_1_295' title='bbox 1533 5671 1720 5734; x_wconf 77' lang='grc' dir='ltr'>Ἰησοῦ</span> <span class='ocrx_word' id='word_1_296' title='bbox 1763 5673 1814 5723; x_wconf 77' lang='grc' dir='ltr'>οι</span> 
     </span>
    </p>
   </div>
   <div class='ocr_carea' id='block_1_41' title="bbox 1912 3021 3457 3096">
    <p class='ocr_par' dir='ltr' id='par_1_41' title="bbox 1912 3021 3457 3096">
     <span class='ocr_line' id='line_1_41' title="bbox 1912 3021 3457 3096; baseline 0.006 -23"><span class='ocrx_word' id='word_1_297' title='bbox 1912 3021 2084 3089; x_wconf 67' lang='grc' dir='ltr'>ἱερεῖς</span> <span class='ocrx_word' id='word_1_298' title='bbox 2107 3024 2198 3076; x_wconf 78' lang='grc' dir='ltr'>καί</span> <span class='ocrx_word' id='word_1_299' title='bbox 2228 3027 2282 3076; x_wconf 85' lang='grc' dir='ltr'>οι</span> <span class='ocrx_word' id='word_1_300' title='bbox 2306 3027 2683 3093; x_wconf 78' lang='grc' dir='ltr'>πρεσϐύτεροι</span> <span class='ocrx_word' id='word_1_301' title='bbox 2709 3026 2810 3081; x_wconf 81' lang='grc' dir='ltr'>τοῦ</span> <span class='ocrx_word' id='word_1_302' title='bbox 2827 3027 2978 3081; x_wconf 69' lang='grc' dir='ltr'>,λαοῦ</span> <span class='ocrx_word' id='word_1_303' title='bbox 3003 3029 3277 3096; x_wconf 72' lang='grc' dir='ltr'>λέγοντες</span> <span class='ocrx_word' id='word_1_304' title='bbox 3293 3043 3308 3062; x_wconf 77' lang='grc'><strong><em>⁸</em></strong></span> <span class='ocrx_word' id='word_1_305' title='bbox 3353 3031 3457 3086; x_wconf 78' lang='grc' dir='ltr'><em>Ἔν</em></span> 
     </span>
    </p>
   </div>
   <div class='ocr_carea' id='block_1_42' title="bbox 1909 3107 3453 3177">
    <p class='ocr_par' dir='ltr' id='par_1_42' title="bbox 1909 3107 3453 3177">
     <span class='ocr_line' id='line_1_42' title="bbox 1909 3107 3453 3177; baseline 0.007 -20"><span class='ocrx_word' id='word_1_306' title='bbox 1909 3107 2050 3174; x_wconf 78' lang='grc' dir='ltr'>ποίᾳ</span> <span class='ocrx_word' id='word_1_307' title='bbox 2093 3108 2340 3175; x_wconf 73' lang='grc' dir='ltr'>ἐξουσίᾳ</span> <span class='ocrx_word' id='word_1_308' title='bbox 2375 3109 2556 3162; x_wconf 81' lang='grc' dir='ltr'>ταῦτα</span> <span class='ocrx_word' id='word_1_309' title='bbox 2580 3111 2808 3176; x_wconf 74' lang='grc' dir='ltr'>ποιεῖςς</span> <span class='ocrx_word' id='word_1_310' title='bbox 2849 3113 2945 3164; x_wconf 72' lang='grc' dir='ltr'>καὶ</span> <span class='ocrx_word' id='word_1_311' title='bbox 2991 3115 3079 3177; x_wconf 81' lang='grc' dir='ltr'>τίς</span> <span class='ocrx_word' id='word_1_312' title='bbox 3125 3131 3220 3166; x_wconf 84' lang='grc' dir='ltr'>σοι</span> <span class='ocrx_word' id='word_1_313' title='bbox 3270 3114 3453 3168; x_wconf 74' lang='grc' dir='ltr'>ἔδωκε</span> 
     </span>
    </p>
   </div>
   <div class='ocr_carea' id='block_1_43' title="bbox 1909 3191 3454 3267">
    <p class='ocr_par' dir='ltr' id='par_1_43' title="bbox 1909 3191 3454 3267">
     <span class='ocr_line' id='line_1_43' title="bbox 1909 3191 3454 3267; baseline 0.008 -26"><span class='ocrx_word' id='word_1_314' title='bbox 1909 3191 2022 3257; x_wconf 78' lang='grc' dir='ltr'>τὴν</span> <span class='ocrx_word' id='word_1_315' title='bbox 2044 3191 2331 3253; x_wconf 78' lang='grc' dir='ltr'>ἐξουσίαν</span> <span class='ocrx_word' id='word_1_316' title='bbox 2359 3195 2614 3260; x_wconf 62' lang='lat' dir='ltr'>tamur;</span> <span class='ocrx_word' id='word_1_317' title='bbox 2647 3197 2708 3246; x_wconf 87' lang='grc' dir='ltr'>Ὣ</span> <span class='ocrx_word' id='word_1_318' title='bbox 2733 3198 2828 3264; x_wconf 86' lang='grc' dir='ltr'>τῆς</span> <span class='ocrx_word' id='word_1_319' title='bbox 2856 3198 3054 3265; x_wconf 81' lang='grc' dir='ltr'>ἀφόϐου</span> <span class='ocrx_word' id='word_1_320' title='bbox 3085 3199 3330 3267; x_wconf 79' lang='grc' dir='ltr'>καρδίαςί</span> <span class='ocrx_word' id='word_1_321' title='bbox 3355 3201 3454 3253; x_wconf 72' lang='grc' dir='ltr'>ὅσα</span> 
     </span>
    </p>
   </div>
   <div class='ocr_carea' id='block_1_44' title="bbox 1908 3275 3448 3353">
    <p class='ocr_par' dir='ltr' id='par_1_44' title="bbox 1908 3275 3448 3353">
     <span class='ocr_line' id='line_1_44' title="bbox 1908 3275 3448 3353; baseline 0.006 -27"><span class='ocrx_word' id='word_1_322' title='bbox 1908 3275 2104 3346; x_wconf 78' lang='grc' dir='ltr'>τολμᾷι</span> <span class='ocrx_word' id='word_1_323' title='bbox 2132 3277 2228 3329; x_wconf 78' lang='grc' dir='ltr'>ὅσα</span> <span class='ocrx_word' id='word_1_324' title='bbox 2255 3278 2570 3346; x_wconf 74' lang='grc' dir='ltr'>φθέγγεταιί</span> <span class='ocrx_word' id='word_1_325' title='bbox 2597 3281 2695 3332; x_wconf 85' lang='grc' dir='ltr'>ὅσα</span> <span class='ocrx_word' id='word_1_326' title='bbox 2719 3280 2849 3349; x_wconf 78' lang='grc' dir='ltr'>πρὸς</span> <span class='ocrx_word' id='word_1_327' title='bbox 2874 3281 3182 3344; x_wconf 80' lang='grc' dir='ltr'>ἀλαζονείαν</span> <span class='ocrx_word' id='word_1_328' title='bbox 3213 3284 3448 3353; x_wconf 78' lang='grc' dir='ltr'>αῐρεταιί</span> 
     </span>
    </p>
   </div>
   <div class='ocr_carea' id='block_1_45' title="bbox 1912 3361 3453 3438">
    <p class='ocr_par' dir='ltr' id='par_1_45' title="bbox 1912 3361 3453 3438">
     <span class='ocr_line' id='line_1_45' title="bbox 1912 3361 3453 3438; baseline 0.006 -26"><span class='ocrx_word' id='word_1_329' title='bbox 1912 3361 1974 3412; x_wconf 80' lang='grc' dir='ltr'>’Ὠ</span> <span class='ocrx_word' id='word_1_330' title='bbox 2008 3362 2106 3430; x_wconf 79' lang='grc' dir='ltr'>τῆς</span> <span class='ocrx_word' id='word_1_331' title='bbox 2132 3363 2237 3414; x_wconf 82' lang='grc' dir='ltr'>τῶν</span> <span class='ocrx_word' id='word_1_332' title='bbox 2279 3362 2524 3432; x_wconf 85' lang='grc' dir='ltr'>πονηρῶν</span> <span class='ocrx_word' id='word_1_333' title='bbox 2573 3365 2790 3427; x_wconf 81' lang='grc' dir='ltr'>ἀνοίαςῐ</span> <span class='ocrx_word' id='word_1_334' title='bbox 2844 3365 2889 3416; x_wconf 82' lang='grc' dir='ltr'><strong>ὣ</strong></span> <span class='ocrx_word' id='word_1_335' title='bbox 2937 3367 3034 3434; x_wconf 79' lang='grc' dir='ltr'>τῆς</span> <span class='ocrx_word' id='word_1_336' title='bbox 3073 3367 3162 3419; x_wconf 89' lang='grc' dir='ltr'>τοῦ</span> <span class='ocrx_word' id='word_1_337' title='bbox 3209 3369 3453 3438; x_wconf 76' lang='grc' dir='ltr'>Σωτῆρος</span> 
     </span>
    </p>
   </div>
   <div class='ocr_carea' id='block_1_46' title="bbox 1907 3446 3451 3520">
    <p class='ocr_par' dir='ltr' id='par_1_46' title="bbox 1907 3446 3451 3520">
     <span class='ocr_line' id='line_1_46' title="bbox 1907 3446 3451 3520; baseline 0.005 -23"><span class='ocrx_word' id='word_1_338' title='bbox 1907 3446 2275 3510; x_wconf 77' lang='grc' dir='ltr'>ἀνεξικακίαςί</span> <span class='ocrx_word' id='word_1_339' title='bbox 2310 3447 2594 3515; x_wconf 63' lang='grc' dir='ltr'>Φθέγγεται</span> <span class='ocrx_word' id='word_1_340' title='bbox 2618 3449 2836 3500; x_wconf 85' lang='grc' dir='ltr'>τοιαῦτα</span> <span class='ocrx_word' id='word_1_341' title='bbox 2869 3449 3052 3518; x_wconf 80' lang='grc' dir='ltr'>πηλὸς,</span> <span class='ocrx_word' id='word_1_342' title='bbox 3085 3452 3176 3502; x_wconf 75' lang='grc' dir='ltr'>καὶ</span> <span class='ocrx_word' id='word_1_343' title='bbox 3208 3452 3451 3520; x_wconf 79' lang='grc' dir='ltr'>ἀνέχεται</span> 
     </span>
    </p>
   </div>
   <div class='ocr_carea' id='block_1_47' title="bbox 1907 3531 3450 3604">
    <p class='ocr_par' dir='ltr' id='par_1_47' title="bbox 1907 3531 3450 3604">
     <span class='ocr_line' id='line_1_47' title="bbox 1907 3531 3450 3604; baseline 0.003 -20"><span class='ocrx_word' id='word_1_344' title='bbox 1907 3534 1936 3584; x_wconf 91' lang='lat'>6</span> <span class='ocrx_word' id='word_1_345' title='bbox 1963 3531 2202 3602; x_wconf 81' lang='grc' dir='ltr'>πλάστης</span> <span class='ocrx_word' id='word_1_346' title='bbox 2221 3547 2234 3561; x_wconf 79' lang='lat'><strong><em>°</em></strong></span> <span class='ocrx_word' id='word_1_347' title='bbox 2264 3533 2542 3602; x_wconf 67' lang='grc' dir='ltr'>ἐπαίρεται</span> <span class='ocrx_word' id='word_1_348' title='bbox 2567 3534 2705 3586; x_wconf 90' lang='grc' dir='ltr'>κατά</span> <span class='ocrx_word' id='word_1_349' title='bbox 2740 3533 2831 3585; x_wconf 86' lang='grc' dir='ltr'>τοῦ</span> <span class='ocrx_word' id='word_1_350' title='bbox 2864 3535 3191 3604; x_wconf 82' lang='grc' dir='ltr'>δημιουργοῦ</span> <span class='ocrx_word' id='word_1_351' title='bbox 3227 3536 3284 3588; x_wconf 83' lang='grc' dir='ltr'>τὺ</span> <span class='ocrx_word' id='word_1_352' title='bbox 3314 3536 3450 3588; x_wconf 78' lang='grc' dir='ltr'>πλά-</span> 
     </span>
    </p>
   </div>
   <div class='ocr_carea' id='block_1_48' title="bbox 1910 3619 3452 3690">
    <p class='ocr_par' dir='ltr' id='par_1_48' title="bbox 1910 3619 3452 3690">
     <span class='ocr_line' id='line_1_48' title="bbox 1910 3619 3452 3690; baseline 0.003 -19"><span class='ocrx_word' id='word_1_353' title='bbox 1910 3635 2040 3688; x_wconf 89' lang='grc' dir='ltr'>σμα,</span> <span class='ocrx_word' id='word_1_354' title='bbox 2071 3621 2162 3672; x_wconf 74' lang='grc' dir='ltr'>καὶ</span> <span class='ocrx_word' id='word_1_355' title='bbox 2182 3619 2486 3682; x_wconf 81' lang='grc' dir='ltr'>ἀνεξικακεῐ</span> <span class='ocrx_word' id='word_1_356' title='bbox 2513 3622 2540 3672; x_wconf 92' lang='lat'>6</span> <span class='ocrx_word' id='word_1_357' title='bbox 2573 3621 2861 3690; x_wconf 80' lang='grc' dir='ltr'>εὐεργέτης</span> <span class='ocrx_word' id='word_1_358' title='bbox 2893 3623 2920 3672; x_wconf 88' lang='lat'>6</span> <span class='ocrx_word' id='word_1_359' title='bbox 2941 3620 3224 3684; x_wconf 87' lang='grc' dir='ltr'>ἀνεύθυνος</span> <span class='ocrx_word' id='word_1_360' title='bbox 3247 3638 3259 3651; x_wconf 72' lang='grc'><strong>⁸</strong></span> <span class='ocrx_word' id='word_1_361' title='bbox 3292 3624 3452 3675; x_wconf 83' lang='grc' dir='ltr'>ἀπαι-</span> 
     </span>
    </p>
   </div>
   <div class='ocr_carea' id='block_1_49' title="bbox 1907 3703 3451 3775">
    <p class='ocr_par' dir='ltr' id='par_1_49' title="bbox 1907 3703 3451 3775">
     <span class='ocr_line' id='line_1_49' title="bbox 1907 3703 3451 3775; baseline 0.004 -21"><span class='ocrx_word' id='word_1_362' title='bbox 1907 3703 2056 3755; x_wconf 88' lang='grc' dir='ltr'>τοῦσι</span> <span class='ocrx_word' id='word_1_363' title='bbox 2081 3703 2233 3769; x_wconf 85' lang='grc' dir='ltr'>λόγον</span> <span class='ocrx_word' id='word_1_364' title='bbox 2261 3704 2407 3772; x_wconf 84' lang='grc' dir='ltr'>παρά</span> <span class='ocrx_word' id='word_1_365' title='bbox 2428 3703 2517 3756; x_wconf 91' lang='grc' dir='ltr'>τοῦ</span> <span class='ocrx_word' id='word_1_366' title='bbox 2551 3704 2683 3756; x_wconf 91' lang='grc' dir='ltr'>Θεοῦ</span> <span class='ocrx_word' id='word_1_367' title='bbox 2715 3706 2906 3772; x_wconf 85' lang='grc' dir='ltr'>Λόγου,</span> <span class='ocrx_word' id='word_1_368' title='bbox 2951 3706 3040 3758; x_wconf 71' lang='grc' dir='ltr'>καὶ</span> <span class='ocrx_word' id='word_1_369' title='bbox 3078 3706 3174 3775; x_wconf 75' lang='grc' dir='ltr'>τὴν</span> <span class='ocrx_word' id='word_1_370' title='bbox 3209 3709 3451 3771; x_wconf 78' lang='grc' dir='ltr'>ἐξουσίαν</span> 
     </span>
    </p>
   </div>
   <div class='ocr_carea' id='block_1_50' title="bbox 1910 3791 3452 3862">
    <p class='ocr_par' dir='ltr' id='par_1_50' title="bbox 1910 3791 3452 3862">
     <span class='ocr_line' id='line_1_50' title="bbox 1910 3791 3452 3862; baseline 0.004 -21"><span class='ocrx_word' id='word_1_371' title='bbox 1910 3791 2437 3860; x_wconf 86' lang='grc' dir='ltr'>πολυπραγμονοῦσι,</span> <span class='ocrx_word' id='word_1_372' title='bbox 2472 3791 2570 3860; x_wconf 78' lang='grc' dir='ltr'>τὴν</span> <span class='ocrx_word' id='word_1_373' title='bbox 2603 3793 2841 3861; x_wconf 67' lang='grc' dir='ltr'>κορυφὴν</span> <span class='ocrx_word' id='word_1_374' title='bbox 2873 3793 2968 3862; x_wconf 81' lang='grc' dir='ltr'>τῆς</span> <span class='ocrx_word' id='word_1_375' title='bbox 3017 3794 3308 3856; x_wconf 75' lang='grc' dir='ltr'>αὐθεντίας.</span> <span class='ocrx_word' id='word_1_376' title='bbox 3363 3797 3452 3849; x_wconf 80' lang='grc' dir='ltr'>Εἴ-</span> 
     </span>
    </p>
   </div>
   <div class='ocr_carea' id='block_1_51' title="bbox 1911 3875 3452 3950">
    <p class='ocr_par' dir='ltr' id='par_1_51' title="bbox 1911 3875 3452 3950">
     <span class='ocr_line' id='line_1_51' title="bbox 1911 3875 3452 3950; baseline 0.004 -22"><span class='ocrx_word' id='word_1_377' title='bbox 1911 3893 2095 3943; x_wconf 86' lang='grc' dir='ltr'>πωμεν</span> <span class='ocrx_word' id='word_1_378' title='bbox 2123 3875 2383 3944; x_wconf 80' lang='grc' dir='ltr'>εὐκαίρως</span> <span class='ocrx_word' id='word_1_379' title='bbox 2406 3876 2494 3927; x_wconf 75' lang='grc' dir='ltr'>καὶ</span> <span class='ocrx_word' id='word_1_380' title='bbox 2521 3878 2676 3944; x_wconf 80' lang='grc' dir='ltr'>ἡμεῖς</span> <span class='ocrx_word' id='word_1_381' title='bbox 2701 3877 2767 3928; x_wconf 88' lang='grc' dir='ltr'>τά</span> <span class='ocrx_word' id='word_1_382' title='bbox 2797 3877 2888 3928; x_wconf 88' lang='grc' dir='ltr'>τοῦ</span> <span class='ocrx_word' id='word_1_383' title='bbox 2924 3878 3084 3946; x_wconf 78' lang='grc' dir='ltr'>σοφοῦ</span> <span class='ocrx_word' id='word_1_384' title='bbox 3109 3895 3121 3909; x_wconf 76' lang='grc' dir='ltr'><strong><em>ο</em></strong></span> <span class='ocrx_word' id='word_1_385' title='bbox 3155 3875 3222 3931; x_wconf 84' lang='grc' dir='ltr'><strong><em>Ὦ</em></strong></span> <span class='ocrx_word' id='word_1_386' title='bbox 3250 3881 3452 3950; x_wconf 85' lang='grc' dir='ltr'>ἀνθρω-</span> 
     </span>
    </p>
   </div>
   <div class='ocr_carea' id='block_1_52' title="bbox 1910 3960 3449 4037">
    <p class='ocr_par' dir='ltr' id='par_1_52' title="bbox 1910 3960 3449 4037">
     <span class='ocr_line' id='line_1_52' title="bbox 1910 3960 3449 4037; baseline 0.003 -21"><span class='ocrx_word' id='word_1_387' title='bbox 1910 3981 1996 4024; x_wconf 86' lang='grc' dir='ltr'>πε,</span> <span class='ocrx_word' id='word_1_388' title='bbox 2025 3963 2089 4016; x_wconf 88' lang='grc' dir='ltr'>Τί</span> <span class='ocrx_word' id='word_1_389' title='bbox 2109 3960 2442 4022; x_wconf 73' lang='grc' dir='ltr'>ἀλαζονεύει</span> <span class='ocrx_word' id='word_1_390' title='bbox 2470 3963 2544 4032; x_wconf 72' lang='grc' dir='ltr'>γῆ</span> <span class='ocrx_word' id='word_1_391' title='bbox 2567 3965 2662 4019; x_wconf 81' lang='grc' dir='ltr'>καί</span> <span class='ocrx_word' id='word_1_392' title='bbox 2688 3965 2939 4030; x_wconf 79' lang='grc' dir='ltr'>σποδός;</span> <span class='ocrx_word' id='word_1_393' title='bbox 2969 3966 3097 4018; x_wconf 79' lang='grc' dir='ltr'>Θεὸν</span> <span class='ocrx_word' id='word_1_394' title='bbox 3117 3968 3339 4037; x_wconf 77' lang='grc' dir='ltr'>ἐρωτᾷς,</span> <span class='ocrx_word' id='word_1_395' title='bbox 3357 3970 3449 4022; x_wconf 77' lang='grc' dir='ltr'>καὶ</span> 
     </span>
    </p>
   </div>
   <div class='ocr_carea' id='block_1_53' title="bbox 1909 4050 3448 4122">
    <p class='ocr_par' dir='ltr' id='par_1_53' title="bbox 1909 4050 3448 4122">
     <span class='ocr_line' id='line_1_53' title="bbox 1909 4050 3448 4122; baseline 0.003 -20"><span class='ocrx_word' id='word_1_396' title='bbox 1909 4051 2062 4116; x_wconf 89' lang='grc' dir='ltr'>λόγον</span> <span class='ocrx_word' id='word_1_397' title='bbox 2094 4051 2334 4112; x_wconf 80' lang='grc' dir='ltr'>ἀπαιτεῖς</span> <span class='ocrx_word' id='word_1_398' title='bbox 2366 4052 2490 4120; x_wconf 82' lang='grc' dir='ltr'>παρ’</span> <span class='ocrx_word' id='word_1_399' title='bbox 2519 4050 2679 4102; x_wconf 77' lang='grc' dir='ltr'>αὐτοῦ</span> <span class='ocrx_word' id='word_1_400' title='bbox 2702 4052 2806 4104; x_wconf 83' lang='grc' dir='ltr'>τῶν</span> <span class='ocrx_word' id='word_1_401' title='bbox 2831 4052 2971 4104; x_wconf 81' lang='grc' dir='ltr'>ἰδίων</span> <span class='ocrx_word' id='word_1_402' title='bbox 2992 4053 3183 4122; x_wconf 77' lang='grc' dir='ltr'>ἔργων,</span> <span class='ocrx_word' id='word_1_403' title='bbox 3218 4055 3308 4106; x_wconf 72' lang='grc' dir='ltr'>καὶ</span> <span class='ocrx_word' id='word_1_404' title='bbox 3331 4055 3448 4106; x_wconf 72' lang='grc' dir='ltr'>τολο</span> 
     </span>
    </p>
   </div>
   <div class='ocr_carea' id='block_1_54' title="bbox 1915 4133 3450 4205">
    <p class='ocr_par' dir='ltr' id='par_1_54' title="bbox 1915 4133 3450 4205">
     <span class='ocr_line' id='line_1_54' title="bbox 1915 4133 3450 4205; baseline 0.005 -20"><span class='ocrx_word' id='word_1_405' title='bbox 1915 4136 2017 4205; x_wconf 81' lang='grc' dir='ltr'>μᾷς</span> <span class='ocrx_word' id='word_1_406' title='bbox 2053 4133 2229 4200; x_wconf 84' lang='grc' dir='ltr'>λέγειν</span> <span class='ocrx_word' id='word_1_407' title='bbox 2277 4135 2409 4205; x_wconf 76' lang='grc' dir='ltr'>πρὸς</span> <span class='ocrx_word' id='word_1_408' title='bbox 2458 4136 2554 4204; x_wconf 76' lang='grc' dir='ltr'>τὴν</span> <span class='ocrx_word' id='word_1_409' title='bbox 2599 4135 2959 4205; x_wconf 85' lang='grc' dir='ltr'>ύπερκόσμιον</span> <span class='ocrx_word' id='word_1_410' title='bbox 3016 4137 3294 4201; x_wconf 78' lang='grc' dir='ltr'>ἐξουσίαν’</span> <span class='ocrx_word' id='word_1_411' title='bbox 3349 4141 3450 4192; x_wconf 78' lang='grc' dir='ltr'><em>Ἐν</em></span> 
     </span>
    </p>
   </div>
   <div class='ocr_carea' id='block_1_55' title="bbox 1913 4217 3449 4286">
    <p class='ocr_par' dir='ltr' id='par_1_55' title="bbox 1913 4217 3449 4286">
     <span class='ocr_line' id='line_1_55' title="bbox 1913 4217 3449 4286; baseline 0.004 -15"><span class='ocrx_word' id='word_1_412' title='bbox 1913 4221 2050 4284; x_wconf 76' lang='grc' dir='ltr'>ποίᾳ</span> <span class='ocrx_word' id='word_1_413' title='bbox 2099 4219 2342 4286; x_wconf 77' lang='grc' dir='ltr'>ἐξουσίᾳ</span> <span class='ocrx_word' id='word_1_414' title='bbox 2371 4219 2551 4272; x_wconf 82' lang='grc' dir='ltr'>ταῦτα</span> <span class='ocrx_word' id='word_1_415' title='bbox 2579 4219 2798 4282; x_wconf 80' lang='grc' dir='ltr'>ποιε7ς;</span> <span class='ocrx_word' id='word_1_416' title='bbox 2830 4217 2978 4272; x_wconf 77' lang='grc' dir='ltr'>Διατί</span> <span class='ocrx_word' id='word_1_417' title='bbox 3026 4221 3080 4273; x_wconf 85' lang='grc' dir='ltr'>δὲ</span> <span class='ocrx_word' id='word_1_418' title='bbox 3117 4223 3249 4284; x_wconf 85' lang='grc' dir='ltr'>ὅλως</span> <span class='ocrx_word' id='word_1_419' title='bbox 3294 4224 3449 4277; x_wconf 74' lang='grc' dir='ltr'>αὑτὸν</span> 
     </span>
    </p>
   </div>
   <div class='ocr_carea' id='block_1_56' title="bbox 1911 4301 3449 4374">
    <p class='ocr_par' dir='ltr' id='par_1_56' title="bbox 1911 4301 3449 4374">
     <span class='ocr_line' id='line_1_56' title="bbox 1911 4301 3449 4374; baseline 0.001 -18"><span class='ocrx_word' id='word_1_420' title='bbox 1911 4305 2134 4374; x_wconf 70' lang='grc' dir='ltr'>ἐρωτᾷς,</span> <span class='ocrx_word' id='word_1_421' title='bbox 2194 4305 2284 4355; x_wconf 69' lang='grc' dir='ltr'>καὶ</span> <span class='ocrx_word' id='word_1_422' title='bbox 2315 4304 2410 4355; x_wconf 88' lang='grc' dir='ltr'>οὐκ</span> <span class='ocrx_word' id='word_1_423' title='bbox 2469 4303 2637 4371; x_wconf 80' lang='grc' dir='ltr'>αὐτὴν</span> <span class='ocrx_word' id='word_1_424' title='bbox 2695 4301 2790 4372; x_wconf 77' lang='grc' dir='ltr'>τὴν</span> <span class='ocrx_word' id='word_1_425' title='bbox 2847 4304 3178 4372; x_wconf 81' lang='grc' dir='ltr'>πραγμάτων</span> <span class='ocrx_word' id='word_1_426' title='bbox 3227 4305 3449 4373; x_wconf 84' lang='grc' dir='ltr'>δύναμιν</span> 
     </span>
    </p>
   </div>
   <div class='ocr_carea' id='block_1_57' title="bbox 1909 4388 3446 4460">
    <p class='ocr_par' dir='ltr' id='par_1_57' title="bbox 1909 4388 3446 4460">
     <span class='ocr_line' id='line_1_57' title="bbox 1909 4388 3446 4460; baseline 0 -19"><span class='ocrx_word' id='word_1_427' title='bbox 1909 4391 2160 4459; x_wconf 78' lang='grc' dir='ltr'>ὲρευνᾷς;</span> <span class='ocrx_word' id='word_1_428' title='bbox 2197 4389 2470 4441; x_wconf 73' lang='grc' dir='ltr'>Ἐεέτασον</span> <span class='ocrx_word' id='word_1_429' title='bbox 2499 4389 2655 4450; x_wconf 81' lang='grc' dir='ltr'>αὐτὸς</span> <span class='ocrx_word' id='word_1_430' title='bbox 2677 4388 2910 4456; x_wconf 85' lang='grc' dir='ltr'>ἀκριϐῶς</span> <span class='ocrx_word' id='word_1_431' title='bbox 2940 4391 2995 4440; x_wconf 82' lang='grc' dir='ltr'>ὲν</span> <span class='ocrx_word' id='word_1_432' title='bbox 3017 4389 3092 4457; x_wconf 82' lang='grc' dir='ltr'>τῷ</span> <span class='ocrx_word' id='word_1_433' title='bbox 3115 4391 3332 4460; x_wconf 82' lang='grc' dir='ltr'>κρυπτῷ</span> <span class='ocrx_word' id='word_1_434' title='bbox 3353 4392 3446 4459; x_wconf 75' lang='grc' dir='ltr'>τῆς</span> 
     </span>
    </p>
   </div>
   <div class='ocr_carea' id='block_1_58' title="bbox 1909 4476 3446 4548">
    <p class='ocr_par' dir='ltr' id='par_1_58' title="bbox 1909 4476 3446 4548">
     <span class='ocr_line' id='line_1_58' title="bbox 1909 4476 3446 4548; baseline -0.002 -18"><span class='ocrx_word' id='word_1_435' title='bbox 1909 4479 2080 4548; x_wconf 74' lang='grc' dir='ltr'>ψυχῆς</span> <span class='ocrx_word' id='word_1_436' title='bbox 2109 4479 2484 4547; x_wconf 82' lang='grc' dir='ltr'>βουλευτηρίῳ,</span> <span class='ocrx_word' id='word_1_437' title='bbox 2513 4477 2609 4546; x_wconf 77' lang='grc' dir='ltr'>τὴν</span> <span class='ocrx_word' id='word_1_438' title='bbox 2635 4476 2740 4528; x_wconf 86' lang='grc' dir='ltr'>τῶν</span> <span class='ocrx_word' id='word_1_439' title='bbox 2772 4477 3106 4545; x_wconf 85' lang='grc' dir='ltr'>πραγμάτων</span> <span class='ocrx_word' id='word_1_440' title='bbox 3141 4477 3296 4544; x_wconf 79' lang='grc' dir='ltr'>φύσιν</span> <span class='ocrx_word' id='word_1_441' title='bbox 3327 4479 3446 4528; x_wconf 85' lang='grc' dir='ltr'>ὲπι-</span> 
     </span>
    </p>
   </div>
   <div class='ocr_carea' id='block_1_59' title="bbox 1913 4563 3445 4634">
    <p class='ocr_par' dir='ltr' id='par_1_59' title="bbox 1913 4563 3445 4634">
     <span class='ocr_line' id='line_1_59' title="bbox 1913 4563 3445 4634; baseline -0.002 -16"><span class='ocrx_word' id='word_1_442' title='bbox 1913 4566 2262 4634; x_wconf 80' lang='grc' dir='ltr'>σκεψάμενος,</span> <span class='ocrx_word' id='word_1_443' title='bbox 2301 4567 2348 4616; x_wconf 86' lang='grc' dir='ltr'>εί</span> <span class='ocrx_word' id='word_1_444' title='bbox 2403 4563 2740 4632; x_wconf 86' lang='grc' dir='ltr'>ἀνθρωπίνης</span> <span class='ocrx_word' id='word_1_445' title='bbox 2790 4564 2930 4614; x_wconf 70' lang='grc' dir='ltr'>ἐστὶν</span> <span class='ocrx_word' id='word_1_446' title='bbox 2958 4563 3160 4625; x_wconf 79' lang='grc' dir='ltr'>ἐννοίας</span> <span class='ocrx_word' id='word_1_447' title='bbox 3207 4563 3274 4615; x_wconf 87' lang='grc' dir='ltr'>τά</span> <span class='ocrx_word' id='word_1_448' title='bbox 3303 4563 3445 4629; x_wconf 86' lang='grc' dir='ltr'>γινό-</span> 
     </span>
    </p>
   </div>
   <div class='ocr_carea' id='block_1_60' title="bbox 1915 4647 3446 4718">
    <p class='ocr_par' dir='ltr' id='par_1_60' title="bbox 1915 4647 3446 4718">
     <span class='ocr_line' id='line_1_60' title="bbox 1915 4647 3446 4718; baseline 0 -16"><span class='ocrx_word' id='word_1_449' title='bbox 1915 4668 2068 4718; x_wconf 88' lang='grc' dir='ltr'>μενα,</span> <span class='ocrx_word' id='word_1_450' title='bbox 2091 4651 2121 4718; x_wconf 83' lang='grc' dir='ltr'>ἢ</span> <span class='ocrx_word' id='word_1_451' title='bbox 2145 4649 2290 4708; x_wconf 82' lang='grc' dir='ltr'>θείας</span> <span class='ocrx_word' id='word_1_452' title='bbox 2320 4648 2596 4711; x_wconf 82' lang='grc' dir='ltr'>αὐθεντίας</span> <span class='ocrx_word' id='word_1_453' title='bbox 2621 4648 2686 4700; x_wconf 90' lang='grc' dir='ltr'>τά</span> <span class='ocrx_word' id='word_1_454' title='bbox 2709 4649 2785 4718; x_wconf 82' lang='grc' dir='ltr'>τῷ</span> <span class='ocrx_word' id='word_1_455' title='bbox 2813 4647 2995 4718; x_wconf 76' lang='grc' dir='ltr'>Κυρίῳ</span> <span class='ocrx_word' id='word_1_456' title='bbox 3028 4648 3446 4718; x_wconf 85' lang='grc' dir='ltr'>κατορθούμενα.</span> 
     </span>
    </p>
   </div>
   <div class='ocr_carea' id='block_1_61' title="bbox 1925 4733 3446 4804">
    <p class='ocr_par' dir='ltr' id='par_1_61' title="bbox 1925 4733 3446 4804">
     <span class='ocr_line' id='line_1_61' title="bbox 1925 4733 3446 4804; baseline -0.001 -17"><span class='ocrx_word' id='word_1_457' title='bbox 1925 4735 2219 4804; x_wconf 82' lang='grc' dir='ltr'>Ἐρὼτησυν</span> <span class='ocrx_word' id='word_1_458' title='bbox 2248 4735 2340 4786; x_wconf 73' lang='grc' dir='ltr'>καὶ</span> <span class='ocrx_word' id='word_1_459' title='bbox 2388 4733 2594 4796; x_wconf 73' lang='grc' dir='ltr'>φύσεως</span> <span class='ocrx_word' id='word_1_460' title='bbox 2627 4735 2840 4801; x_wconf 89' lang='grc' dir='ltr'>νόμους,</span> <span class='ocrx_word' id='word_1_461' title='bbox 2882 4734 2973 4785; x_wconf 76' lang='grc' dir='ltr'>καὶ</span> <span class='ocrx_word' id='word_1_462' title='bbox 3004 4733 3241 4796; x_wconf 78' lang='grc' dir='ltr'>ἐξουσίας</span> <span class='ocrx_word' id='word_1_463' title='bbox 3270 4735 3446 4802; x_wconf 83' lang='grc' dir='ltr'>ὄρους,</span> 
     </span>
    </p>
   </div>
   <div class='ocr_carea' id='block_1_62' title="bbox 1913 4819 3446 4888">
    <p class='ocr_par' dir='ltr' id='par_1_62' title="bbox 1913 4819 3446 4888">
     <span class='ocr_line' id='line_1_62' title="bbox 1913 4819 3446 4888; baseline 0 -16"><span class='ocrx_word' id='word_1_464' title='bbox 1913 4823 2004 4872; x_wconf 89' lang='grc' dir='ltr'>καί</span> <span class='ocrx_word' id='word_1_465' title='bbox 2033 4820 2299 4888; x_wconf 81' lang='grc' dir='ltr'>λογισμῶν</span> <span class='ocrx_word' id='word_1_466' title='bbox 2333 4819 2664 4883; x_wconf 85' lang='grc' dir='ltr'>ἀκολουθίαν,</span> <span class='ocrx_word' id='word_1_467' title='bbox 2703 4821 2827 4872; x_wconf 87' lang='grc' dir='ltr'>ποία</span> <span class='ocrx_word' id='word_1_468' title='bbox 2857 4819 3067 4882; x_wconf 79' lang='grc' dir='ltr'>ἐξουσία</span> <span class='ocrx_word' id='word_1_469' title='bbox 3109 4819 3323 4871; x_wconf 80' lang='grc' dir='ltr'>δύναται</span> <span class='ocrx_word' id='word_1_470' title='bbox 3365 4837 3446 4872; x_wconf 80' lang='grc' dir='ltr'>νε-</span> 
     </span>
    </p>
   </div>
   <div class='ocr_carea' id='block_1_63' title="bbox 1914 4903 3446 4975">
    <p class='ocr_par' dir='ltr' id='par_1_63' title="bbox 1914 4903 3446 4975">
     <span class='ocr_line' id='line_1_63' title="bbox 1914 4903 3446 4975; baseline -0.003 -17"><span class='ocrx_word' id='word_1_471' title='bbox 1914 4906 2075 4975; x_wconf 82' lang='grc' dir='ltr'>κροὺς</span> <span class='ocrx_word' id='word_1_472' title='bbox 2100 4906 2320 4973; x_wconf 75' lang='grc' dir='ltr'>ἐγεῖραι,</span> <span class='ocrx_word' id='word_1_473' title='bbox 2339 4905 2431 4956; x_wconf 87' lang='grc' dir='ltr'>ἀνθ</span> <span class='ocrx_word' id='word_1_474' title='bbox 2441 4904 2630 4973; x_wconf 84' lang='grc' dir='ltr'>ρώπων</span> <span class='ocrx_word' id='word_1_475' title='bbox 2647 4905 2676 4972; x_wconf 81' lang='grc' dir='ltr'>ἢ</span> <span class='ocrx_word' id='word_1_476' title='bbox 2693 4904 2823 4956; x_wconf 89' lang='grc' dir='ltr'>Θεοῦ</span> <span class='ocrx_word' id='word_1_477' title='bbox 2843 4920 2856 4966; x_wconf 89' lang='grc'><strong>;</strong></span> <span class='ocrx_word' id='word_1_478' title='bbox 2880 4903 2969 4964; x_wconf 84' lang='grc' dir='ltr'>Τίς</span> <span class='ocrx_word' id='word_1_479' title='bbox 2990 4903 3205 4956; x_wconf 80' lang='grc' dir='ltr'>δύναται</span> <span class='ocrx_word' id='word_1_480' title='bbox 3219 4903 3446 4973; x_wconf 76' lang='grc' dir='ltr'>λεπροὺς</span> 
     </span>
    </p>
   </div>
   <div class='ocr_carea' id='block_1_64' title="bbox 1915 4988 3445 5060">
    <p class='ocr_par' dir='ltr' id='par_1_64' title="bbox 1915 4988 3445 5060">
     <span class='ocr_line' id='line_1_64' title="bbox 1915 4988 3445 5060; baseline -0.001 -18"><span class='ocrx_word' id='word_1_481' title='bbox 1915 4990 2207 5060; x_wconf 84' lang='grc' dir='ltr'>καθαίρειν,</span> <span class='ocrx_word' id='word_1_482' title='bbox 2237 4990 2328 5042; x_wconf 77' lang='grc' dir='ltr'>καὶ</span> <span class='ocrx_word' id='word_1_483' title='bbox 2357 4990 2539 5050; x_wconf 87' lang='grc' dir='ltr'>νόσους</span> <span class='ocrx_word' id='word_1_484' title='bbox 2564 4988 2897 5050; x_wconf 87' lang='grc' dir='ltr'>ἀπελαύνειν,</span> <span class='ocrx_word' id='word_1_485' title='bbox 2937 4989 3028 5039; x_wconf 79' lang='grc' dir='ltr'>καὶ</span> <span class='ocrx_word' id='word_1_486' title='bbox 3063 4989 3236 5041; x_wconf 81' lang='grc' dir='ltr'>πᾶσαν</span> <span class='ocrx_word' id='word_1_487' title='bbox 3263 4989 3445 5058; x_wconf 81' lang='grc' dir='ltr'>ψυχῶν</span> 
     </span>
    </p>
   </div>
   <div class='ocr_carea' id='block_1_65' title="bbox 1913 5071 3442 5146">
    <p class='ocr_par' dir='ltr' id='par_1_65' title="bbox 1913 5071 3442 5146">
     <span class='ocr_line' id='line_1_65' title="bbox 1913 5071 3442 5146; baseline -0.002 -17"><span class='ocrx_word' id='word_1_488' title='bbox 1913 5078 2006 5129; x_wconf 73' lang='grc' dir='ltr'>καὶ</span> <span class='ocrx_word' id='word_1_489' title='bbox 2037 5077 2296 5145; x_wconf 88' lang='grc' dir='ltr'>σωμάτων</span> <span class='ocrx_word' id='word_1_490' title='bbox 2325 5077 2627 5146; x_wconf 73' lang='grc' dir='ltr'>ἀρρωστίαν</span> <span class='ocrx_word' id='word_1_491' title='bbox 2656 5074 2792 5142; x_wconf 85' lang='grc' dir='ltr'>λόγῳ</span> <span class='ocrx_word' id='word_1_492' title='bbox 2823 5075 2965 5144; x_wconf 85' lang='grc' dir='ltr'>μόνῳ</span> <span class='ocrx_word' id='word_1_493' title='bbox 2994 5073 3236 5138; x_wconf 72' lang='grc' dir='ltr'>ὃιὼκεινς</span> <span class='ocrx_word' id='word_1_494' title='bbox 3279 5071 3404 5126; x_wconf 78' lang='grc' dir='ltr'>Εἶτα</span> <span class='ocrx_word' id='word_1_495' title='bbox 3428 5114 3442 5134; x_wconf 89' lang='grc'>,</span> 
     </span>
    </p>
   </div>
   <div class='ocr_carea' id='block_1_66' title="bbox 1912 5159 3443 5230">
    <p class='ocr_par' dir='ltr' id='par_1_66' title="bbox 1912 5159 3443 5230">
     <span class='ocr_line' id='line_1_66' title="bbox 1912 5159 3443 5230; baseline -0.003 -16"><span class='ocrx_word' id='word_1_496' title='bbox 1912 5164 1994 5224; x_wconf 87' lang='grc' dir='ltr'>τίς</span> <span class='ocrx_word' id='word_1_497' title='bbox 2017 5162 2233 5214; x_wconf 81' lang='grc' dir='ltr'>δύναται</span> <span class='ocrx_word' id='word_1_498' title='bbox 2261 5163 2363 5212; x_wconf 84' lang='grc' dir='ltr'>ἀπὸ</span> <span class='ocrx_word' id='word_1_499' title='bbox 2395 5160 2562 5230; x_wconf 80' lang='grc' dir='ltr'>πηλοῦ</span> <span class='ocrx_word' id='word_1_500' title='bbox 2594 5159 2895 5226; x_wconf 77' lang='grc' dir='ltr'>ὀφθαλμοὺς</span> <span class='ocrx_word' id='word_1_501' title='bbox 2928 5159 3232 5224; x_wconf 82' lang='grc' dir='ltr'>διαπλάσαι,</span> <span class='ocrx_word' id='word_1_502' title='bbox 3257 5159 3384 5219; x_wconf 78' lang='grc' dir='ltr'>Θεὸς</span> <span class='ocrx_word' id='word_1_503' title='bbox 3411 5159 3443 5227; x_wconf 80' lang='grc' dir='ltr'>ἢ</span> 
     </span>
    </p>
   </div>
   <div class='ocr_carea' id='block_1_67' title="bbox 1914 5244 3448 5316">
    <p class='ocr_par' dir='ltr' id='par_1_67' title="bbox 1914 5244 3448 5316">
     <span class='ocr_line' id='line_1_67' title="bbox 1914 5244 3448 5316; baseline -0.005 -15"><span class='ocrx_word' id='word_1_504' title='bbox 1914 5250 2222 5316; x_wconf 82' lang='grc' dir='ltr'>ἀνθρωπυς;</span> <span class='ocrx_word' id='word_1_505' title='bbox 2251 5246 2398 5297; x_wconf 85' lang='grc' dir='ltr'>Διατί</span> <span class='ocrx_word' id='word_1_506' title='bbox 2448 5248 2519 5315; x_wconf 78' lang='grc' dir='ltr'>μὴ</span> <span class='ocrx_word' id='word_1_507' title='bbox 2545 5246 2640 5313; x_wconf 78' lang='grc' dir='ltr'>τὴν</span> <span class='ocrx_word' id='word_1_508' title='bbox 2672 5244 2830 5311; x_wconf 84' lang='grc' dir='ltr'>φύσιν</span> <span class='ocrx_word' id='word_1_509' title='bbox 2869 5245 3033 5312; x_wconf 79' lang='grc' dir='ltr'>αὐτὴν</span> <span class='ocrx_word' id='word_1_510' title='bbox 3061 5245 3168 5295; x_wconf 85' lang='grc' dir='ltr'>τῶν.</span> <span class='ocrx_word' id='word_1_511' title='bbox 3198 5247 3448 5312; x_wconf 80' lang='grc' dir='ltr'>πραγμά-</span> 
     </span>
    </p>
   </div>
   <div class='ocr_carea' id='block_1_68' title="bbox 1913 5330 3446 5402">
    <p class='ocr_par' dir='ltr' id='par_1_68' title="bbox 1913 5330 3446 5402">
     <span class='ocr_line' id='line_1_68' title="bbox 1913 5330 3446 5402; baseline -0.004 -15"><span class='ocrx_word' id='word_1_512' title='bbox 1913 5350 2017 5387; x_wconf 88' lang='grc' dir='ltr'>των</span> <span class='ocrx_word' id='word_1_513' title='bbox 2047 5333 2267 5402; x_wconf 77' lang='grc' dir='ltr'>ὲρωτᾷς,</span> <span class='ocrx_word' id='word_1_514' title='bbox 2302 5331 2432 5384; x_wconf 82' lang='grc' dir='ltr'>ἀλλά</span> <span class='ocrx_word' id='word_1_515' title='bbox 2467 5331 2599 5400; x_wconf 88' lang='grc' dir='ltr'>μετά</span> <span class='ocrx_word' id='word_1_516' title='bbox 2628 5331 2955 5400; x_wconf 85' lang='grc' dir='ltr'>θρασύτητος</span> <span class='ocrx_word' id='word_1_517' title='bbox 2985 5331 3073 5381; x_wconf 84' lang='grc' dir='ltr'>τὸν</span> <span class='ocrx_word' id='word_1_518' title='bbox 3102 5330 3330 5398; x_wconf 76' lang='grc' dir='ltr'>ἐργάτην</span> <span class='ocrx_word' id='word_1_519' title='bbox 3352 5347 3446 5381; x_wconf 86' lang='grc' dir='ltr'>πο·</span> 
     </span>
    </p>
   </div>
   <div class='ocr_carea' id='block_1_69' title="bbox 1915 5413 3447 5488">
    <p class='ocr_par' dir='ltr' id='par_1_69' title="bbox 1915 5413 3447 5488">
     <span class='ocr_line' id='line_1_69' title="bbox 1915 5413 3447 5488; baseline -0.003 -17"><span class='ocrx_word' id='word_1_520' title='bbox 1915 5420 2305 5488; x_wconf 79' lang='grc' dir='ltr'>λυπραγμονεϊς</span> <span class='ocrx_word' id='word_1_521' title='bbox 2356 5417 2561 5483; x_wconf 87' lang='grc' dir='ltr'>λέγων,</span> <span class='ocrx_word' id='word_1_522' title='bbox 2608 5418 2707 5469; x_wconf 80' lang='grc' dir='ltr'><em>Ἑν</em></span> <span class='ocrx_word' id='word_1_523' title='bbox 2757 5416 2892 5481; x_wconf 80' lang='grc' dir='ltr'>ποίᾳ</span> <span class='ocrx_word' id='word_1_524' title='bbox 2962 5414 3206 5479; x_wconf 81' lang='grc' dir='ltr'>ἐξουσίᾳ</span> <span class='ocrx_word' id='word_1_525' title='bbox 3267 5413 3447 5466; x_wconf 80' lang='grc' dir='ltr'>ταῦτα</span> 
     </span>
    </p>
   </div>
   <div class='ocr_carea' id='block_1_70' title="bbox 1919 5499 3448 5572">
    <p class='ocr_par' dir='ltr' id='par_1_70' title="bbox 1919 5499 3448 5572">
     <span class='ocr_line' id='line_1_70' title="bbox 1919 5499 3448 5572; baseline -0.003 -16"><span class='ocrx_word' id='word_1_526' title='bbox 1919 5505 2136 5566; x_wconf 74' lang='grc' dir='ltr'>ποιεῖς;</span> <span class='ocrx_word' id='word_1_527' title='bbox 2180 5502 2632 5572; x_wconf 82' lang='grc' dir='ltr'>Ἐπαναλαμϐάνω</span> <span class='ocrx_word' id='word_1_528' title='bbox 2657 5502 2764 5571; x_wconf 86' lang='grc' dir='ltr'>γὰρ</span> <span class='ocrx_word' id='word_1_529' title='bbox 2789 5502 2854 5554; x_wconf 90' lang='grc' dir='ltr'>τά</span> <span class='ocrx_word' id='word_1_530' title='bbox 2901 5501 3118 5570; x_wconf 76' lang='grc' dir='ltr'>ῥήματα</span> <span class='ocrx_word' id='word_1_531' title='bbox 3156 5499 3312 5549; x_wconf 78' lang='grc' dir='ltr'>πάλιν</span> <span class='ocrx_word' id='word_1_532' title='bbox 3343 5499 3448 5551; x_wconf 88' lang='grc' dir='ltr'>τῶν</span> 
     </span>
    </p>
   </div>
   <div class='ocr_carea' id='block_1_71' title="bbox 1920 5582 3449 5658">
    <p class='ocr_par' dir='ltr' id='par_1_71' title="bbox 1920 5582 3449 5658">
     <span class='ocr_line' id='line_1_71' title="bbox 1920 5582 3449 5658; baseline -0.003 -18"><span class='ocrx_word' id='word_1_533' title='bbox 1920 5591 1984 5641; x_wconf 73' lang='grc' dir='ltr'>τὰ</span> <span class='ocrx_word' id='word_1_534' title='bbox 2007 5590 2177 5640; x_wconf 87' lang='grc' dir='ltr'>πάντα</span> <span class='ocrx_word' id='word_1_535' title='bbox 2200 5589 2393 5658; x_wconf 77' lang='grc' dir='ltr'>ῥᾳδίως</span> <span class='ocrx_word' id='word_1_536' title='bbox 2419 5587 2752 5656; x_wconf 80' lang='grc' dir='ltr'>τολμώντων,</span> <span class='ocrx_word' id='word_1_537' title='bbox 2781 5585 2884 5636; x_wconf 85' lang='grc' dir='ltr'>τῶν</span> <span class='ocrx_word' id='word_1_538' title='bbox 2911 5582 3274 5637; x_wconf 87' lang='grc' dir='ltr'>ἀπαιτούντων</span> <span class='ocrx_word' id='word_1_539' title='bbox 3295 5584 3449 5650; x_wconf 86' lang='grc' dir='ltr'>λόγον</span> 
     </span>
    </p>
   </div>
   <div class='ocr_carea' id='block_1_72' title="bbox 1922 5670 3450 5742">
    <p class='ocr_par' dir='ltr' id='par_1_72' title="bbox 1922 5670 3450 5742">
     <span class='ocr_line' id='line_1_72' title="bbox 1922 5670 3450 5742; baseline -0.003 -15"><span class='ocrx_word' id='word_1_540' title='bbox 1922 5675 2008 5728; x_wconf 74' lang='grc' dir='ltr'>τὸν</span> <span class='ocrx_word' id='word_1_541' title='bbox 2035 5675 2122 5727; x_wconf 88' lang='grc' dir='ltr'>τοῦ</span> <span class='ocrx_word' id='word_1_542' title='bbox 2149 5672 2280 5728; x_wconf 76' lang='grc' dir='ltr'>Θεοῦ</span> <span class='ocrx_word' id='word_1_543' title='bbox 2311 5675 2494 5738; x_wconf 77' lang='grc' dir='ltr'>Λόγον,</span> <span class='ocrx_word' id='word_1_544' title='bbox 2529 5673 2618 5725; x_wconf 76' lang='grc' dir='ltr'>καὶ</span> <span class='ocrx_word' id='word_1_545' title='bbox 2648 5672 2997 5742; x_wconf 55' lang='grc' dir='ltr'>περιγράφειν</span> <span class='ocrx_word' id='word_1_546' title='bbox 3033 5670 3303 5738; x_wconf 74' lang='grc' dir='ltr'>λογισμοῖς</span> <span class='ocrx_word' id='word_1_547' title='bbox 3337 5672 3450 5723; x_wconf 71' lang='grc' dir='ltr'>ἐπι-</span> 
     </span>
    </p>
   </div>
  </div>
