4094 6492
592 498 908 574 χειρούντων
934 496 1023 549 τὸν
1048 494 1405 564 δρασσόμενον
1435 490 1555 550 τοὺς
1579 488 1777 574 σοφοὺς
1821 486 1877 537 ἐν
1908 486 1972 574 τῇ
2000 498 2131 534 παν-

595 568 785 654 ουργία
806 582 1001 636 αὐτῶν.
1028 582 1091 631 Ὢ
1112 579 1208 646 τῆς
1237 576 1413 637 ἀνοίας
1437 577 1450 627 ἰ
1482 572 1598 641 Θεῷ
1620 574 1776 639 Λόγῳ
1806 568 2133 639 προσάγουσι

599 652 789 737 πεῖραν
816 667 1003 731 λόγων,
1052 657 1096 729 ᾧ
1126 663 1273 715 πᾶσα
1306 660 1465 728 τέχνη
1499 657 1669 723 λόγων
1711 653 2013 737 εὐάλωτος,
2043 652 2135 737 καὶ

601 734 745 806 πᾶσα
772 748 1039 817 λογισμῶν
1068 744 1473 817 μεμελετημένη
1492 742 1682 809 πλοκή.
1705 738 1768 790 Τί
1798 739 1902 807 γὰρ
1931 734 2137 805 ἀνθρώ-

603 854 752 897 πίνος
786 834 953 903 ἰσχύει
985 834 1139 899 λόγος
1179 828 1310 899 πρὸς
1352 827 1480 879 Θεὸν
1516 825 1721 891 Λόγον;
1751 823 1804 874 τί
1842 823 1898 875 δέ
1928 838 2139 889 σεσοφι-

604 923 772 991 σμὲνη
799 918 962 973 κακία
984 916 1117 984 πρὸς
1150 913 1508 983 ὐπερκόσμιον
1538 909 1722 977 σοφίαν
1746 924 1761 973 ;

685 1008 777 1057 Ἐν
804 1005 938 1069 ποίᾳ
970 1001 1216 1067 ἐξουσίᾳ
1244 998 1422 1051 ταῦτα
1451 994 1668 1059 ποιεῒςς
1706 992 2005 1061 Ἐρὼτησον
2049 990 2139 1042 τὸν

606 1089 986 1159 παραλυτικὸν,
1014 1086 1097 1137 διὰ
1132 1084 1285 1144 ποίας
1326 1081 1567 1145 ἐξουσίας
1611 1080 1688 1139 εἰς
1720 1078 1880 1147 ῥῶσιν
1922 1074 2131 1127 ἀνακλί-

604 1190 783 1226 νεται·
842 1170 1107 1241 ἐρώτησον
1146 1168 1412 1235 θαύματα,
1470 1167 1561 1217 καὶ
1596 1162 1669 1231 μὴ
1708 1160 2140 1229 πολυπραγμόνει

604 1260 694 1311 τοῦ
749 1254 1140 1327 θαυματοποιοῦ
1183 1255 1278 1322 τὴν
1332 1251 1589 1317 ἐξουσίαν.
1644 1251 1755 1301 Οὐκ
1798 1249 2140 1316 ἀποκρίνεται

605 1348 731 1413 ὑμῖν
760 1347 793 1414 ἡ
841 1345 957 1397 θεία
1008 1344 1181 1411 χάρις,
1230 1340 1475 1405 ἀναξίους
1525 1336 1859 1405 ἀποκρίσεως
1889 1335 2140 1399 κρίνουσα

603 1435 728 1493 τοὺς
750 1431 930 1491 κακῶς
955 1427 1281 1498 ἐρωτῶντας.
1316 1424 1559 1486 Τοιοῦτος
1578 1424 1683 1493 γὰρ
1710 1415 1851 1475 δ’τοῦ
1884 1419 2015 1472 Θεοῦ
2043 1419 2141 1471 Λό-

604 1535 728 1583 γος⁹
759 1518 885 1569 ὃταν
936 1516 1017 1584 ῐδῃ
1071 1513 1243 1582 ψυχὴν
1293 1510 1505 1563 σκολιὰν
1550 1508 1642 1561 καὶ
1689 1505 2137 1575 διεστραμμένην,

603 1603 907 1654 ἀποσείεται
938 1599 1099 1668 αὐτὴν
1128 1599 1201 1659 ὡς
1231 1595 1449 1660 ἀναξίαν
1477 1593 1575 1663 τῆς
1605 1593 1838 1662 χάριτος,
1863 1588 2142 1643 καὶπολλὰ

606 1688 857 1749 πολλάκις
884 1683 1193 1747 σπουδάζων
1235 1680 1538 1751 μανθάνειν,
1570 1678 1823 1747 ἀλήθειαν
1860 1677 1918 1728 οὐ
1951 1675 2141 1744 τυγχάο

602 1791 683 1826 νει
719 1771 866 1842 παρά
890 1770 985 1838 τῆς
1031 1767 1299 1835 ἀληθείας.
1347 1764 1647 1835 Ἐρωτῶσιν
1693 1761 1923 1814 Ἰουδαῖοι
1950 1759 2142 1812 πολλά-

605 1877 709 1923 κις,
734 1860 826 1911 καὶ
844 1858 960 1910 οὐδὲ
990 1856 1132 1919 ἅπαξ
1166 1853 1538 1923 μανθάνουσιν,
1572 1850 1753 1920 ἐπειδὴ
1795 1850 1974 1910 κακῶς
2007 1849 2141 1917 ἐρω-

603 1945 779 1998 τῶσιν.
810 1944 897 2004 Εἰς
924 1939 1169 1993 τοσοῦτον
1196 1938 1370 1992 αὐτῶν
1402 1936 1499 1998 τάς
1528 1934 1700 2004 ψυχὰς
1727 1934 2035 1997 ἐϐασάνιζεν
2063 1934 2139 1995 εἰς

602 2030 789 2099 ὀδύνην
813 2030 845 2097 ἡ
874 2026 965 2080 τοῦ
988 2026 1227 2095 Σωτῆρος
1257 2025 1452 2092 σιωπὴ,
1477 2022 1549 2084 ὡς
1570 2022 1738 2074 εἰπεῖν
1758 2020 1875 2073 τότε
1900 2020 1958 2071 τὸ
1978 2036 2141 2087 πονη-

609 2115 697 2183 ρὸν
726 2116 895 2165 ἐκεῖνο
929 2112 1192 2180 συνέδριον
1213 2127 1225 2139 ·
1261 2110 1412 2173 Ἕως
1431 2109 1571 2160 πότε
1602 2106 1713 2172 τὴν
1740 2104 1947 2173 ψυχὴν
1975 2102 2142 2171 ἡμῶν

607 2200 996 2270 [419]αἵρεις;
1026 2201 1090 2251 Ei
1114 2196 1193 2250 σὺ
1224 2191 1279 2248 εἰ
1306 2198 1337 2247 ό
1364 2194 1625 2261 Χριστὸς,
1659 2191 1787 2245 εἰπὲ
1822 2190 1963 2259 ἡμῖν
1996 2191 2141 2257 παρ-

600 2289 804 2354 ρησίςι.
850 2286 983 2337 Ἀλλ’
1023 2283 1139 2335 οὐδέ
1179 2280 1310 2351 μετά
1347 2279 1546 2347 ταύτην
1594 2278 1773 2339 αὐτοῖς
1820 2276 1914 2346 τὴν
1964 2275 2141 2344 φωνήν

607 2372 952 2437 ἀποκρίνεται
974 2387 986 2401 ο
1021 2369 1222 2433 ἀνάξιοι
1245 2369 1351 2437 γὰρ
1373 2363 1507 2436 ἦσαν
1537 2364 1870 2434 ἀποκρίσεως
1893 2365 1939 2415 οἰ
1961 2362 2143 2424 κακῶς

608 2456 931 2525 ἐρωτῶντες.
971 2456 1033 2507 Τί
1072 2450 1161 2507 οὖν
1208 2452 1341 2521 πρὸς
1386 2452 1578 2511 αὐτοὺς
1609 2453 1637 2502 6
1684 2450 1907 2518 Σωτήρ;
1958 2444 2145 2500 Εἶπον

608 2542 765 2608 ὑμῖν,
789 2541 887 2593 καί
903 2542 1010 2593 οὐκ
1032 2540 1325 2605 ἠκούσατε
1343 2552 1357 2565 ο
1380 2537 1435 2588 τί
1454 2536 1637 2597 πάλιν
1661 2534 1859 2587 θέλετε
1874 2534 2143 2592 ἀκούειν;

616 2630 691 2681 Τὰ
711 2628 868 2695 ἔργα,
901 2627 938 2679 ἂ
965 2626 1077 2693 ἐγὼ
1113 2624 1286 2686 ποιῶ,
1315 2623 1497 2675 ταῦτα
1530 2619 1805 2689 μαρτυρεῖ
1826 2621 1953 2686 περὶ
1976 2617 2139 2686 ἐμοῦ.

619 2715 778 2785 Ὁρᾷς
804 2716 883 2766 ὅτι
923 2713 1161 2782 βούλεται
1188 2711 1255 2763 τά
1293 2711 1425 2780 ἔργα
1455 2707 1773 2777 ἐρωτᾶσθαι.
1813 2706 1905 2759 καὶ
1952 2705 2023 2774 μὴ
2048 2702 2144 2774 τὴν

610 2799 850 2865 ἐξουσίαν
907 2794 1502 2865 πολυπραγμονεῖσθαι;
1570 2793 1869 2861 Ἐρωτῶτιν
1905 2793 1951 2843 οί
2019 2792 2145 2843 ’ἰου-

609 2885 764 2945 δαῖοι,
805 2886 871 2937 Εἰ
901 2884 979 2936 σὺ
1012 2880 1069 2935 εῖ
1104 2885 1135 2935 ό
1162 2881 1427 2948 Χριστός,
1460 2878 1586 2931 εἰπὲ
1625 2876 1768 2945 ἡμῖν
1804 2875 2103 2943 παρρησίᾳ
2128 2890 2139 2905 ·

609 2970 717 3034 ἕως
755 2970 896 3021 πότε
917 2967 1028 3035 τὴν
1062 2966 1269 3035 ψυχὴν
1296 2966 1461 3033 ἡμῶν
1480 2963 1693 3030 αἴρεις;
1725 2961 1816 3015 καὶ
1861 2961 1920 3013 οὐ
1970 2960 2145 3013 δίδωσι

610 3059 674 3125 τῇ
702 3054 996 3124 ἀμφιϐολίᾳ
1026 3052 1204 3104 λύσιν·
1241 3049 1460 3120 ⁴ἠρώτων
1510 3050 1615 3118 γάρ
1644 3048 1739 3116 οὐχ
1766 3048 1850 3099 ἰνα
1886 3045 2142 3115 μάθωσιν,

612 3142 828 3193 ἀλλ’ἵνα
854 3139 1309 3208 κατηγορήσωσιν.
1348 3136 1404 3187 '0
1434 3136 1489 3187 δέ
1518 3135 1798 3204 ἀρχιερεὺς
1826 3132 2093 3200 Καϊάφας,
2118 3132 2146 3183 ό

611 3230 709 3297 τῆς
746 3225 1061 3293 συναγωγῆς
1090 3223 1297 3290 ἐκείνης
1324 3221 1489 3285 ἄξιος,
1521 3223 1597 3282 εἰς
1624 3218 1866 3271 τοσοῦτον
1888 3214 2014 3288 ἦλθε
2043 3234 2147 3287 μαο

612 3315 749 3375 νίας,
789 3312 863 3376 ὡς
906 3313 1105 3364 εἰπεῖν·
1155 3309 1383 3376 Ὁρκίζω
1430 3323 1501 3359 σε
1540 3305 1687 3359 κατά
1720 3306 1822 3359 τοῦ
1862 3304 2004 3358 Θεοῦ
2042 3304 2147 3357 τοῦ

615 3400 839 3462 ζῶντος,
866 3398 993 3450 εἰπὲ
1021 3396 1244 3464 ἠμῖν,εἰ
1274 3394 1352 3447 σὺ
1380 3390 1435 3446 εἷ
1456 3397 1487 3446 ό
1516 3394 1642 3456 Υἱὸς
1664 3390 1767 3444 τοῦ
1786 3388 2147 3458 Εὑλογητοῦ.

627 3486 682 3537 '0
698 3486 751 3537 δέ
769 3485 953 3553 Σωτήρ
974 3482 1229 3535 διδάσκων
1248 3482 1392 3549 ἡμᾶς
1407 3480 1528 3541 τοὺς
1542 3479 1727 3544 λόγους
1747 3475 1860 3545 μετ’
1877 3474 2150 3536 εὐλαϐείας

614 3569 877 3639 δέχεσθαι,
914 3568 1046 3637 πρὸς
1076 3566 1174 3636 μὲν
1205 3565 1294 3618 τὸν
1340 3566 1496 3633 ὅρκον
1536 3562 1896 3631 ἀποκρίνεται,
1929 3560 2059 3628 πρὸς
2096 3558 2150 3611 δὲ.

616 3656 675 3709 τὸ
706 3653 1163 3724 ἀμφιϐαλλόμενον
1183 3651 1331 3704 λύσιν
1369 3652 1466 3702 οὐκ
1514 3649 1727 3701 ἔδωκεν.
1764 3649 1925 3709 Εἰπὲ,
1969 3645 2147 3715 φησὶν,

620 3741 778 3809 ἡμῖν,
808 3742 859 3793 εἰ
884 3739 962 3792 σὺ
981 3733 1038 3791 εἴ
1067 3741 1098 3791 ό
1129 3737 1258 3801 Υἱὸς
1288 3735 1389 3789 τοῦ
1428 3732 1789 3802 Εὐλογητοῦ.
1824 3730 1980 3799 Λέγει
2020 3730 2151 3801 πρὸς

618 3827 775 3881 αὐτὸν
799 3827 826 3877 6
847 3824 1044 3893 Κύριος
1066 3838 1081 3853 '
1112 3821 1191 3875 Σὺ
1239 3816 1407 3885 εἴπας
1425 3835 1438 3847 ·
1474 3820 1564 3871 καὶ
1594 3818 1682 3870 τὸν
1702 3816 1857 3887 ὅρκον
1902 3817 2152 3886 ἐτίμησεν

614 3910 966 3981 ὁμολογήσας,
1008 3905 1101 3960 καὶ
1120 3905 1213 3976 τὴν
1234 3903 1427 3958 κακίαν
1463 3903 1561 3956 οὐκ
1592 3901 2015 3971 ἐπληροφόρησε,
2040 3900 2155 3969 βδε-

616 3995 908 4066 λυξάμενος
935 3992 1032 4064 τὴν
1064 3991 1408 4062 πανουργίαν.
1469 3989 1763 4059 Ἐζήτησαν
1810 3987 1858 4039 οἰ
1920 3986 2155 4039 Ἰουδαῖοι

620 4081 800 4144 κακῶς
823 4121 837 4143 ,
887 4080 981 4132 καὶ
1030 4077 1368 4148 ἀποκρίσεως
1410 4075 1507 4128 οὐκ
1533 4075 1715 4143 ἔτυχον
1738 4091 1753 4106 ο
1788 4072 1880 4125 καὶ
1913 4072 2056 4140 μάλα
2092 4088 2153 4139 γε

620 4167 867 4230 εἰκότως·
894 4166 1093 4219 σκολιοί
1111 4165 1216 4235 γάρ
1242 4164 1485 4232 λογισμοὶ
1508 4162 1825 4232 χωρίζουσιν
1870 4159 1977 4211 ἀπὸ
1998 4157 2153 4210 Θεοῦ.

620 4256 730 4307 Οὐκ
756 4253 1047 4322 ἐπέτρεπεν
1078 4250 1236 4304 αὐτοῦ
1265 4250 1360 4319 τὴν
1393 4248 1579 4316 σοφίαν
1606 4249 1715 4309 τοῖς
1743 4245 1921 4307 κακῶς
1947 4246 2042 4315 τὴν
2072 4261 2160 4297 σο-

620 4342 745 4409 φίαν
768 4338 928 4392 αὐτοῦ
956 4332 1506 4405 πολυπραγμονοῦσιν.
1538 4334 1637 4397 Εἰς
1676 4331 2032 4398 κακότεχνον
2051 4329 2158 4397 γὰρ

619 4426 827 4495 ψυχὴν
847 4428 955 4479 οὐκ
983 4425 1383 4479 εἰσελεύσεται
1411 4420 1612 4489 σοφία.

692 4550 756 4619 β’.
785 4548 891 4602 Καὶ
919 4548 967 4600 οί
995 4547 1093 4616 μὲν
1126 4546 1376 4607 πολλάκις
1400 4546 1749 4615 ζητήσαντες,
1790 4544 1885 4613 οὐχ
1931 4536 2082 4613 εὗρον
2102 4542 2160 4594 τὸ

622 4636 945 4706 ζητούμενον
968 4650 983 4666 ·
1018 4632 1147 4702 γυνὴ
1179 4632 1233 4685 δέ
1266 4648 1346 4694 τις
1387 4630 1582 4692 ἀδόλως
1629 4631 1717 4683 καί
1742 4628 1935 4698 γνησίᾳ
1985 4626 2159 4679 πίστει

624 4721 1005 4792 προσελθοῦσα,
1035 4720 1093 4771 οὐ
1134 4718 1434 4787 πειράσασα
1479 4716 1577 4785 τὴν
1609 4713 1978 4781 ἀκατάληπτον
2004 4710 2159 4763 δύνα-

626 4827 736 4881 μιν,
763 4808 894 4862 ἀλλὰ
924 4805 1015 4859 καί
1051 4807 1108 4857 ἐν
1132 4804 1389 4872 άπλότητι
1424 4801 1501 4871 τῷ
1543 4801 1729 4870 Κυρίῳ
1756 4799 2118 4868 προσελθοῦσα
2141 4833 2160 4861 ,

623 4897 715 4949 καὶ
745 4894 872 4963 ψιλῇ
907 4894 1001 4962 μὲν
1028 4895 1092 4961 τῇ
1118 4892 1277 4957 λέξει,
1316 4890 1511 4959 γνησίᾳ
1541 4889 1598 4941 δὲ
1645 4890 1709 4958 τῇ
1740 4886 1913 4938 πίστει
1944 4887 2161 4956 φήσασα

625 4982 758 5053 πρὸς
782 4981 967 5034 αὐτόν’
996 4980 1242 5047 Οῑὸαμεν
1266 4978 1352 5031 ὅτι
1377 4976 1520 5029 ὅταν
1538 4978 1679 5041 ἔλθῃ
1710 4976 1976 5037 Μεσσίας
2009 4976 2040 5025 ό
2065 4975 2164 5025 λε-

625 5070 868 5138 γόμενος
890 5066 1153 5137 Χριστὸς,
1192 5065 1371 5128 αὐτὸς
1392 5063 1531 5131 ἡμῖν
1552 5062 1781 5116 ἅπαντα
1812 5058 2125 5127 ἀναγγελεῖ
2143 5077 2157 5091 ·

626 5154 821 5215 εὐθέως
844 5155 1037 5222 ἢκουσε
1066 5150 1212 5220 παρὰ
1238 5149 1328 5202 τοῦ
1353 5147 1667 5215 ἀγαπῶντος
1689 5148 1959 5215 ἁπλότητα
1975 5164 1987 5176 ·
2017 5144 2162 5211 Ἐγώ

623 5243 738 5310 εἰμι
788 5242 821 5295 ό
865 5240 1065 5294 λαλῶν
1112 5253 1227 5293 σοι.
1279 5236 1499 5289 Οὐδέπω
1525 5233 1790 5304 ἠρώτησε,
1830 5235 1920 5286 καὶ
1966 5233 2161 5293 εὐθέως

627 5326 851 5396 ἔμαθεν⁸
881 5326 1087 5378 οὐδέπω
1109 5325 1198 5376 τὸν
1232 5323 1329 5390 τῆς
1365 5321 1595 5382 πίστεως
1616 5319 1832 5389 ἔσπειρε
1864 5319 2035 5385 λόγον,
2067 5318 2161 5371 καὶ

627 5413 822 5475 εὐθέως
862 5413 951 5465 τὸν
984 5410 1189 5481 καρπὸν
1228 5408 1326 5477 τῆς
1357 5406 1631 5466 εὐσεϐείας
1684 5405 1940 5473 ἐθέρισεν.
1978 5406 2161 5471 ’Δγιος

626 5498 733 5568 γὰρ
762 5500 789 5549 6
823 5498 970 5559 Θεὸς,
998 5497 1184 5558 ἀπλοῖς
1219 5494 1309 5547 καὶ
1333 5493 1505 5561 άγίοις
1528 5490 2018 5559 ἐπαναπαυόμενος,
2038 5491 2161 5542 ὅταν

628 5584 899 5651 ἀπλότητα
938 5584 1016 5653 ἴδῃ
1040 5583 1129 5634 τοῦ
1156 5579 1583 5651 προσερχομένου
1609 5616 1624 5641 ,
1673 5577 1829 5629 ἀπλοῖ
1875 5578 1966 5628 καὶ
2003 5576 2161 5637 αὐτὸς

630 5672 729 5740 τῆς
747 5670 934 5723 ἐαυτοῦ
952 5669 1134 5736 σοφίας
1149 5668 1241 5736 τὴν
1261 5666 1569 5737 εὐεργεσίαν
1590 5682 1604 5697 ο
1626 5666 1751 5718 ὅταν
1775 5663 1857 5732 ίδῃ
1878 5661 2157 5728 διεστραμο

2025 367 2296 425 INCERTI

3676 381 3798 438 414

2240 478 2403 545 μένην
2438 480 2604 551 κακίᾳ
2632 480 2826 549 ψυχὴν,
2857 479 3052 531 κωλύει
3086 474 3179 542 τὴν
3214 476 3551 547 εὐεργεσίαν,
3591 474 3686 527 καὶ
3710 475 3780 526 οὐ

2233 563 2509 629 προσίεται
2560 565 2654 634 τὴν
2690 563 3052 618 διδασκαλίαν.
3092 564 3286 614 ’Ᾱκουε
3322 560 3483 613 αὐτοῦ
3526 559 3782 625 λέγοντος

2232 644 2319 697 διὰ
2345 647 2612 709 Μωῡσέως
2630 664 2644 679 ·
2680 648 2818 700 Ἐὰν
2836 646 3002 714 ὑμεῖς
3030 646 3359 713 πορεύησθε
3403 634 3550 711 πρός
3572 660 3647 709 με
3679 643 3782 707 ὀρ·-

2236 733 2346 795 θοί,
2387 730 2544 799 κάγὼ
2568 732 2714 799 πρὸς
2733 730 2885 800 ὑμᾶς
2909 731 3079 797 ὀρθός
3102 747 3115 761 ο
3140 730 3233 782 ἐάν
3259 729 3314 781 δέ
3348 729 3501 797 ὑμεῖς
3532 725 3777 789 πλάγιοι,

2236 815 2388 883 κάγὼ
2420 818 2684 886 χρήσομαι
2716 818 2839 885 ὑμῖν
2868 815 3019 885 θυμῷ
3048 814 3255 883 πλαγίῳ
3276 830 3293 846 ο
3313 815 3409 881 οὐχ
3429 813 3507 864 ὃτι
3532 811 3627 880 τὴν
3646 811 3779 861 ἐαυ-

2236 901 2333 969 τῆς
2363 902 2627 973 εὐθύτητα
2655 902 2934 969 πλαγιάζει
2967 903 2999 971 ή
3038 901 3154 953 θεία
3180 900 3337 968 φύσις
3356 940 3370 963 ,
3398 898 3508 951 ἀλλ’
3549 899 3627 949 ὅτι
3661 900 3779 958 τοῖς

2237 990 2487 1056 πονηροῖς
2514 990 2631 1039 κατ’
2660 987 2868 1039 εὐθεῖαν
2890 986 2956 1038 τά
2981 984 3128 1055 παρά
3158 984 3252 1053 τῆς
3281 983 3531 1051 ἀληθείας
3558 982 3656 1033 οὐκ
3680 981 3779 1049 ἔρ-

2238 1092 2407 1143 χεται.
2450 1075 2550 1127 Ἐν
2581 1075 2719 1140 ποίᾳ
2748 1073 2993 1137 ἐξουσίᾳ
3037 1073 3217 1125 ταῦτα
3246 1070 3429 1134 ποιεῖς
3451 1085 3468 1130 ;
3494 1070 3531 1135 ἢ
3561 1069 3649 1132 τίς
3676 1083 3783 1120 σοι

2238 1160 2415 1211 ἔδωκε
2452 1157 2563 1225 τὴν
2587 1159 2871 1222 ἐξουσίαν
2904 1158 3157 1222 ταύτην;
3206 1156 3262 1207 ’0
3282 1155 3335 1206 δὲ
3368 1153 3553 1222 Σωτὴρ
3572 1153 3778 1213 αὐτοῖς.

2250 1243 2507 1297 Ἐνταῦθα
2532 1244 2780 1313 πρόσεχε,
2813 1242 2926 1305 πῶς
2954 1244 3075 1311 ὅρον
3114 1242 3239 1317 ἡμῖν
3280 1241 3369 1292 καὶ
3397 1239 3591 1290 κανόνα
3632 1237 3785 1317 διδα-

2242 1329 2460 1390 σκαλίας
2498 1328 2803 1381 ὑποτίθεται
2848 1329 2876 1380 6
2907 1326 3117 1379 πάντων
3150 1323 3360 1392 Κύριος.
3398 1324 3492 1385 Τίς
3539 1322 3594 1373 δέ
3622 1316 3782 1383 οὗτός

2239 1416 2351 1466 ἐστι
2378 1431 2391 1478 ;
2421 1414 2672 1466 Βούλεται
2704 1413 2845 1481 ἡμᾶς
2874 1410 3010 1463 ὥστε
3044 1412 3155 1473 τοῖς
3181 1410 3428 1477 πονηροῖς
3460 1408 3778 1475 αἰρετικοῖς,

2252 1498 2515 1561 Ἰουδαίοις
2534 1499 2566 1567 ἢ
2588 1498 2859 1567 Ἕλλησιν,
2885 1496 2917 1565 ἢ
2953 1495 3156 1565 ἐτέροις
3192 1493 3329 1544 τισὶν
3365 1490 3784 1560 ἀπεσχισμένοις

2239 1584 2334 1651 τῆς
2353 1583 2645 1647 εὐσεϐείας,
2671 1583 2745 1652 μὴ
2774 1579 3153 1651 ἀποκρίνεσθαι
3178 1578 3350 1631 πάντα
3373 1576 3505 1645 πρὸς
3526 1574 3620 1636 τὰς
3645 1576 3783 1643 ἐρω-

2237 1670 2440 1737 τήσεις.
2474 1669 2628 1720 Ἐστι
2657 1668 2783 1737 γάρ,
2810 1665 2921 1718 ἐστι
2950 1664 3198 1724 πολλάκις
3248 1661 3513 1731 ἐρωτῆσαι
3544 1660 3780 1731 ἀποκρί-

2242 1772 2373 1818 σεως
2394 1756 2493 1807 οὐκ
2519 1754 2642 1821 ἀξια
2668 1771 2681 1786 ι
2714 1755 2807 1806 καὶ
2836 1752 2915 1804 δεῖ
2942 1749 3088 1821 μεθ]
3117 1748 3326 1811 πάντως
3361 1748 3493 1815 πρὸς
3514 1746 3608 1807 τὰς
3634 1746 3784 1811 φαύ-

2238 1839 2360 1900 λους
2384 1839 2581 1900 ταύτας
2628 1837 2733 1890 τῶν
2772 1837 3155 1905 ἐπερωτήσεων
3206 1833 3559 1901 ἀντερωτήσει
3594 1831 3786 1893 δικαίᾳ

2238 1924 2429 1991 λέγειν.
2462 1924 2557 1975 Διά
2578 1922 2733 1975 τοῦτό
2766 1939 2895 1991 φησι
2920 1921 3050 1991 πρὸς
3070 1919 3260 1979 αὐτοὺς
3290 1920 3317 1970 6
3346 1916 3545 1985 Κύριος
3563 1930 3577 1943 θ
3604 1915 3781 1980 Ἐρω-

2238 2010 2399 2075 τήσω
2426 2007 2577 2077 ὑμᾶς
2602 2006 2759 2075 κάγὼ
2782 2007 2983 2075 λόγον,
3024 2005 3096 2056 ὃν
3132 2003 3207 2056 ἂν
3238 2002 3440 2067 εἴπητέ
3459 2018 3579 2068 μοι,
3617 1999 3788 2066 κάγὼ

2238 2097 2377 2165 ὑμῖν
2400 2093 2839 2161 ἀποκρινοῦμαι.
2875 2090 2943 2143 Τὸ
2980 2088 3242 2143 Ἰωάννου
3264 2087 3589 2153 βάπτισμα,
3620 2084 3780 2151 φησι,

2239 2184 2418 2235 πόθεν
2434 2178 2544 2251 ἦν;
2571 2181 2639 2244 ἐξ
2668 2179 2939 2246 οὐρανοῦ,
2977 2177 3014 2244 ἣ
3050 2176 3117 2239 ἐξ
3144 2174 3495 2241 ἁνθρώπωνς
3517 2173 3655 2240 Ὅρα
3688 2186 3787 2237 μοι

2239 2270 2334 2339 τὴν
2358 2269 2531 2337 πηγὴν
2553 2269 2647 2335 τῆς
2668 2266 2876 2333 σοφίας,
2900 2267 2964 2333 τῇ
2988 2263 3314 2333 ἐπερωτήσει
3340 2261 3398 2311 το
3422 2258 3607 2328 ψεῦδος
3628 2256 3788 2323 ἐλέγ-

2240 2370 2433 2421 χουσαν
2455 2367 2468 2382 ·
2500 2354 2597 2423 δρα
2632 2369 2720 2421 μοι
2774 2351 2861 2403 τὸν
2900 2349 2992 2401 τοῦ
3025 2347 3155 2401 Θεοῦ
3203 2347 3368 2412 Λόγον
3414 2344 3788 2411 συλλογισμοῖς

2239 2441 2335 2509 τὴν
2357 2439 2549 2492 κακίαν
2579 2437 2942 2505 ἀνατρέποντα
2962 2452 2975 2465 ·
3013 2433 3277 2500 σκόπησον
3323 2430 3378 2481 δέ
3428 2431 3519 2481 καὶ
3570 2428 3667 2497 τὴν
3693 2445 3789 2479 κα-

2242 2526 2381 2585 κίαν,
2422 2524 2536 2584 πῶς
2561 2525 2669 2579 τοῖς
2704 2522 2849 2581 ἰδίοις
2885 2518 3225 2571 ἀναλίσκεται
3264 2515 3462 2585 βέλεσι,
3516 2514 3605 2563 καὶ
3657 2515 3788 2575 ταῖς

2241 2608 2461 2669 οἰκείαις
2494 2607 2930 2674 συγκατασπᾶται
2954 2602 3341 2670 κακοτεχνίαις.
3378 2599 3445 2651 Τὸ
3468 2596 3789 2663 ,ϐάπτισμα

2254 2692 2528 2747 Ἰωάννου
2554 2695 2735 2745 πόθεν
2754 2686 2831 2759 ἦν
2845 2706 2865 2753 ;
2893 2689 2959 2752 ἐξ
2987 2685 3261 2753 οὐρανοῦ,
3280 2686 3315 2751 ἢ
3336 2684 3403 2747 ἐξ
3428 2680 3748 2748 ἀνθρώπων
3764 2695 3789 2743 ,-

2254 2787 2473 2837 Ἐκεῖνοι
2502 2780 2628 2849 παρ’
2663 2779 2871 2838 ἑαυτοῖς
2914 2770 3222 2835 ἐϐασάνιζον
3249 2769 3341 2822 τοῦ
3394 2770 3631 2837 ῥήματος
3685 2765 3789 2849 την

2242 2869 2486 2935 δύναμιν,
2515 2847 2605 2917 καί
2637 2878 2797 2930 φασιν
2817 2877 2828 2889 ·
2883 2859 3020 2911 Ἐὰν
3066 2856 3337 2922 εῖπωμεν,
3375 2851 3473 2913 Ἐξ
3491 2847 3788 2935 οὐρανοῦ,

2243 2953 2364 3021 ἐρεῖ
2377 2932 2535 3019 ἧμῖν,
2579 2948 2731 3003 Διατί
2759 2942 2867 2999 οὖν
2886 2944 2968 3010 μὴ
3001 2940 3419 3021 ἐπιστεύσατεῖ
3448 2932 3596 3021 Οἶδεν
3619 2935 3653 3003 ή
3684 2950 3790 3021 κα-

2246 3016 2339 3091 κία
2365 3016 2452 3088 τδν
2479 3034 2671 3102 ἐαυτῆς
2695 3029 2933 3101 ϐλισθονέ
2963 3023 3099 3078 οἶδεν
3128 3026 3206 3076 ὅτι
3242 3019 3320 3085 οἷς
3350 3020 3632 3090 προτείνει,
3664 3016 3792 3070 τού-

2244 3140 2353 3185 τοις
2384 3120 2713 3189 ἀφανίζεται.
2774 3112 2983 3181 Ἐπειδὴ
3035 3111 3105 3181 μὴ
3160 3110 3466 3177 ὑπήκουσαν
3516 3104 3789 3167 Ἰωάννου,

2245 3207 2528 3276 ἐφοϐοῦντο
2552 3206 2739 3265 εἰπεῖν,
2765 3202 2844 3254 ὅτι
2870 3202 2931 3251 ἐκ
2948 3198 3097 3255 Θεοῦ.
3126 3195 3209 3248 ἵνα
3240 3193 3311 3263 μή
3332 3190 3642 3276 παραπόδας
3664 3190 3794 3241 ἀκο-

2244 3274 2476 3361 mem
2505 3293 2531 3342 6
2559 3289 2788 3357 ἐλεγχος.
2826 3284 2957 3335 Ἐὰν
2984 3282 3047 3334 δὲ
3068 3281 3338 3361 εῐπωμεν,
3360 3276 3425 3340 ἐξ
3441 3274 3789 3361 ἀνθρώπων,

2246 3358 2571 3445 φοϐούμεθα
2598 3374 2702 3425 τὸν
2722 3372 2923 3437 ὄχλον,
2952 3366 3034 3435 μὴ
3067 3360 3450 3429 λιθασθῶμεν.
3480 3360 3585 3445 Καὶ
3614 3358 3788 3445 γάρ-ἠ

2248 3442 2373 3536 περὶ
2398 3442 2484 3515 τδν
2510 3460 2711 3513 δίκαιον
2762 3454 3025 3526 πρόληψις
3068 3448 3427 3536 ἀπαραίτητον
3458 3444 3577 3536 καθξ
3631 3442 3792 3536 ήμῶν

2248 3529 2381 3602 οἴσει
2408 3547 2502 3617 τὴν
2529 3545 2699 3614 δίκην.
2756 3542 2870 3603 Πᾶς
2917 3539 3023 3608 γὰρ
3057 3539 3083 3589 ό
3111 3535 3234 3617 λαδς
3262 3529 3371 3602 εἶχε
3401 3532 3509 3617 τὸν
3538 3529 3794 3617 Ἰωάννην

2247 3634 2321 3696 ὼς
2349 3615 2645 3701 προφήτην.
2694 3628 2803 3681 Οὐκ
2833 3624 3113 3693 ἠϐούλοντο
3139 3616 3229 3673 οὖν
3256 3619 3314 3670 τὸ
3364 3615 3557 3701 ἀληθὲς
3591 3615 3792 3701 εἰπεῖν,

2248 3720 2327 3772 ὅτι
2356 3698 2419 3770 ἐκ
2438 3698 2568 3769 Θεοῦ
2582 3698 2601 3745 θ’
2628 3712 2977 3767 ἀπεσείσαντο
2997 3708 3104 3778 γάρ
3127 3705 3219 3758 τοῦ
3236 3702 3367 3757 Θεοῦ
3392 3701 3486 3771 τὴν
3514 3698 3792 3769 ἀλήθειαν,

2251 3808 2343 3859 καὶ
2373 3804 2431 3855 τὸ
2450 3801 2636 3870 ψεῦδος
2658 3800 2827 3852 εἰπεῖν
2846 3796 2943 3848 οὐκ
2961 3793 3195 3862 ἐτόλμων
3214 3807 3227 3821 ·
3256 3789 3352 3858 τῆς
3380 3787 3486 3854 γάρ
3507 3786 3796 3870 ἀναισχυν-

2251 3891 2367 3951 τίας
2396 3869 2646 3954 δικαστὴν
2676 3880 2817 3951 εἰχον
2851 3880 2939 3933 τὸν
2984 3878 3166 3947 φόϐον,
3199 3876 3291 3927 καί¹
3317 3872 3500 3925 τοῦτον
3538 3870 3597 3921 οὐ
3624 3869 3792 3954 θεῖον,

2252 3974 2384 4029 ἀλλά
2418 3969 2769 4041 ἀνθρώπινον.
2804 3965 2913 4020 Καὶ
2941 3964 3048 4033 γάρ
3084 3961 3253 4022 οὕτως
3274 3959 3383 4027 ἔχει
3403 3973 3415 3985 ·
3452 3955 3629 4041 πολλοί
3664 3953 3798 4041 πολ.

2252 4062 2407 4123 λάκις
2433 4040 2563 4111 Θεοῦ
2600 4055 2760 4124 φόϐον
2785 4054 2884 4106 οὐκ
2912 4051 3139 4121 ἔχοντες,
3169 4043 3485 4116 ἀνθρωπίνῳ
3509 4040 3653 4109 φόϐῳ
3671 4040 3799 4092 8w-

2253 4146 2511 4199 λεύουσιν.
2550 4138 2862 4209 Ἐφοϐοῦντο
2885 4136 2975 4189 τὸν
2994 4135 3137 4189 λαόν.
3165 4131 3287 4185 Εῖθε
3309 4130 3397 4181 τὸν
3421 4127 3570 4188 Θεὸν,
3598 4127 3688 4176 καὶ
3718 4124 3799 4193 μὴ

2254 4232 2343 4284 τὸν
2366 4229 2519 4281 λαόν·
2554 4227 2613 4279 τὸ
2665 4224 2762 4295 μὲν
2790 4222 2897 4291 γάρ
2951 4218 3209 4280 εὐσεϐεῖν,
3253 4214 3312 4267 τὸ
3346 4214 3400 4265 δέ
3432 4210 3661 4265 ἀσεϐεῖν.
3690 4209 3799 4261 Λέ-

2256 4331 2437 4383 γουσιν
2466 4311 2631 4380 αὐτῷ,
2668 4294 2788 4363 Οὐκ
2816 4306 3072 4373 οῖδαμεν.
3102 4304 3240 4370 Ὅρα
3284 4298 3397 4358 πῶς
3425 4298 3457 4365 ή
3496 4294 3657 4383 κακία
3686 4296 3800 4383 τοῖς

2260 4380 2506 4471 πονηροῖς
2539 4394 2835 4467 ἐμφωλεύει
2860 4409 2872 4423 '
2903 4393 3002 4461 ὅρα
3053 4387 3167 4449 πῶς
3203 4384 3397 4452 ἐαυτῆς
3432 4382 3525 4451 τὴν
3569 4380 3801 4431 ἀτοπίαν

2255 4492 2291 4559 ή
2321 4467 2539 4541 ἀσέϐεια
2568 4483 2841 4553 κηρύττει.
2865 4480 3070 4548 Ὠσπερ
3097 4475 3200 4544 γάρ
3233 4472 3363 4541 ἔχις,
3408 4471 3442 4539 ἦ
3469 4486 3526 4559 τι
3559 4467 3662 4559 των
3682 4484 3798 4559 3:9-

2258 4552 2562 4643 νηροτάτων
2616 4569 2845 4639 θηρίων,
2901 4566 3009 4627 τοῖς
3062 4560 3340 4629 ὑπονόμων
3378 4565 3416 4643 γ·
3464 4552 3798 4643 ἐμφωλεῦον,

2257 4641 2436 4731 ἡρέμα
2466 4656 2760 4727 προκύπτει
2789 4653 2887 4721 τῆς
2908 4648 3266 4708 καταδύσεως,
3303 4642 3392 4731 καί
3422 4641 3596 4731 τέλεον
3627 4655 3792 4731 προσ-ἱ

2259 4723 2425 4799 ελθεῖν
2452 4723 2549 4797 οὐκ
2574 4742 2771 4794 ἐθέλει·
2808 4738 2947 4790 οῦτω
2993 4735 3084 4789 καὶ
3113 4734 3161 4784 οἰ
3202 4730 3455 4791 Ἰουδαῖοι,
3506 4726 3581 4794 τῷ
3606 4723 3799 4791 φωλεῷ

2258 4834 2353 4903 τῆς
2380 4830 2572 4891 κακίας
2598 4826 2879 4890 συζῶντες,
2903 4825 2979 4884 εἰς
3004 4819 3116 4888 φῶς
3133 4819 3228 4888 τὴν
3257 4815 3459 4868 ἐαυτῶν
3486 4813 3543 4865 οὐ
3569 4810 3803 4880 προσφέο

2262 4896 2410 4994 ρουσι
2444 4918 2683 4986 γνώμην.
2716 4914 2804 4965 Διὸ
2832 4913 2923 4964 καὶ
2950 4911 2977 4962 6
3003 4907 3201 4975 Κύριος
3234 4904 3366 4994 πρὸς
3395 4899 3611 4994 αὐτούς’

2258 4979 2368 5075 ἐγὼ
2398 4979 2738 5073 λέγωύξιιῒν.
2768 5001 2907 5068 Ὅρα
2928 4994 3040 5057 πῶς
3060 4996 3094 5062 ή
3123 4988 3297 5075 σιωπὴ
3318 4989 3420 5075 τὴν
3442 4986 3635 5075 ἄτοπον
3664 4979 3805 5075 ἐρω-

2257 5066 2409 5161 τήσιν
2438 5066 2688 5142 ἐκόλασεν
2709 5104 2721 5117 ’
2754 5066 2852 5156 ὅρα
2880 5082 2996 5143 πῶς
3023 5079 3118 5149 τὴν
3156 5074 3344 5131 κακίαν
3373 5074 3475 5161 οὐκ
3506 5066 3806 5161 ἐπληροφό-

2261 5153 2443 5248 ρήσεν,
2476 5176 2584 5227 ἀλλ’
2609 5153 2907 5240 ἀπέστησεν
2942 5166 3131 5226 αὐτοὺς
3159 5164 3214 5248 ἐν
3240 5157 3535 5248 μέσῳᾼτῶν-
3560 5153 3805 5248 συλλογιζ-

2261 5238 2431 5331 σμῶν.
2462 5261 2567 5312 Καὶ
2600 5260 2735 5327 ὅπερ
2763 5238 2927 5307 ἔπαθέ
2969 5266 3094 5304 ποτε
3121 5252 3153 5317 ή
3181 5247 3296 5310 ϐνος
3325 5244 3417 5331 τοῦ
3446 5240 3689 5331 Βαλαάμ,
3710 5238 3805 5331 ⁸μὴ

2259 5322 2543 5417 δυνηθεῖσα
2569 5322 2807 5397 ἐκκλῖναι
2824 5336 2969 5402 δεξιά
2992 5337 3025 5406 ή
3047 5332 3328 5405 ἀριστερά,
3344 5329 3435 5417 διὰ
3459 5322 3806 5417 τὸν-ἄγγελον

2259 5436 2345 5487 τὸν
2366 5407 2753 5500 άντιστήσαντα
2783 5423 2979 5496 ταύτῃ*
3012 5420 3179 5483 οὕτως
3229 5415 3424 5469 ἔπαθεν
3464 5414 3498 5480 ή
3541 5407 3808 5479 Ἰουδαῖκὴ

2321 5601 2337 5622 ⁸
2389 5598 2678 5655 Ὗπονὸμων,
2724 5604 2832 5655 ναι,
2878 5586 3182 5655 υιμγίάειιιε,
3232 5583 3472 5642 corrupta.
3530 5575 3813 5627 Cotem-ius

2266 5662 2525 5725 legendum
2544 5650 2790 5706 éxlslimal
2812 5650 3074 5711 ὑπονόμοις.
