4102 6508
274 417 390 473 413

277 531 406 583 tiam
457 527 737 583 verborum
779 523 1021 587 offerunt,
1062 538 1093 578 a
1122 537 1226 592 quo
1265 534 1318 578 et
1357 538 1514 578 omne
1556 523 1836 576 verborum

277 616 584 680 srtiticium,
614 626 668 670 et
703 615 872 670 omnis
901 623 1221 683 prmparatus
1260 613 1652 668 ratiociniorum
1688 627 1835 666 com-

277 708 464 775 plexus
494 706 645 760 facile
674 706 974 774 percipitur.
1008 704 1141 769 Quid
1180 705 1319 758 enim
1350 713 1522 767 potest
1551 703 1834 756 humanum

278 798 499 850 verbum
536 805 716 850 contra
762 795 986 849 Verbum
1023 795 1227 850 Deum?
1267 794 1389 863 quid
1429 793 1837 862 sophismatibus

279 884 536 938 instructa
562 884 834 954 sapientia,
857 893 1038 938 contra
1064 885 1326 938 caelestem
1356 882 1704 950 sapientiam?

356 974 524 1044 Opera
553 976 660 1043 ipsa
681 984 965 1042 potestatem
1001 972 1144 1028 Verbi
1177 973 1266 1026 Dei
1295 973 1520 1042 probant.
1550 1001 1619 1011 —
1646 970 1712 1024 In
1739 988 1837 1041 qua

282 1075 523 1133 potestate
551 1066 653 1119 [nec
689 1065 849 1134 facis?
872 1064 1136 1135 Interroga
1167 1063 1528 1132 paralyticum,
1560 1077 1653 1130 per
1681 1076 1834 1130 quam

283 1163 595 1222 potestatem
628 1167 784 1206 sanus
831 1153 1098 1206 recumbat
1127 1170 1138 1204 :
1178 1152 1441 1219 interroga
1481 1150 1752 1215 miracula,
1785 1159 1837 1203 et

281 1244 599 1297 mirabilium
645 1242 928 1295 Patratoris
959 1250 1265 1308 potestatem
1293 1239 1498 1291 curiose
1536 1254 1600 1291 ne
1626 1238 1834 1306 perqui-

283 1348 390 1386 ras.
421 1332 537 1386 Non
568 1331 848 1399 respondet
883 1331 1029 1383 vobis
1053 1330 1224 1382 ditina
1260 1329 1422 1396 gratia
1443 1369 1458 1391 ,
1495 1329 1835 1395 responsiOne

283 1421 526 1491 indignos
560 1421 797 1490 judicans
833 1434 925 1473 eos
960 1419 1046 1488 qui
1078 1433 1348 1486 perperam
1381 1419 1718 1486 interrogant.
1764 1416 1834 1468 Ita

281 1512 416 1566 solet
455 1511 546 1565 Dei
577 1510 844 1564 Verbum:
883 1524 1000 1562 cum
1041 1508 1179 1562 videt
1220 1510 1447 1561 animam
1489 1507 1746 1575 obliquam
1784 1515 1837 1560 et

283 1615 604 1670 perversam,
636 1599 849 1666 expellit
876 1613 1012 1663 eam,
1051 1607 1106 1651 ut
1135 1598 1294 1666 gratia
1323 1597 1604 1665 indignam,
1637 1607 1686 1650 et
1715 1611 1835 1650 cum

281 1692 442 1743 multa
470 1705 608 1758 saepe
645 1689 846 1742 discere
881 1695 1118 1752 conetur,
1160 1686 1428 1740 veritatem
1459 1701 1560 1739 non
1598 1672 1837 1754 impetrat

279 1795 309 1832 a
339 1781 580 1834 veritate.
613 1778 939 1847 lnterrogant
966 1777 1131 1831 Judaei
1157 1792 1314 1845 saepe,
1347 1792 1406 1830 ac
1438 1793 1503 1830 ne
1529 1778 1688 1830 semel
1717 1777 1834 1844 qui-

279 1869 402 1923 dem
431 1869 656 1932 discunt,
688 1869 807 1937 quia
834 1868 965 1920 male
993 1867 1330 1937 interrogant.
1363 1867 1535 1935 Usque
1564 1865 1696 1919 adeo
1718 1866 1833 1918 illo-

280 1976 397 2014 rum
429 1960 632 2013 animos
668 1959 935 2013 cruciabat
973 1958 1264 2013 Servatoris
1303 1958 1589 2020 silentium,
1623 1967 1677 2009 ut
1717 1967 1836 2010 tunc

278 2049 482 2102 diceret
513 2049 677 2101 malus
706 2048 795 2100 ille
832 2062 1151 2101 consessus:
1188 2048 1453 2115 Quousque
1490 2048 1707 2098 animam
1745 2063 1836 2098 no-

280 2150 434 2192 stram
461 2140 636 2192 tollis?
664 2139 724 2192 Si
752 2148 801 2191 tu
829 2155 881 2192 es
909 2138 1154 2203 Christus,
1183 2139 1263 2189 dic
1294 2138 1432 2189 nobis
1461 2137 1628 2206 palam
1656 2135 1829 2203 (Joan.

282 2231 368 2284 10.
401 2231 510 2300 24).
537 2229 640 2285 Sed
668 2245 837 2296 neque
868 2238 984 2297 post
1023 2229 1158 2282 hanc
1187 2243 1364 2282 vocem
1400 2228 1501 2280 illis
1529 2226 1831 2294 reSpondet,

278 2320 400 2387 quia
424 2319 760 2388 responsione
784 2319 923 2388 digni
951 2333 1053 2372 non
1082 2327 1251 2377 erant,
1275 2317 1360 2385 qui
1392 2317 1523 2369 male
1545 2317 1833 2384 interroga-

279 2417 486 2461 verunt.
513 2409 646 2473 Quid
675 2410 847 2477 itaque
889 2409 966 2462 eis
1001 2408 1280 2461 Serv-ator?
1323 2406 1442 2458 Dixi
1471 2406 1622 2469 vobis,
1653 2415 1695 2458 et
1736 2422 1833 2458 non

278 2498 488 2549 audistis
510 2512 528 2560 ,'
553 2499 670 2568 quid
698 2500 873 2550 iterum
897 2499 1042 2550 vultis
1067 2498 1242 2549 audire
1275 2495 1434 2565 (Ibid.
1459 2497 1509 2551 9.
1549 2496 1674 2565 27)?
1699 2495 1830 2563 0pc-

279 2603 358 2650 ra,
389 2603 499 2656 qua!
535 2604 622 2658 ego
657 2589 806 2656 facio,
852 2589 960 2658 ipsa
999 2589 1327 2639 tes:imoninm
1367 2588 1618 2654 perhibent
1662 2588 1722 2638 de
1759 2604 1834 2640 me

281 2676 440 2746 (Ibid.
475 2679 558 2733 10.
598 2678 711 2744 25).
747 2679 902 2733 Vides
929 2679 1062 2733 velle
1091 2695 1208 2733 eum
1241 2689 1294 2733 ut
1320 2694 1477 2746 opera
1506 2681 1832 2747 interrogen-

281 2777 386 2832 tur,
414 2783 514 2821 non
556 2778 610 2822 ut
636 2769 699 2823 de
740 2778 993 2836 potestate
1023 2769 1350 2837 inquit-ator?
1392 2768 1831 2835 lnterrogantJu-

279 2854 418 2908 dmi:
464 2856 522 2909 Si
565 2867 618 2909 tit
658 2874 706 2910 es
746 2857 988 2921 Christus,
1028 2858 1106 2909 dic
1149 2859 1286 2910 nobis
1327 2856 1494 2925 palam
1517 2875 1537 2920 ;
1584 2873 1834 2925 quousque

277 2945 497 2996 animam
522 2954 738 2996 nostram
779 2946 910 2996 tollis
939 2943 1112 3012 (Joan.
1146 2945 1228 2997 10.
1264 2944 1396 3012 2i)?
1435 2959 1530 2997 nec
1558 2945 1832 3012 qna‘stioni

276 3037 369 3091 dat
389 3038 698 3092 solutionem
724 3056 735 3090 :
767 3037 1155 3106 interrogabant
1175 3038 1315 3091 enim
1340 3051 1440 3089 non
1465 3036 1716 3101 discendi,
1741 3036 1830 3089 sed

276 3127 556 3180 accusandi
599 3142 775 3181 causa.
821 3127 1042 3196 Caiphas
1084 3137 1255 3180 autem
1308 3128 1546 3196 princeps
1587 3125 1832 3178 sacerdo-

279 3228 690 3288 tum,synagoga
719 3219 804 3271 illa
845 3219 1049 3286 (lignus,
1095 3218 1143 3270 in
1186 3226 1377 3270 tantam
1419 3219 1696 3270 amentiam
1734 3215 1829 3270 de-

277 3318 512 3372 venerat,
545 3317 599 3361 ut
626 3309 861 3362 diceret:
905 3309 1094 3374 Adiuro
1134 3317 1180 3360 te
1221 3325 1308 3372 per
1347 3307 1504 3359 Deum
1543 3310 1722 3370 vivum,
1753 3308 1832 3359 dic

275 3399 439 3462 nobis,
490 3399 531 3449 si
576 3407 627 3448 tu
675 3413 725 3449 es
768 3396 931 3450 Filius
966 3396 1218 3450 Benedicti
1257 3397 1464 3464 (Matth.
1505 3397 1590 3449 26.
1624 3397 1731 3464 63).
1764 3397 1832 3448 At

275 3488 526 3540 Servator
550 3485 745 3540 docens
775 3501 870 3540 nos
898 3501 1170 3540 sermones
1205 3501 1322 3539 cum
1357 3487 1548 3554 pietate
1571 3487 1828 3554 accipere,

273 3576 534 3643 adjuranti
582 3577 789 3644 quidem
834 3577 1148 3645 respondet,
1191 3592 1358 3644 neque
1406 3586 1574 3630 tamen
1618 3577 1829 3630 dubium

274 3665 450 3718 solvit.
507 3665 602 3717 Dic
651 3666 810 3730 nobis,
859 3667 1057 3734 inquit,
1099 3668 1141 3720 si
1177 3678 1227 3720 tu
1274 3683 1322 3720 es
1373 3665 1536 3719 Filius
1578 3666 1832 3720 Benedicti

275 3754 718 3824 (Matth.26.64).
746 3756 832 3809 Ait
859 3756 928 3808 illi
958 3757 1204 3810 Dominus
1233 3773 1246 3808 :
1276 3755 1349 3809 Tu
1378 3757 1548 3810 dixisti
1573 3773 1592 3810 :
1611 3758 1831 3825 acjura-

273 3857 508 3900 mentum
533 3861 625 3914 per
651 3847 1032 3901 confessionem
1064 3847 1353 3911 honoravit,
1384 3863 1554 3916 neque
1580 3849 1829 3902 malitiam

271 3936 553 3990 certiorem
595 3937 737 4000 fecit,
768 3939 1011 3991 astutiam
1051 3937 1400 3990 abominatus.
1441 3937 1578 3990 Male
1606 3937 1829 4005 quassie-

271 4037 395 4082 rant
421 4027 602 4091 Judmi,
633 4044 728 4081 nec
753 4043 1058 4096 responsum
1091 4029 1189 4081 illis
1226 4038 1304 4082 est
1341 4045 1353 4079 :
1393 4029 1548 4097 idque
1573 4029 1689 4096 jure
1715 4044 1827 4081 me-

271 4118 408 4182 rito;
437 4133 556 4172 nam
581 4118 806 4187 obliqua:
838 4119 1179 4189 cogitationes
1214 4135 1241 4170 a
1286 4120 1391 4173 Deo
1421 4130 1682 4187 separant.
1715 4120 1825 4174 Non

269 4207 453 4262 emisit
476 4207 782 4275 sapientiam
811 4222 957 4261 suam
990 4209 1051 4260 iis
1080 4207 1166 4275 qui
1196 4208 1332 4261 male
1361 4209 1500 4260 illam
1526 4210 1831 4262 scrutaban-

273 4310 382 4353 tur.
414 4297 478 4351 In
505 4298 796 4352 malevolam
815 4298 944 4350 enim
968 4298 1183 4349 animam
1211 4314 1309 4350 non
1338 4298 1555 4350 introibit
1585 4299 1829 4367 sapientia

275 4393 430 4464 (sap.
462 4392 508 4444 ι.
539 4389 615 4461 t).

345 4480 400 4532 2.
433 4482 599 4549 Atque
639 4479 712 4534 illi
756 4489 877 4550 post
912 4478 1210 4548 frequentes
1248 4478 1562 4546 quarsliones
1602 4478 1650 4530 id
1690 4477 1828 4546 quod

267 4573 577 4640 qntnrebant
602 4587 702 4626 non
733 4574 1070 4626 invenerunt:
1096 4572 1280 4623 mulier
1297 4586 1418 4623 vero
1434 4570 1690 4638 qumdam,
1711 4585 1827 4638 qua:

267 4665 392 4718 sine
414 4663 536 4717 dolo
556 4674 608 4718 et
635 4679 752 4717 cum
789 4663 990 4716 sincera
1039 4662 1137 4715 lide
1172 4670 1481 4724 accesserat,
1513 4675 1613 4714 non
1638 4670 1693 4713 ut
1717 4673 1828 4714 ten-

269 4759 412 4806 taret
449 4752 588 4806 illam
633 4750 1206 4819 incomprehensibilem
1246 4751 1532 4813 virtutem,
1578 4749 1667 4801 sed
1707 4764 1827 4802 cum

267 4842 606 4909 simplicitate
629 4842 901 4894 Dominum
927 4841 1126 4904 adiens,
1153 4839 1380 4895 dictione
1403 4840 1564 4903 tenui,
1591 4839 1680 4894 sed
1705 4855 1829 4906 pura

271 4932 384 4985 ﬁde
403 4930 580 4985 dicens
603 4949 617 4984 :
647 4931 845 4984 Scimus
872 4930 1004 4998 quod
1029 4947 1138 4982 cum
1164 4932 1346 4984 venerit
1383 4929 1612 4992 Messias,
1648 4930 1732 4998 qui
1754 4930 1833 4980 di-

267 5021 405 5073 citur
433 5020 672 5083 Christus,
716 5019 822 5086 ipse
866 5017 1003 5070 nobis
1038 5018 1344 5070 annuntiabit
1374 5017 1538 5069 omnia
1572 5016 1747 5082 (Joan.
1775 5018 1827 5069 4.

266 5111 413 5180 25);
452 5111 624 5163 statim
664 5109 859 5162 audivit
903 5109 968 5162 ab
1009 5118 1242 5161 amatore
1292 5107 1637 5174 simplicitatis
1677 5124 1687 5158 :
1722 5105 1830 5175 Ego

267 5221 387 5258 sum
414 5203 496 5270 qui
530 5203 703 5270 loquor
739 5211 896 5254 tecum
917 5200 1073 5269 (Ibid.
1104 5217 1149 5252 υ.
1179 5199 1293 5268 26).
1323 5198 1559 5252 Nondum
1609 5198 1831 5250 interro~

266 5302 505 5362 gaverat,
528 5299 580 5346 et
606 5292 777 5345 statim
800 5290 980 5344 didicit
1004 5305 1018 5354 ;
1047 5290 1275 5345 nondum
1301 5288 1417 5341 tidei
1440 5288 1654 5342 verbum
1675 5288 1830 5340 semi-

267 5391 512 5445 naverat,
543 5389 596 5434 et
621 5381 795 5434 statim
825 5379 1042 5432 fructum
1075 5379 1277 5446 pietatis
1300 5378 1579 5446 decerpsit.
1611 5379 1830 5430 Sanctus

267 5473 468 5542 quippe
497 5473 638 5526 Deus
659 5471 710 5524 in
739 5470 1060 5538 simplicibus
1086 5479 1138 5523 et
1158 5469 1352 5522 sanctis
1377 5469 1678 5536 requiescit,
1709 5482 1826 5520 cum

265 5561 571 5617 accedentis
600 5560 980 5628 simplicitatem
1010 5559 1233 5623 viderit;
1265 5559 1490 5626 explicat
1527 5559 1683 5611 etiam
1721 5559 1829 5625 ipse

265 5654 540 5723 sapientiae
563 5663 674 5704 sua:
700 5649 1088 5704 beneﬁcentiam
1121 5667 1133 5701 :
1165 5664 1282 5702 cum
1305 5648 1491 5702 viderit
1518 5656 1688 5700 autem
1720 5649 1829 5700 ani-

270 5763 411 5802 mam
457 5740 688 5810 nequitia
731 5754 1058 5808 perversam,
1106 5737 1414 5792 beneficium
1457 5735 1686 5801 cohibet,
1734 5751 1828 5790 nec

1267 412 1332 468 IN
1368 410 1590 479 ILLUD,
1631 410 1696 466 IN
1734 409 1873 477 QUA
1911 409 2324 483 POTESTATE,
2363 416 2514 475 ETC.

3401 455 3510 507 414

1944 522 2233 614 doctrinam
2260 528 2468 583 emittit.
2503 530 2635 586 Audi
2659 535 2783 604 quid
2809 537 2920 606 ipse
2939 538 3072 593 dicat
3101 556 3192 609 per
3216 543 3445 614 Moyse-nt
3482 565 3497 602 :

1942 610 2002 666 Si
2026 628 2110 668 vos
2137 616 2501 673 ambulaveritis
2521 638 2639 692 erga
2665 641 2742 676 me
2776 629 2916 693 recti,
2958 641 3004 681 et
3036 647 3127 699 ego
3168 649 3283 702 erga
3301 610 3392 688 'vos
3419 653 3498 689 re-

1939 711 2047 756 ctus
2064 703 2136 773 (a)
2157 704 2335 774 (Leuit.
2357 707 2444 762 26.
2473 710 2559 764 25.
2587 711 2696 780 2i);
2720 714 2761 767 si
2779 726 2952 770 autem
2976 734 3066 771 vos
3086 720 3300 790 obliqui,
3327 733 3381 777 et
3400 740 3496 794 ego

1941 800 2057 844 utar
2083 793 2230 848 vobis
2261 794 2439 851 furore
2467 799 2708 869 obliquo;
2747 820 2848 856 non
2875 807 3012 874 quod
3042 808 3214 864 divina
3255 823 3434 867 natura
3463 830 3492 867 a

1940 891 2082 934 recto
2104 882 2356 950 declinet;
2387 888 2477 940 sed
2502 891 2637 958 quod
2665 891 2935 960 improbis,
2962 912 3020 949 ea
3045 914 3158 966 qua:
3184 918 3244 954 ex
3275 905 3493 959 veritate

1942 969 2359 1060 proficiscuntur,
2397 991 2498 1029 non
2530 989 2668 1032 recta
2700 984 3002 1049 procedant.
3036 986 3099 1040 In
3129 1008 3224 1060 qua
3253 1005 3493 1060 potestate

1939 1059 2044 1112 [nec
2071 1062 2242 1129 facis?
2279 1074 2366 1115 aut
2408 1068 2516 1134 quis
2553 1068 2640 1120 tibi
2675 1071 2809 1124 dedit
2837 1075 2965 1126 hanc
3003 1059 3325 1142 potestatem?
3358 1085 3489 1139 Tum

1940 1149 2186 1205 Servator
2223 1154 2316 1207 eis.
2349 1156 2442 1211 llic
2466 1162 2696 1224 attende,
2724 1179 2877 1231 quam
2910 1168 3057 1220 nobis
3087 1171 3335 1225 doctrina:
3372 1193 3491 1229 nor-

1941 1255 2076 1292 mam
2130 1252 2183 1295 et
2235 1246 2466 1314 regulam
2519 1264 2773 1318 proponat
2819 1256 3174 1312 universorum
3221 1263 3488 1318 Dominus.

1938 1329 2186 1395 Quaenam
2220 1334 2330 1388 lure
2358 1339 2470 1389 est?
2507 1338 2623 1392 Vult
2653 1356 2746 1394 nos
2795 1344 3044 1413 improbis
3084 1349 3360 1416 hmreticis,
3401 1356 3492 1408 Ju-

1940 1419 2087 1483 dteis,
2119 1424 2416 1490 gentilibus,
2449 1430 2529 1481 vel
2560 1430 2678 1483 aliis
2709 1433 2796 1500 qui
2836 1448 2860 1484 a
2907 1436 2986 1502 pia
3033 1438 3281 1507 religione
3326 1443 3493 1497 desci-

1938 1512 2126 1576 verint,
2154 1530 2255 1567 non
2283 1519 2598 1584 respondere
2616 1536 2822 1588 semper
2842 1525 3185 1595 interrogatos
3231 1530 3486 1603 Contingit

1937 1606 2096 1660 enim.
2146 1606 2395 1673 contingit
2429 1623 2587 1676 smpe,
2631 1612 3083 1683 interrogationem
3123 1636 3222 1674 non
3253 1640 3370 1678 esse
3408 1642 3490 1680 re-

1936 1692 2217 1757 sponsione
2251 1694 2456 1762 dignam
2489 1715 2500 1749 :
2533 1709 2686 1767 atque
2716 1717 2809 1769 par
2843 1715 2922 1757 est
2955 1710 3165 1761 omnino
3195 1712 3490 1780 hujusmodi

1937 1779 2428 1870 interrogationibus
2488 1788 2657 1855 justas
2722 1792 3153 1863 interrogationes
3205 1779 3488 1870 opponere.

1937 1868 2059 1922 Ideo
2077 1871 2149 1923 ait
2171 1872 2270 1925 illis
2298 1873 2548 1929 Dominus
2579 1894 2591 1929 :
2630 1878 2952 1950 Interrogabo
2983 1902 3064 1939 vos
3104 1899 3149 1940 et
3186 1868 3490 1958 ego—sermo-

1937 1973 2067 2046 nem,
2105 1976 2248 2025 quem
2285 1963 2329 2014 si
2370 1964 2594 2018 dixeritis
2620 1969 2759 2034 mihi,
2799 1981 2842 2023 et
2887 1988 2975 2042 ego
3003 1975 3132 2029 vobis
3169 1983 3488 2046 respondebo.

1935 2045 2148 2101 Joannis
2177 2049 2466 2120 baptismus,
2513 2056 2695 2124 inquit,
2722 2062 2852 2112 unde
2876 2065 3022 2115 erat?
3063 2083 3123 2118 ex
3159 2045 3299 2132 creto,
3338 2089 3401 2123 an
3431 2091 3490 2126 et:

1937 2137 2214 2193 hominibus
2236 2140 2442 2210 (Matth.
2475 2145 2560 2199 2i.
2587 2147 2674 2200 24.
2712 2149 2829 2220 25)?
2862 2151 2989 2206 Vide
3016 2155 3141 2208 ntihi
3181 2159 3370 2212 fontem
3401 2176 3487 2213 sa-

1937 2228 2163 2296 pientim,
2211 2241 2268 2284 ut
2307 2233 2711 2305 interrogatione
2751 2242 3077 2296 mendacium
3119 2259 3298 2315 arguat
3330 2268 3343 2315 ;
3373 2253 3490 2306 vide

1936 2315 2061 2369 mihi
2091 2318 2314 2374 Verbum
2363 2323 2471 2388 Dei,
2513 2327 2650 2393 quod
2681 2330 2994 2400 syllogismis
3024 2339 3302 2403 nequitiam
3336 2357 3489 2396 ever-

1938 2406 2021 2459 tit:
2051 2407 2167 2461 vide
2193 2425 2398 2479 quoque
2425 2415 2693 2482 malitiam,
2739 2423 2998 2487 quomodo
3027 2425 3132 2477 suis
3165 2429 3278 2480 telis
3303 2432 3486 2482 confo-

1934 2499 2140 2561 diatur,
2186 2516 2247 2554 ac
2289 2505 2395 2556 suis
2436 2508 2606 2571 pravis
2656 2511 2853 2564 artibus
2906 2515 3176 2568 avellatur.
3229 2519 3487 2586 Bnptisma

1932 2588 2144 2642 Joannis
2173 2593 2302 2644 unde
2318 2605 2419 2645 erat
2441 2597 2465 2646 ἔ)
2491 2613 2553 2648 ea:
2571 2599 2710 2662 cazlo,
2736 2617 2800 2650 an
2825 2617 2886 2652 ea:
2910 2604 3187 2658 hominibus
3209 2610 3231 2660 ?
3261 2610 3336 2660 illi
3360 2629 3488 2678 quo-

1932 2696 2032 2746 que
2069 2682 2205 2747 apud
2234 2698 2289 2735 se
2319 2687 2574 2738 sermonis
2603 2688 2706 2740 vim
2743 2691 3102 2757 explorabant,
3132 2707 3184 2750 et
3217 2703 3358 2752 aiunt
3388 2721 3398 2755 :
3430 2705 3487 2757 Si

1934 2769 2223 2834 dixerimus,
2245 2769 2325 2823 Ea:
2346 2774 2481 2834 etclo,
2509 2775 2636 2826 dicet
2673 2779 2829 2842 nobis,
2861 2779 2960 2832 Cur
2982 2800 3097 2850 ergo
3137 2803 3234 2839 non
3269 2793 3487 2844 credidi-

1933 2862 2019 2909 stis
2051 2857 2206 2925 (Ibid.
2239 2876 2285 2912 υ.
2329 2861 2464 2931 26)?
2507 2863 2659 2918 Novit
2706 2869 3009 2936 improbitas
3047 2875 3263 2930 exitium
3301 2895 3484 2946 suum;

1934 2947 2076 2999 novit
2099 2961 2156 3000 se
2188 2964 2278 3016 per
2315 2967 2430 3018 qua.
2464 2956 2744 3020 protendit,
2784 2972 2876 3024 per
2903 2975 2961 3011 ea
2989 2961 3205 3018 destrui.
3243 2968 3369 3033 Quia
3394 2971 3486 3024 Jo-

1933 3039 2051 3089 anni
2085 3055 2183 3093 non
2219 3041 2724 3113 obtemperaverant,
2766 3052 3079 3108 verebantur
3115 3057 3286 3112 dicere
3314 3060 3484 3129 ipsum

1935 3142 1998 3180 ex
2027 3129 2132 3182 Deo
2153 3145 2289 3197 esse,
2321 3149 2384 3188 ne
2407 3150 2436 3188 e
2465 3137 2681 3205 vestigio
2717 3151 3022 3207 sequeretur
3049 3148 3401 3213 reprehensio.
3426 3154 3486 3207 Si

1932 3230 2093 3272 autem
2120 3224 2406 3288 dixerimus,
2444 3226 2524 3280 Ea:
2552 3229 2860 3292 hominibus,
2899 3234 3122 3289 timemus
3161 3242 3383 3305 turbam,
3426 3262 3486 3298 ne

1933 3311 2212 3378 lopidcmur
2238 3313 2385 3382 (Luc.
2428 3317 2515 3368 20.
2559 3317 2633 3386 6).
2681 3318 2808 3372 Nam
2851 3336 3208 3393 przeoceupata
3244 3330 3308 3383 de
3341 3332 3485 3400 justo

1932 3400 2108 3463 opinio
2153 3401 2520 3457 inexorabilem
2562 3405 2836 3460 adversum
2891 3425 2985 3462 nos
3039 3412 3169 3467 feret
3209 3418 3483 3474 ultionem.

1938 3486 2108 3538 Omnis
2128 3490 2256 3539 enim
2283 3492 2496 3557 populus
2525 3493 2729 3545 habebat
2759 3493 3004 3549 Joannem
3043 3501 3170 3553 sicut
3196 3507 3485 3573 prOphetam

1938 3575 2142 3645 (Matth.
2172 3578 2259 3631 21.
2286 3577 2396 3649 26).
2447 3580 2732 3636 Noluerunt
2772 3601 2898 3654 ergo
2925 3603 3043 3640 vera
3074 3590 3267 3657 diecre,
3299 3612 3485 3664 nempe

1932 3667 2067 3734 quod
2109 3684 2168 3721 ex
2216 3669 2324 3724 Deo
2368 3682 2546 3725 esset:
2580 3673 2672 3727 Dei
2716 3690 2937 3746 namque
2972 3681 3241 3735 veritatem
3281 3686 3486 3752 objece-

1932 3767 2068 3820 runt,
2100 3773 2160 3810 ac
2183 3759 2508 3813 mendacium
2539 3763 2711 3816 dicere
2734 3781 2835 3817 non
2856 3767 2965 3819 ausi
3002 3779 3157 3832 sunt;
3187 3771 3485 3839 impruden-

1935 3848 2017 3900 tiae
2057 3849 2194 3901 enim
2241 3849 2464 3917 judicem
2509 3851 2769 3906 habebant
2801 3856 3060 3921 timorem,
3108 3857 3349 3928 huncque
3380 3879 3482 3918 non

1932 3938 2182 4000 divinum,
2210 3938 2302 3992 sed
2332 3939 2633 3993 humanum.
2666 3942 2791 3995 Nam
2824 3945 2889 3997 ita
2914 3961 2971 3999 se
2993 3962 3074 4000 res
3114 3949 3266 4003 habet
3293 3968 3307 4016 ;
3335 3954 3485 4009 multi

1932 4042 2069 4093 smpe
2099 4027 2188 4079 Dei
2208 4029 2393 4080 timore
2415 4044 2514 4082 non
2540 4031 2762 4098 praediti.
2788 4033 3010 4088 humano
3032 4039 3260 4092 serviunt
3287 4042 3482 4097 timori.

1932 4117 2206 4171 Timebant
2235 4118 2459 4186 plebem.
2501 4118 2705 4172 Utinam
2745 4121 2923 4188 Deum,
2962 4140 3062 4178 non
3094 4128 3327 4194 plebem!
3361 4132 3486 4185 illud

1932 4223 2155 4276 namque
2183 4208 2387 4275 pietatis
2410 4219 2508 4272 est,
2542 4209 2640 4262 hoc
2667 4211 2962 4277 impietatis.
2999 4214 3184 4267 Dicunt
3211 4219 3275 4280 ei,
3307 4219 3486 4272 Nesci-

1933 4314 2041 4349 mus
2066 4297 2253 4365 (Marc.
2282 4299 2366 4350 ii.
2390 4297 2499 4366 55).
2537 4299 2662 4351 Vide
2683 4301 2943 4368 quomodo
2964 4303 3188 4371 nequitia
3213 4306 3261 4358 in
3292 4307 3487 4376 impro-

1934 4389 2014 4441 bis
2045 4388 2207 4441 latitet
2232 4405 2244 4440 :
2273 4389 2389 4442 vide
2430 4391 2691 4458 quomodo
2717 4391 3088 4447 absorditatem
3118 4410 3264 4450 suam
3297 4400 3486 4468 impie.

1936 4489 2014 4533 tas
2054 4481 2325 4548 przedicat.
2373 4482 2499 4535 Nam
2544 4484 2677 4537 sicut
2721 4485 2929 4553 vipera,
2980 4496 3069 4540 aut
3111 4489 3484 4547 innnanissitna

1934 4589 2152 4641 quaeque
2179 4575 2304 4636 fera,
2338 4575 2386 4626 in
2416 4573 2644 4627 latibulis
2670 4575 2883 4644 degens,
2908 4579 3100 4630 sensim
3123 4594 3152 4631 e
3179 4595 3335 4647 specu
3366 4597 3484 4649 pro-

1936 4663 2032 4726 dit,
2067 4679 2161 4718 nec
2195 4665 2406 4717 omnino
2432 4665 2542 4716 vult
2581 4665 2827 4732 prodire:
2861 4666 2935 4718 sic
2970 4676 3022 4719 et
3053 4667 3215 4720 Jlttitl'i
3258 4670 3305 4720 in
3337 4680 3484 4723 antro

1936 4755 2201 4820 pravitatis
2228 4763 2514 4818 versantes,
2563 4755 2873 4808 sententiam
2902 4770 3047 4809 suam
3097 4759 3144 4809 in
3187 4759 3352 4812 lucem
3384 4778 3486 4816 non

1933 4845 2220 4912 proferunt.
2246 4844 2591 4910 Quamobrem
2618 4844 2866 4897 Dominus
2886 4846 2957 4897 ait
2981 4847 3082 4898 illis
3103 4866 3114 4900 :
3142 4847 3248 4901 Nec
3269 4867 3356 4919 ego
3378 4854 3488 4906 dico

1934 4933 2064 4985 vobis
2089 4932 2293 5002 (Matth.
2323 4933 2411 4986 2i.
2440 4933 2550 5003 27).
2581 4934 2707 4987 Vide
2736 4935 3000 5002 quomodo
3021 4937 3281 4991 silentium
3309 4942 3491 4996 absur-

1938 5024 2051 5077 dam
2077 5025 2528 5092 interrogationem
2561 5026 2889 5094 castigaverit
2920 5043 2932 5078 :
2963 5028 3081 5082 vide
3107 5032 3368 5097 quomodo
3401 5050 3491 5088 ne-

1935 5116 2108 5182 quitiae
2147 5129 2248 5167 non
2289 5114 2471 5167 fecerit
2510 5116 2656 5178 satis,
2702 5115 2793 5168 sed
2832 5117 3080 5169 averterit
3108 5133 3198 5170 eos
3233 5121 3284 5172 in
3317 5123 3493 5177 medio

1937 5207 2344 5260 ratiociniorum.
2378 5206 2440 5258 Et
2464 5205 2600 5274 quod
2631 5206 2752 5259 olim
2793 5207 3007 5275 contigit
3050 5209 3211 5263 asina:
3239 5211 3487 5276 Balaami,

1936 5307 1989 5350 ut
2016 5313 2110 5351 nec
2129 5297 2194 5350 ad
2219 5298 2508 5361 dexteram,
2539 5311 2634 5350 nec
2672 5297 2735 5349 ad
2761 5297 3024 5350 sinistram
3063 5309 3237 5365 posset
3262 5300 3490 5355 declinaa

1936 5403 2010 5448 re,
2059 5395 2270 5454 propter
2311 5386 2572 5454 angelum,
2619 5385 2705 5453 qui
2749 5386 2933 5438 obvius
2963 5387 3132 5439 stabat
3177 5387 3362 5456 (Nam.
3401 5391 3488 5443 2'2.

1931 5475 2022 5544 26)
2068 5493 2081 5526 :
2123 5475 2174 5528 id
2212 5476 2402 5529 accidit
2437 5475 2667 5529 Iudaica:
2712 5475 3062 5542 improbitati,
3109 5493 3224 5545 qua)
3276 5494 3373 5533 nec
3425 5480 3490 5536 ad

1932 5567 2202 5620 dexteram
2246 5566 2477 5620 veritatis
2518 5579 2644 5618 ausa
2683 5573 2762 5618 est
2805 5565 3097 5632 respicere,
3138 5568 3205 5619 ob
3243 5567 3490 5622 Servato-

1994 5744 2070 5805 (ιι)
2103 5752 2208 5792 Iltt'C
2233 5756 2324 5792 non
2349 5744 2405 5791 ad
2434 5743 2633 5793 verbum
2659 5757 2718 5792 cx
2745 5744 2978 5803 Scriptura
3000 5739 3250 5799 desumpta
3273 5748 3400 5789 sunt.
