4102 6474
644 411 756 465 415

650 521 762 563 rem
791 507 1124 577 1tbnegatum,
1156 506 1325 575 neque
1359 503 1425 559 ad
1466 505 1729 559 sinistram
1757 500 2037 567 mendacii,
2067 509 2207 555 metu

649 596 835 665 plebis.

725 705 985 761 Ila'reticis
1010 707 1256 775 quomodo
1287 707 1705 774 respondendum.
1736 705 1921 760 Contra
1945 705 2207 757 Anomazos

649 797 914 863 agitan—
937 796 1158 864 Oportet
1183 797 1337 864 igitur
1360 812 1454 848 nos
1494 811 1722 864 quoque,
1765 795 1974 860 fratres,
2002 794 2100 849 hac
2122 810 2204 848 re-

648 885 766 951 gula
791 899 821 936 a
845 884 1063 937 Domino
1088 894 1321 952 accepta,
1365 899 1468 937 non
1498 886 1669 938 omnia
1699 885 1956 938 hazreticis
1983 884 2208 936 interro-

645 973 891 1041 gantibus
917 972 1110 1027 dicere.
1137 972 1270 1026 Cum
1297 974 1434 1026 male
1459 974 1858 1042 interrogaverit
1901 973 2203 1037 hwreticus,

651 1063 813 1116 altera
831 1061 970 1130 justa
1003 1062 1411 1130 interrogatione
1435 1062 1712 1115 absurdam
1731 1063 1844 1131 ejus
1863 1064 2203 1132 quaestionem

647 1154 811 1208 solve.
841 1155 994 1220 Saepe
1014 1162 1347 1222 percontatur
1373 1153 1648 1206 haereticus
1675 1170 1689 1206 :
1717 1153 1860 1206 Nosti
1891 1153 2055 1206 Deum
2073 1192 2087 1214 ,
2137 1167 2204 1204 an

650 1258 754 1296 non
786 1243 962 1296 nosti?
982 1243 1036 1296 Si
1067 1243 1282 1307 dixeris,
1315 1240 1466 1309 Novi,
1488 1244 1660 1296 statim
1682 1244 1888 1310 reponit
1914 1259 1927 1294 :
1953 1241 2090 1310 Ergo
2111 1257 2197 1293 no-

647 1334 714 1386 sti
735 1332 872 1401 quod
893 1333 1057 1386 colis?
1083 1333 1239 1396 Sane,
1267 1333 1434 1402 inquit
1472 1333 1607 1400 pius.
1632 1332 1758 1396 Quis
1786 1333 1924 1385 enim
1952 1331 2205 1384 sustineat

644 1421 846 1486 dicere,
875 1436 932 1476 se
958 1421 1008 1474 id
1036 1422 1210 1476 colere
1234 1422 1373 1490 quod
1413 1435 1515 1474 non
1543 1420 1726 1474 novit?
1755 1421 1914 1474 Instat
1944 1421 2029 1475 ille
2054 1440 2066 1475 :
2093 1421 2202 1475 No-

647 1513 712 1565 sti
744 1527 869 1581 ergo
897 1512 984 1565 Dei
1011 1511 1379 1565 substantiam?
1407 1509 1458 1565 Si
1484 1517 1534 1562 te
1553 1512 1687 1564 scire
1710 1511 1997 1578 negaveris,
2025 1512 2200 1564 statint

647 1603 828 1670 objicit
857 1620 870 1654 :
903 1603 1038 1670 Ergo
1066 1616 1167 1653 non
1195 1601 1331 1654 nosti
1363 1601 1411 1653 id
1442 1600 1579 1670 quod
1609 1601 1756 1653 colis.
1799 1599 1925 1653 Vide
1956 1601 2080 1653 mihi
2111 1600 2204 1655 de-

651 1702 783 1744 torta
810 1693 998 1754 verba;
1029 1689 1145 1744 vide
1167 1691 1509 1759 malignorum
1564 1691 1882 1758 serpentium
1926 1690 2199 1745 versutias.

651 1781 810 1835 Vides
827 1798 839 1833 :
859 1795 1038 1834 verum
1069 1781 1263 1835 turbari
1286 1795 1386 1834 non
1403 1789 1629 1849 oportet.
1652 1781 1778 1834 Illud
1800 1781 1960 1846 enim,
1982 1782 2200 1846 fratres,

647 1872 918 1926 sciendum
947 1881 1047 1936 est,
1079 1872 1270 1926 multos
1298 1887 1416 1927 esse
1441 1871 1638 1925 sciendi
1663 1872 1863 1924 modos.
1890 1871 2068 1925 Potest
2086 1871 2202 1939 quis

645 1962 783 2015 scire
805 1961 962 2014 Demn
985 1975 1119 2023 esse,
1151 1976 1245 2013 nec
1267 1968 1437 2014 tamen
1461 1962 1599 2014 scire
1625 1959 1887 2029 quomodo
1920 1963 2007 2012 sit.
2030 1961 2203 2025 Quan-

653 2050 930 2118 doquidem
956 2049 1112 2103 etiam
1136 2048 1272 2117 apud
1301 2064 1396 2103 nos
1414 2051 1651 2104 homines
1677 2052 1853 2102 inulta:
1880 2058 2000 2102 sunt
2024 2050 2202 2117 cogni-

648 2141 806 2194 tionis
838 2141 953 2194 viae.
985 2140 1114 2194 Novi
1148 2141 1284 2195 hunc
1306 2141 1568 2195 hominem
1604 2141 1654 2193 in
1678 2142 1776 2195 ista
1816 2141 1942 2195 urbe
1966 2157 2198 2207 manere,

645 2245 746 2284 nec
793 2241 964 2286 tamen
999 2231 1116 2284 novi
1144 2248 1298 2300 quam
1337 2242 1505 2287 artem
1550 2243 1832 2288 exerceat:
1879 2235 1997 2286 novi
2041 2235 2199 2288 alium

649 2321 803 2373 talem
828 2328 1160 2373 exercentem
1187 2329 1373 2384 artem,
1401 2336 1496 2374 nec
1526 2323 1645 2374 novi
1674 2321 1810 2376 unde
1831 2337 1998 2391 genus
2022 2323 2198 2376 ducat.

645 2409 839 2464 Partim
882 2425 1068 2479 nennpe
1096 2425 1356 2480 Cognosco
1376 2452 1391 2476 ,
1425 2412 1612 2480 partim
1656 2413 1859 2482 ignoro.
1891 2413 1944 2466 In
1974 2429 2198 2480 summa,

643 2502 974 2570 particularis
989 2503 1334 2571 cognitionon
1367 2503 1563 2557 inducit
1589 2503 1877 2573 perfectam
1905 2505 2197 2569 scientiam,

640 2607 816 2662 neque
871 2607 976 2647 non
1024 2593 1199 2647 omnia
1245 2608 1600 2663 cognoscere,
1653 2596 2014 2664 particularem
2069 2598 2204 2651 tollit

639 2682 1014 2750 cognitionem.
1044 2682 1178 2749 Quid
1207 2683 1372 2753 ergo?
1401 2682 1530 2737 Novi
1553 2698 1670 2738 esse
1715 2684 1898 2750 Deum,
1953 2685 2202 2754 illumque

644 2772 863 2834 bonum,
895 2771 1266 2837 immortalem,
1307 2773 1752 2842 incorruptibilcm
1773 2814 1788 2838 ,
1820 2790 1976 2841 quem
2007 2776 2202 2844 cogita-

641 2860 786 2913 tione
811 2874 1002 2929 capere
1033 2876 1134 2914 non
1169 2861 1449 2929 possimus,
1484 2862 2092 2930 incomprehensibilem,
2121 2864 2202 2917 in-

640 2961 982 3015 corporeum,
1011 2947 1406 3005 immutabilem.
1431 2950 1553 3004 llaec
1572 2951 1743 3004 omnia
1773 2953 1914 3019 novi,
1939 2964 1992 3008 et
2015 2969 2202 3022 cogno-

642 3049 798 3089 scens
846 3036 1031 3088 adoro.
1061 3039 1335 3102 Quomodo
1362 3048 1536 3091 autem
1573 3041 1640 3092 sit
1669 3055 1769 3092 non
1817 3044 1934 3093 novi
1962 3082 1976 3103 ,
2031 3058 2201 3110 neque

640 3124 858 3178 edoctus
873 3140 988 3179 sum
1004 3127 1278 3196 exquirere
1297 3128 1562 3197 quomodo
1577 3129 1662 3192 sit,
1685 3130 1774 3183 sed
1791 3132 1929 3199 quod
1946 3133 2034 3186 sit.
2061 3134 2200 3201 Apo-

641 3215 777 3267 stolo
805 3215 945 3268 enim
975 3216 1226 3282 majorem
1256 3218 1516 3271 neminem
1543 3219 1754 3271 invenio
1777 3221 2069 3286 doctorem,
2110 3223 2198 3290 qui

642 3306 808 3374 pessit
831 3308 1085 3374 majorem
1117 3308 1242 3361 mihi
1272 3309 1516 3376 pietatem
1540 3311 1870 3379 suppeditare
1899 3327 1911 3364 :
1943 3313 2030 3380 qui
2060 3313 2197 3366 clara

642 3408 772 3447 voce
797 3408 922 3447 usus
949 3395 1014 3448 atl
1040 3395 1177 3449 hunc
1199 3397 1407 3450 modum
1430 3398 1583 3451 docet
1614 3414 1628 3450 :
1656 3397 1866 3452 Credere
1888 3401 2016 3452 enim
2046 3417 2197 3470 Opor-

638 3491 705 3536 tet
729 3484 1040 3537 accedentem
1068 3485 1135 3536 ad
1162 3485 1345 3547 Deum,
1367 3488 1482 3554 quia
1528 3497 1601 3539 est
1627 3486 1807 3553 (Hebr.
1839 3489 1923 3541 Η.
1957 3489 2008 3556 6)
2046 3507 2060 3541 :
2093 3504 2194 3541 non

639 3575 902 3640 quomodo
917 3584 1018 3636 est,
1047 3575 1137 3628 sed
1167 3577 1297 3642 Quia
1323 3587 1412 3641 est,
1442 3589 1487 3631 et
1510 3579 1866 3646 inquirentibus
1891 3597 1943 3633 se
1969 3596 2194 3634 remune-

640 3673 779 3714 rator
796 3674 884 3717 est.
905 3664 1080 3732 Itaque
1097 3665 1233 3734 quod
1255 3667 1373 3720 novi
1395 3669 1529 3721 colo.
1554 3668 1664 3721 Non
1680 3668 1832 3722 didici
1850 3668 1935 3723 Dei
1953 3670 2196 3724 substan-

640 3755 760 3806 tiam
789 3755 1086 3822 explorare.
1116 3755 1341 3810 Credere
1365 3757 1541 3821 didici,
1565 3757 1789 3822 fratres;
1819 3758 2056 3821 credere,
2092 3774 2193 3812 non
2220 3778 2223 3782 ·

639 3843 877 3895 scrutari.
898 3842 1035 3910 Lege
1059 3841 1438 3896 confessionem
1461 3853 1622 3909 tuam,
1649 3845 1910 3906 hairetice,
1939 3846 1986 3897 in
2006 3861 2196 3899 arcano

636 3939 688 3983 et
707 3929 978 3983 tremendo
994 3931 1246 4000 mysterio
1268 3932 1542 3999 prolatam.
1557 3933 1774 3999 Quando
1789 3935 1853 3988 ad
1881 3934 2193 4002 baptismum

636 4018 925 4080 arcessisti,
957 4019 1080 4088 quid
1107 4019 1321 4074 dixisti?
1350 4037 1415 4075 an
1445 4038 1707 4091 qumrens,
1751 4039 1817 4078 an
1862 4026 2068 4079 curiose
2103 4043 2194 4080 ex.

637 4108 871 4175 plorans,
904 4109 986 4162 vel
1015 4109 1260 4165 credens?
1286 4112 1400 4164 Alia
1427 4113 1726 4168 conditione
1759 4116 1967 4178 venisti,
1998 4125 2049 4168 et
2075 4132 2192 4170 cum

634 4198 744 4250 alio
765 4207 917 4266 pacto
948 4197 1022 4271 (a)
1048 4201 1289 4270 dignatus
1311 4218 1368 4255 es
1400 4203 1481 4254 illa
1507 4204 1693 4271 gratia.
1744 4206 1819 4258 Ac
1843 4206 1886 4258 si
1929 4205 2041 4260 hinc
2069 4223 2193 4261 sen-

636 4291 774 4346 tiens
804 4291 971 4360 gratia
995 4293 1219 4346 donatus
1247 4308 1324 4358 es,
1360 4293 1512 4348 fidem
1542 4303 1595 4348 et
1618 4305 1764 4363 pacta
1791 4296 2029 4363 violasti,
2056 4309 2110 4352 et
2141 4300 2191 4353 in

637 4381 927 4434 tremendis
952 4381 1160 4450 quidem
1206 4384 1583 4453 horrendisque
1624 4388 1887 4455 mysteriis
1915 4387 2066 4441 fidem
2095 4389 2191 4442 ob-

637 4471 824 4535 tulisti,
844 4481 987 4524 cxtra
1017 4473 1260 4542 mysteria
1284 4489 1409 4526 vero
1433 4475 1767 4533 constitutus.
1787 4476 1938 4530 fidem
1966 4478 2192 4530 circum-

634 4562 846 4626 scribis,
876 4571 928 4616 et
953 4565 1291 4631 quaastionem
1319 4579 1516 4617 moves.

708 4652 761 4707 3.
794 4652 1142 4705 Anomueorum
1183 4653 1410 4721 objectio.
1457 4653 1625 4722 Opera
1670 4654 1763 4708 Dei
1799 4673 1896 4709 non
1946 4658 2189 4725 capimus,

635 4753 820 4813 quanto
870 4744 1032 4795 minus
1075 4742 1413 4796 Deum—At
1462 4744 1577 4797 vide
1606 4745 1726 4812 quid
1768 4746 1907 4799 dicat
1950 4745 2192 4802 inimicus

637 4832 894 4886 veritatis.
927 4832 1059 4886 Num
1089 4833 1276 4886 frustra
1310 4834 1448 4887 Deus
1486 4835 1758 4887 ratiocinia
1791 4836 1939 4888 nobis
1971 4837 2192 4890 indidit?

638 4939 760 4976 num
808 4923 997 4975 frustra
1045 4923 1341 4990 accepimus
1379 4923 1558 4991 judicii
1611 4923 1948 4977 facultatem?
1976 4924 2194 4994 Oportet

635 5012 926 5068 rationibus
965 5012 1277 5079 investigare
1311 5010 1485 5076 (idem,
1515 5028 1610 5066 nec
1638 5013 1751 5066 sine
1790 5015 2028 5067 examine
2069 5015 2192 5068 reli-

636 5106 844 5172 gionem
875 5119 1011 5157 esse.
1055 5103 1234 5155 Recte.
1268 5102 1457 5155 Verum
1499 5105 1751 5157 examinis
1799 5121 2032 5157 normam
2078 5121 2192 5159 csse

635 5203 844 5262 oportet
895 5194 1066 5245 divina
1109 5193 1348 5260 eloquia,
1403 5195 1710 5262 rcgulasque
1757 5195 1963 5264 pietatis
2002 5211 2030 5249 a
2086 5198 2192 5250 Deo

641 5284 793 5338 nobis
847 5284 1081 5338 traditas.
1127 5282 1206 5336 Tu
1245 5299 1370 5338 vero
1415 5285 1623 5354 regulas
1668 5295 2044 5355 transgressus,
2089 5301 2190 5341 non

701 5465 775 5525 (a)
809 5462 1138 5525 Emendandus
1161 5475 1248 5525 per
1272 5465 1569 5525 occasionem
1594 5471 1669 5513 cst
1690 5465 1943 5513 Leidradus
1963 5465 2026 5525 de
2048 5467 2196 5525 Bapti-

637 5538 742 5586 snio
758 5523 868 5584 cap.
891 5525 959 5586 6,_
973 5530 1024 5571 ut
1057 5524 1106 5570 in
1133 5535 1192 5570 eo
1215 5524 1283 5586 sic
1319 5523 1506 5583 legatur
1532 5534 1668 5586 :‘Has
1698 5525 1933 5586 pactiones
1958 5523 2122 5586 ﬁdeles
2145 5526 2195 5574 in

639 5581 833 5646 curiam
847 5581 1088 5646 proferunt
1113 5581 1418 5646 angelicam]
1431 5583 1626 5646 nomina
1645 5581 1981 5646 proﬁtentium
2002 5585 2051 5633 in
2075 5585 2196 5634 libro

636 5643 946 5706 excutiuntur
979 5644 1119 5706 uiue,
1131 5657 1225 5706 non
1246 5657 1274 5689 α
1297 5643 1495 5706 quolibet
1528 5643 1711 5694 homine
1732 5643 1758 5701 ,⁷
1778 5645 1861 5694 sed
1892 5659 1924 5693 a
1951 5646 2194 5706 superiore

638 5703 823 5754 (inlitus
838 5709 1078 5768 potestate.
1104 5703 1332 5752 Veterum
1356 5703 1688 5753 Analectorum
1709 5713 1837 5754 Tom.
1861 5707 1909 5756 5.
1932 5703 2129 5757 coteter.

2117 386 2382 444 lNCERTl

3760 411 3870 464 416

2315 501 2538 556 inhaeres
2566 501 2759 556 divinis
2786 500 3068 569 Scripturis
3088 542 3102 565 ,
3146 501 3237 555 sed
3266 501 3438 556 divina
3476 503 3734 558 scrutaris
3810 514 3867 559 et

2311 593 2416 646 vim
2455 593 2614 646 infers
2639 592 2880 655 veritati;
2925 601 2979 646 et
3004 593 3198 661 ubique
3219 592 3431 647 aﬂ‘ectas
3462 595 3721 648 rationum
3755 612 3864 649 ma-

2309 683 2388 750 gis
2415 682 2561 751 scqui
2604 681 2871 746 salebras,
2898 697 3054 750 quam
3109 681 3228 736 fidei
3283 682 3510 749 servire,
3553 684 3702 752 quasi
3738 685 3865 737 alio-

2312 788 2425 827 rum
2453 775 2690 842 peritiam
2734 773 2948 837 habeas,
2979 783 3068 827 aut
3095 775 3339 841 aliorum,
3366 792 3555 844 nempe
3578 795 3699 846 qua:
3741 795 3858 832 cer-

2311 873 2523 923 nuntur,
2555 863 2952 930 experientiam.
3011 863 3271 918 ltenuntia
3298 866 3421 918 mibi
3470 868 3859 923 ratiociniorum

2308 953 2444 1008 serie
2465 952 2648 1018 fultus,
2674 955 2937 1022 quomodo
2949 957 3132 1009 ca'lum
3151 956 3315 1022 stetit,
3335 957 3383 1011 in
3404 965 3544 1010 tanta
3565 958 3858 1022 altitudine,

2309 1043 2359 1096 in
2388 1053 2490 1096 tam
2527 1043 2778 1098 immensa
2809 1046 3154 1112 eoucavitate,
3184 1056 3236 1101 et
3273 1047 3473 1100 nullum
3504 1048 3555 1101 in
3588 1059 3729 1102 tanto
3749 1066 3862 1102 am-

2307 1133 2416 1186 bitu
2444 1132 2660 1186 fulcrum
2689 1135 2919 1188 habens?
2937 1136 3208 1202 Quomodo
3236 1139 3398 1199 stetit,
3426 1153 3456 1192 a
3486 1154 3591 1208 quo
3608 1151 3858 1210 gestatur,

2307 1239 2426 1292 qua:
2473 1223 2808 1279 fundamenta
2848 1237 2970 1279 sunt
3012 1229 3199 1296 quibus
3246 1230 3463 1283 nititur?
3509 1248 3608 1300 qua
3659 1237 3862 1287 ratione

2309 1329 2402 1382 per
2453 1322 2650 1366 tantum
2695 1324 2898 1384 tempus
2944 1331 3044 1371 non
3087 1319 3307 1373 solvitur
3358 1320 3706 1388 pulchritudo,
3755 1341 3856 1377 non

2307 1406 2442 1475 perit
2466 1416 2751 1460 concentus
2771 1408 2922 1476 ejus?
2945 1408 3174 1464 Ostende
3192 1411 3460 1466 columnas
3487 1427 3602 1481 qua:
3625 1413 3854 1476 fnlciant,

2305 1493 2523 1548 ostende
2551 1495 2715 1549 basim
2745 1505 2902 1550 tanta:
2930 1499 3053 1552 moli
3081 1499 3387 1567 subjectam.
3417 1500 3616 1569 Ecquid
3647 1502 3713 1556 de
3731 1505 3856 1557 ca-lo

2307 1586 2528 1654 loquor,
2561 1601 2665 1640 non
2692 1587 2759 1642 de
2801 1597 2934 1641 terra
2978 1603 3135 1656 quam
3165 1591 3348 1644 calco?
3385 1591 3614 1646 Primum
3657 1594 3856 1662 explica

2307 1676 2433 1728 mihi
2481 1686 2633 1730 terra:
2662 1678 3110 1732 constitutionem.
3138 1679 3286 1746 Quod
3324 1680 3466 1733 enim
3496 1695 3652 1749 super
3694 1699 3858 1751 aquas

2307 1764 2516 1818 fundata
2566 1765 2634 1820 sit
2673 1764 2840 1834 (Psal.
2865 1767 2951 1820 23.
2982 1767 3061 1835 2),
3094 1767 3193 1821 hoc
3243 1779 3297 1823 et
3324 1785 3424 1838 ego
3465 1773 3665 1838 accepi,
3713 1782 3766 1826 et
3806 1783 3859 1826 tu

2305 1854 2594 1908 confiteris.
2622 1857 2688 1908 At
2725 1857 2989 1924 quomodo
3019 1871 3175 1925 super
3225 1872 3387 1927 aquas
3415 1859 3616 1912 firmata
3639 1861 3725 1921 sit,
3765 1877 3862 1914 cx-

2307 1957 2461 2009 pone.
2499 1943 2577 1997 Nc
2603 1944 2908 2011 simpliciter
2933 1960 3226 2000 sermonem
3269 1948 3518 2015 excipias,
3548 1947 3639 2002 sed
3664 1951 3864 2018 qtta‘si-

2307 2039 2477 2084 torum
2501 2033 2754 2086 rationem
2775 2033 2935 2087 redde
2960 2052 2971 2087 :
3000 2036 3264 2103 quomodo
3282 2045 3357 2089 tot
3381 2037 3615 2106 tantique
3630 2047 3857 2101 montes,

2304 2122 2485 2187 colles,
2531 2123 2694 2176 valles
2746 2139 2904 2192 super
2950 2139 3111 2192 aquas
3162 2124 3416 2179 ferantur.
3465 2126 3554 2181 Dic
3595 2130 3865 2194 quomodo

2305 2227 2449 2264 mare
2475 2222 2772 2280 separatum
2802 2216 2902 2275 sit;
2934 2213 3017 2267 die
3048 2229 3154 2283 quo
3190 2225 3341 2284 pacto
3372 2226 3446 2270 tot
3475 2217 3718 2272 fluctibus
3744 2219 3862 2288 agi-

2306 2311 2487 2376 tatum,
2513 2314 2562 2356 et
2587 2305 2637 2356 in
2661 2304 2968 2359 immensam
2989 2321 3208 2375 surgens
3226 2306 3574 2371 altitudinem,
3597 2324 3714 2362 cum
3734 2325 3859 2363 are-

2305 2407 2423 2444 nam
2455 2393 2661 2462 attingit
2686 2395 2938 2458 solvatur,
2967 2404 3020 2448 et
3049 2397 3362 2464 legislatoris
3391 2399 3668 2451 terminum
3705 2415 3866 2452 reve-

2304 2491 2498 2534 reatur.
2551 2482 2919 2550 Interpretare,
2969 2484 3147 2548 frater,
3177 2485 3440 2553 quomodo
3481 2501 3600 2539 cum
3646 2502 3748 2540 una
3791 2488 3864 2542 sit

2305 2579 2461 2632 terra,
2496 2586 2592 2624 una
2623 2583 2808 2635 mater,
2861 2572 3083 2627 diversa)
3132 2574 3324 2642 planta:
3377 2576 3502 2640 sint,
3557 2577 3695 2630 unde
3721 2577 3863 2630 radi-

2304 2673 2391 2711 ces
2417 2674 2638 2724 auiam,
2662 2660 2804 2714 unde
2838 2661 3020 2716 dulces
3045 2703 3060 2728 ,
3089 2662 3225 2716 unde
3268 2663 3529 2717 fructuum
3559 2665 3863 2718 varietates.

2306 2748 2418 2803 Una
2451 2758 2586 2802 terra
2613 2750 2911 2819 germinans
2940 2761 3042 2817 est,
3077 2768 3212 2807 unus
3233 2753 3401 2807 imber
3426 2755 3518 2807 alit
3546 2771 3560 2805 :
3591 2756 3728 2808 unde
3751 2756 3866 2808 dif-

2304 2840 2549 2894 ferentia?
2571 2842 2783 2910 Explica
2811 2843 2948 2897 umle
2971 2843 3275 2912 prodierunt
3295 2846 3482 2908 fontes,
3509 2855 3562 2900 et
3586 2862 3649 2900 ex
3673 2848 3866 2915 quibus

2303 2930 2506 3000 abyssis
2538 2949 2550 2984 :
2581 2948 2681 3000 qua
2709 2933 2910 2987 ratione
2953 2933 3064 2987 hzrc
3092 2937 3292 3003 possint
3329 2936 3720 3004 comprehendi.
3756 2937 3865 2992 Ve-

2304 3038 2418 3076 rum
2465 3024 2673 3091 quando
2715 3024 2780 3078 de
2810 3024 2890 3078 his
2934 3025 3379 3093 dubitaverimus,
3413 3043 3566 3082 unam
3609 3027 3865 3083 habemus

2303 3127 2479 3166 veram
2505 3124 2558 3166 et
2580 3114 2716 3182 piam
2743 3116 3092 3183 quaestionum
3122 3118 3460 3172 solutionem.
3487 3125 3656 3188 Atque
3675 3120 3866 3173 beatus

2305 3204 2466 3257 David
2515 3205 2710 3259 cecinit
2741 3206 2820 3259 his
2863 3207 3082 3260 verbis:
3131 3207 3260 3272 Quia
3306 3219 3494 3262 rectum
3538 3221 3608 3264 est
3661 3213 3865 3264 verbum

2307 3291 2525 3358 Domini,
2549 3301 2594 3346 et
2615 3296 2777 3348 omnia
2798 3311 2946 3362 opera
2967 3298 3074 3367 ejus
3094 3299 3144 3349 in
3170 3297 3271 3365 ﬁde
3297 3297 3465 3366 (Psal.
3493 3298 3669 3366 52.4).
3687 3297 3861 3367 Opera

2301 3386 2413 3439 sine
2436 3386 2537 3439 fide
2562 3387 2932 3455 comprehendi
2959 3398 3244 3457 nequeunt,
3273 3398 3327 3443 et
3355 3390 3490 3444 Deus
3510 3390 3623 3444 sine
3649 3391 3748 3444 fide
3777 3391 3864 3442 iu-

2302 3475 2464 3526 veniri
2495 3476 2719 3543 poterit?
2755 3476 2924 3544 Opera
2952 3491 3054 3530 non
3077 3478 3190 3531 sine
3221 3476 3340 3539 fide,
3364 3487 3417 3532 et
3443 3478 3605 3532 Filius
3633 3479 3861 3532 demon-

2299 3565 2592 3618 stratione?
2624 3564 2756 3630 Quia
2784 3574 2972 3618 rectum
3001 3577 3071 3618 est
3104 3568 3300 3619 verbum
3323 3565 3560 3630 Domini,
3606 3577 3650 3619 et
3687 3570 3862 3620 omnia

2299 3673 2450 3724 Opera
2476 3659 2585 3724 ejus
2612 3657 2662 3708 in
2690 3657 2810 3722 ﬁde.
2843 3656 3032 3709 Verum
3061 3671 3176 3721 nos,
3205 3657 3401 3710 relictis
3431 3657 3663 3710 veritatis
3689 3658 3861 3711 Ithli-

2302 3744 2418 3804 bus,
2450 3745 2513 3796 ad
2541 3759 2721 3797 sanam
2753 3753 3023 3812 tutamque
3052 3744 3206 3799 iidem
3224 3745 3520 3809 redeamus,
3543 3747 3740 3815 piteque
3771 3762 3860 3800 rc-

2302 3833 2506 3901 ligionis
2524 3834 2754 3903 regulam
2765 3832 3123 3898 ostendamus,
3143 3834 3252 3903 ipsa
3267 3834 3486 3888 veritate
3497 3834 3856 3903 eﬂ’ulgcntem.

2303 3924 2441 3978 Inter
2470 3935 2670 3979 veteres
2690 3924 2867 3994 Moyse
2894 3940 3047 3979 nemo
3070 3925 3171 3980 fide
3199 3925 3404 3995 dignior
3429 3942 3442 3977 :
3471 3926 3524 3980 in
3551 3930 3857 3983 recentiori-

2299 4017 2395 4070 bus
2420 4031 2574 4070 nemo
2623 4016 2782 4070 Paulo
2807 4016 3110 4085 sapientior.
3141 4015 3330 4081 Quaere
3359 4024 3587 4072 veterem
3635 4026 3852 4084 statum,

2297 4115 2351 4160 et
2379 4107 2640 4160 neminem
2664 4105 2838 4175 Moyse
2865 4106 3115 4174 majorem
3144 4105 3375 4174 reperies
3403 4124 3415 4158 :
3441 4121 3559 4159 nam
3612 4108 3738 4163 Noui
3781 4120 3854 4174 te,

2297 4207 2341 4249 et
2375 4197 2599 4248 invenisti
2642 4197 2855 4264 gratiam
2880 4211 2984 4264 pra:
3010 4197 3264 4248 omnibus'
3291 4195 3492 4265 (Exod.
3525 4197 3610 4250 55.
3637 4197 3746 4266 1‘2).
3796 4198 3856 4252 ltt

2298 4301 2433 4340 novo
2471 4287 2807 4340 Testamento
2855 4300 3010 4338 nemo
3036 4285 3199 4338 Paulo
3229 4285 3508 4353 perfectior
3535 4303 3550 4339 :
3585 4285 3682 4340 Vas
3710 4287 3855 4341 enim

2297 4377 2545 4429 electionis
2569 4385 2637 4428 est
2659 4376 2794 4444 (Act.
2821 4375 2871 4430 9.
2899 4374 3010 4443 15),
3030 4375 3397 4444 Christumque
3419 4376 3577 4430 habet
3604 4378 3654 4430 in
3677 4380 3860 4446 seipso

2298 4467 2616 4536 loquentem.
2661 4466 2736 4520 Ne
2766 4466 3214 4534 przetergrediaris
3263 4467 3515 4520 terminos
3565 4466 3757 4535 Moysis
3800 4483 3859 4521 ct

2297 4557 2464 4611 Pauli.
2494 4556 2628 4621 Quid
2661 4557 2864 4609 invenit
2892 4555 3124 4625 Moyses,
3155 4556 3679 4624 comprehensionem
3729 4557 3860 4612 sub-

2295 4651 2520 4710 stantiae,
2550 4664 2614 4701 an
2653 4647 2873 4716 gloriam
2905 4646 3040 4700 Dei?
3098 4646 3323 4715 Moyses,
3379 4645 3587 4712 fratres,
3618 4649 3758 4702 venit
3799 4648 3856 4701 in

2296 4738 2770 4806 concupiscentiam
2804 4737 2915 4797 Dei,
2940 4745 2994 4788 ut
3016 4735 3174 4789 homo
3199 4736 3496 4806 religiosus,
3523 4747 3576 4791 et
3598 4738 3859 4807 ignoravit

2296 4846 2354 4883 se
2385 4830 2461 4881 rei
2490 4827 2823 4894 impossibilis
2844 4826 3107 4879 desiderio
3136 4826 3300 4880 teneri
3328 4843 3342 4878 :
3374 4837 3604 4880 attamen
3635 4844 3727 4895 per
3755 4843 3816 4882 ea
3834 4868 3851 4894 ,

2295 4936 2413 4989 qum
2437 4918 2581 4986 petiit
2597 4935 2624 4972 a
2652 4918 2777 4983 Deo,
2801 4917 2922 4986 quid
2943 4916 3265 4970 desideraret
3289 4917 3535 4970 ostendit.
3559 4917 3692 4983 Quid
3713 4919 3855 4972 enim

2296 5009 2404 5061 ait?
2435 5008 2666 5072 Obsecro,
2700 5006 2929 5071 Dontine,
2974 5007 3018 5059 si
3046 5006 3208 5058 inveni
3234 5006 3449 5075 gratiam
3494 5007 3546 5059 in
3590 5018 3855 5074 conspectu

2297 5113 2399 5163 tuo,
2432 5103 2688 5168 manifeste
2725 5101 2916 5151 videam
2957 5108 3023 5163 te,
3060 5099 3259 5151 ostende
3306 5107 3352 5151 te
3379 5099 3500 5150 mihi
3545 5098 3743 5168 (Exod.
3765 5102 3855 5155 '53.

2300 5192 2408 5261 15).
2440 5193 2621 5245 Frater
2667 5200 2783 5244 erat
2819 5191 2860 5242 is
2914 5189 3135 5258 Philippi
3165 5187 3386 5242 dicentis
3415 5203 3428 5240 :
3466 5188 3679 5242 Ostende
3713 5191 3860 5244 nobis

2302 5283 2522 5346 Patrem,
2547 5293 2589 5334 et
2616 5283 2790 5350 sufﬁcit
2814 5281 2949 5333 nobis
2973 5277 3146 5350 (Joan.
3178 5280 3262 5334 ﬂ.
3282 5279 3358 5348 8).
3384 5279 3620 5346 Domine,
3641 5291 3697 5333 tu
3724 5282 3863 5334 dixi-

2299 5380 2363 5432 sti
2387 5421 2397 5439 .
2425 5376 2448 5429 I
2458 5376 2663 5429 nvenisti
2686 5377 2896 5445 gratiam
2941 5375 2991 5426 in
3036 5383 3301 5441 conspectu
3330 5389 3437 5424 meo
3462 5388 3483 5427 :
3508 5373 3710 5425 ostende
3738 5374 3862 5425 mihi

2301 5471 2627 5538 temetipsum,
2660 5477 2715 5520 ut
2741 5468 2996 5536 manifeste
3024 5465 3216 5518 videam
3241 5473 3306 5517 te.
3333 5462 3470 5517 Vidit
3493 5463 3707 5532 quidem
3735 5479 3862 5518 eum

2365 5642 2379 5670 ⁸
2406 5636 2597 5686 (ἶωδδνὶἱ
2625 5637 2807 5693 Qutest.
2838 5635 2965 5698 I76»:
3003 5635 3117 5698 τῑρὸς
3147 5635 3359 5698 ᾶπανταςέ
3386 5634 3452 5698 (ᾖ
3488 5636 3614 5695 παρά
3646 5636 3857 5698 πάντας)

2305 5700 2566 5760 ἀνθρώπους
2598 5699 2739 5756 ἔγνων
2765 5712 2838 5755 σε,
2873 5696 2950 5742 καὶ
2975 5694 3101 5753 εὗρες
3122 5697 3254 5756 χάριν
3283 5695 3478 5743 ἐνώπιόν
3498 5694 3606 5756 μού.
