4094 6540
196 465 287 521 415

1113 453 1179 509 ΙΝ
1218 452 1441 518 ILLUD,
1484 451 1546 506 IN
1583 447 1722 516 QUA
1765 443 2182 508 POTESTATE,
2223 442 2371 496 ETC.

3244 447 3356 502 416

190 558 350 620 κακία.
377 557 496 612 οὔτε
548 559 681 630 πρὸς
715 565 783 612 τά
818 560 965 625 δεξιά
991 561 1088 631 τῆς
1115 563 1366 632 ἀληθείας
1389 562 1702 630 τολμήσασα
1807 551 1945 607 εἶναι
1981 551 2099 622 [δεῖ]
2125 551 2192 604 τά
2220 551 2335 604 θεῖα
2367 549 2539 617 λόγια,
2571 549 2663 600 καὶ
2698 547 2822 608 τοὺς
2865 546 2992 616 παρ’
3022 542 3182 598 αὑτοῦ
3222 545 3351 614 ήμῖν

195 647 318 708 ἰδεῖν,
371 646 455 699 διὰ
497 647 594 717 τὴν
644 649 737 700 τοῦ
780 650 1023 719 Σωτῆρος
1053 651 1296 721 ἄρνησιν,
1326 649 1449 703 οὔτε
1475 649 1607 718 πρὸς
1636 648 1704 700 τά
1804 651 2049 711 δοθέντας
2073 649 2170 716 τῆς
2197 647 2472 709 εὐσεϐείας
2497 645 2742 707 κανόνας.
2783 647 2854 698 Σὺ
2891 643 2947 696 δὲ
2970 645 3093 705 τούς
3122 644 3349 709 κανόνας

191 736 421 805 ἀριστερά
441 737 532 789 τοῦ
550 737 792 806 ψεύδους,
825 739 911 792 διά
940 740 1029 793 τὸν
1061 740 1152 792 τοῦ
1180 741 1308 794 λαοῦ
1333 741 1510 808 φόϐον.

250 888 332 936 Δεῖ
355 885 527 938 τοίνυν
555 888 648 940 καὶ
698 890 730 956 ή
739 891 861 957 μᾶς,
903 890 1137 958 ἀδελφοὶ,
1163 888 1348 942 τοῦτον
1369 891 1458 941 τὸν
1511 889 1702 940 κανόνα

196 977 322 1045 παρά
338 976 425 1027 τοῦ
451 976 650 1046 Κυρίου
681 976 1064 1046 λαμϐάνοντας,
1100 979 1171 1047 μὴ
1218 979 1390 1031 πάντα
1430 980 1547 1039 ταῖς
1576 979 1708 1046 ἐρω-

194 1067 355 1134 τήσεσι
373 1064 480 1118 τῶν
507 1065 788 1134 αίρετικῶν
812 1066 1025 1120 διδόναι.
1057 1065 1224 1120 Ὅταν
1253 1067 1432 1128 κακῶς
1463 1067 1705 1135 ἐρωτήσῃ

194 1155 467 1224 αἱρετικὸς,
496 1155 850 1223 ἀντερωτήσει
889 1155 1068 1224 δικαίᾳ
1109 1154 1266 1206 λῦσον
1301 1154 1445 1223 αὑτῷ
1468 1155 1563 1224 τήν
1594 1154 1706 1206 ἆτο-

196 1261 280 1296 πον
301 1243 500 1296 πεῦσιν.
547 1242 873 1295 Πυνθάνεται
926 1244 1179 1305 πολλάκις
1217 1244 1511 1308 αίρετικός·
1553 1237 1710 1303 Οἶδας

193 1335 268 1386 τὸν
293 1334 436 1397 Θεὸν,
477 1335 508 1402 ἢ
541 1334 638 1386 οὐκ
665 1331 834 1397 οἶδας;
883 1333 1007 1385 Ἐάν
1025 1335 1202 1402 είπῃς,
1237 1328 1476 1395 ὅτιοῖδα,
1510 1331 1709 1393 εὐθέως

196 1425 364 1491 ἐπάγει
387 1441 399 1453 ⁸
430 1421 586 1486 Οἶδας
610 1419 698 1476 οῦν
721 1424 748 1476 ὃ
780 1423 1014 1484 εὐσεϐεῖς
1034 1441 1048 1486 ς
1072 1423 1197 1483 Ναὶ,
1231 1424 1388 1492 φησὶν
1416 1424 1443 1474 6
1467 1421 1706 1488 εὐσεϐής.

195 1514 278 1574 Τίς
301 1514 400 1582 γὰρ
427 1515 570 1576 ὅπως
600 1515 852 1581 ὑπομένει
877 1513 1069 1580 λέγων,
1097 1514 1176 1565 ὅτι
1207 1514 1271 1564 ’0
1299 1511 1372 1580 μὴ
1400 1508 1512 1562 οἶδα
1535 1508 1708 1570 σέϐως

197 1599 344 1650 Πάλιν
368 1600 591 1665 ἐπάγει·
623 1596 778 1661 Οἶδας
806 1595 896 1652 οὖν
930 1599 1020 1651 τοῦ
1052 1598 1184 1651 Θεοῦ
1210 1600 1304 1666 τὴν
1330 1598 1543 1658 οὐσίαν;
1586 1596 1709 1647 Ἑάν

194 1684 353 1756 είπῃς,
378 1687 456 1739 ὅτι
485 1688 593 1739 Οὐκ
623 1682 756 1752 οἶδα,
784 1687 978 1749 εὐθέως
1007 1688 1354 1755 άντιτίθησιν·
1388 1684 1589 1738 Οὐκοῦν
1618 1685 1714 1736 οὑκ

203 1771 329 1838 οἶδας
349 1777 398 1827 τί
430 1778 622 1839 σέϐεις.
652 1778 788 1846 Ὀρα
833 1794 921 1846 μοι
961 1776 1103 1846 [421]
1141 1775 1209 1827 τά
1233 1775 1416 1827 σκολιά
1457 1776 1668 1844 ῥήματα
1699 1785 1712 1799 ⁸

199 1862 288 1931 ὅρα
341 1881 425 1932 μοι
459 1865 564 1916 τῶν
592 1865 836 1934 πονηρῶν
867 1865 1037 1933 ὁφεων
1065 1864 1160 1927 τὰς
1188 1863 1473 1925 ποικιλίας.
1522 1862 1716 1930 Ὀρᾷςς

199 1951 298 2003 ἀλλ’
320 1954 376 2004 οὐ
407 1954 486 2005 δεῖ
513 1954 881 2025 ταράττεσθαι.
929 1956 1131 2006 Ἐκεῖνο
1162 1953 1287 2022 γὰρ,
1330 1951 1561 2017 ἀδελφοὶ,
1589 1949 1719 2001 είδέ-

196 2054 273 2089 ναι
301 2041 420 2109 χρὴ,
451 2042 529 2093 ὅτι
559 2041 651 2093 τοῦ
685 2042 878 2093 ειδέναι
915 2041 1093 2093 πολλοὶ
1144 2041 1351 2110 τρόποι.
1386 2039 1608 2092 Δύναταί
1638 2053 1718 2098 τις

199 2127 376 2182 εἰδέναι
414 2133 495 2182 ὅτι
516 2131 625 2182 ἐστι
664 2129 811 2193 Θεὸς,
846 2131 904 2182 οὐ
935 2129 994 2182 τὸ
1023 2131 1136 2191 πῶς
1167 2133 1298 2182 ἐστι.
1345 2129 1495 2181 Ἐπεὶ
1524 2127 1614 2179 καὶ
1638 2126 1719 2191 ἐφ’

199 2217 338 2285 ήμῶν
358 2219 464 2270 τῶν
493 2219 787 2284 ἀνθρώπων
816 2219 1000 2271 πολλαὶ
1026 2219 1124 2286 τῆς
1167 2217 1414 2286 γνώσεως
1443 2217 1567 2268 ὁδοί.
1595 2214 1723 2266 Οἶδα

196 2306 332 2358 τόνδε
371 2308 462 2360 τὸν
509 2307 786 2378 ἄνθρωπον
814 2311 870 2360 ἐν
900 2309 1022 2376 τῇδε
1066 2311 1129 2377 τῇ
1167 2307 1315 2359 πόλει
1358 2305 1630 2371 διάγοντα,
1659 2303 1718 2356 οὐ

201 2397 296 2465 μὴν
321 2393 436 2450 οἶδα
464 2399 556 2450 καὶ
578 2399 731 2450 ποίαν
758 2398 1068 2467 μετέρχεται
1097 2395 1352 2463 ἐργασίαν
1372 2410 1386 2424 ο
1409 2390 1521 2446 οἶδα
1541 2395 1722 2462 ἕτερον

195 2486 340 2552 τήνδε
376 2489 620 2555 μετιόντα
647 2488 743 2556 τὴν
770 2486 1028 2555 ἐργασίαν
1047 2524 1061 2546 ,
1094 2486 1154 2537 οὐ
1185 2486 1288 2552 μὴν
1308 2478 1421 2534 οἶδα
1449 2481 1538 2534 καὶ
1565 2480 1723 2531 πόθεν

199 2574 340 2642 φέρει
375 2577 435 2627 τὸ
466 2576 635 2642 γένος,
665 2577 774 2626 Καὶ
819 2575 970 2643 μέρει
1001 2573 1105 2641 γὰρ
1153 2571 1419 2638 γινώσκω,
1472 2568 1625 2636 μέρει
1670 2567 1725 2618 ἃ

197 2663 384 2728 ἀγνοῶ.
414 2666 520 2716 Καὶ
538 2664 770 2726 πάντως,
793 2663 911 2714 οὐτε
943 2664 976 2730 ἠ
1005 2661 1198 2730 μερικη
1221 2659 1416 2726 γνῶσις
1443 2655 1726 2724 ὁλόκληρον

200 2753 395 2818 εἰσάγει
422 2753 639 2820 γνῶσιν,
670 2751 789 2804 οὑτε
816 2751 875 2803 τὸ
915 2750 987 2819 μὴ
1021 2749 1157 2802 κατά
1205 2749 1377 2801 πάντα
1421 2744 1724 2813 γινώσκειν,

198 2841 288 2909 τὴν
315 2845 543 2912 μερικὴν
573 2842 783 2910 ἀναιρεῖ
815 2840 1027 2908 γνῶσιν.
1068 2838 1129 2889 Τί
1151 2834 1279 2900 οὖν;
1328 2831 1454 2889 Οἶδα
1483 2835 1573 2885 τὸν
1601 2832 1729 2885 Θεὸν

199 2930 271 2981 ὅτι
301 2932 466 2993 ἐστιν,
501 2934 581 2984 ὅτι
622 2931 820 2998 ἀγαθός
857 2931 1024 2991 ἐστιν,
1057 2930 1135 2980 ὅτι
1169 2926 1427 2984 ἀθάνατός
1457 2927 1617 2982 ἐστιν,
1650 2923 1730 2973 ὅτι

205 3023 468 3092 ἄφθαρτός
499 3028 668 3088 ἐστιν,
700 3025 778 3075 ὅτι
811 3020 1157 3092 ἀπερινόητός
1199 3020 1361 3080 ἐστιν,
1392 3019 1471 3069 ὅτι
1529 3013 1730 3066 ἀκατά-

199 3110 392 3182 ληπτός
437 3117 602 3178 ἐστιν,
635 3113 916 3182 ἀσώματός
968 3113 1112 3163 ἐστιν
1139 3151 1153 3174 ,
1200 3105 1550 3165 άναλλοίωτός
1594 3106 1731 3155 ἐστι.

201 3199 376 3252 Ταῦτα
407 3203 584 3254 πάντα
611 3197 741 3263 οἶδα,
775 3201 868 3252 καὶ
904 3198 1055 3259 εἰδὼς
1083 3194 1386 3265 προσκυνῶ.
1412 3193 1482 3242 Τὸ
1514 3191 1567 3242 δέ
1620 3188 1735 3248 πῶς

201 3289 340 3339 ἐστιν
368 3289 468 3340 οὐκ
498 3285 633 3347 οἶδα,
688 3287 805 3338 οὐδέ
849 3284 1124 3352 ἐδιδάχθην
1176 3280 1639 3349 πολυπραγμονεῖν
1676 3275 1737 3326 τὸ

203 3378 313 3438 πῶς
336 3381 503 3441 ἐστιν,
523 3378 633 3430 ἀλλ’
661 3379 739 3429 ὃτι
767 3377 928 3428 ἔστιν.
953 3373 1057 3426 Τοῦ
1084 3373 1190 3443 γὰρ
1213 3370 1526 3424 Ἀποστόλου
1556 3367 1738 3419 οὐδένα

204 3469 440 3536 εὑρίσκω
467 3467 682 3536 μείζονα
697 3464 1024 3527 διδάσκαλον,
1044 3462 1330 3532 δυνάμενόν
1355 3477 1440 3530 μοι
1465 3458 1740 3528 κρείττονα

205 3554 298 3624 τὴν
331 3556 608 3608 εὐσέϐειαν
642 3553 979 3607 ὑποτίθεσθαι
1000 3567 1013 3582 ·
1057 3552 1112 3614 ὁς
1141 3551 1362 3620 λαμπρᾷ
1410 3548 1744 3617 χρησάμενος

205 3648 267 3713 τῇ
307 3648 460 3715 φωνῇ
508 3639 607 3696 ὧδέ
650 3661 722 3714 πη
753 3643 988 3695 διδάσκει
1025 3641 1224 3708 λέγων’
1271 3637 1590 3691 Πιστεῦσαι
1636 3634 1743 3702 γὰρ

208 3734 299 3784 δεῖ
321 3736 428 3787 τὸν
455 3735 926 3801 προσερχόμενον
947 3731 1084 3795 Θεῷ,
1113 3731 1199 3782 ὅτι
1231 3729 1400 3781 ἐστιν
1420 3744 1434 3756 ο
1469 3725 1528 3778 οὐ
1552 3724 1612 3776 τὸ
1633 3724 1747 3784 πῶς

209 3823 374 3886 ἐστιν,
406 3823 522 3874 ἀλλ’
554 3822 677 3873 Ὀτι
707 3820 854 3884 ἔστι,
888 3817 985 3871 καί
1028 3818 1151 3881 τοῖς
1187 3813 1533 3880 ἐκζητοῦσιν
1568 3811 1750 3864 αὐτὸν

207 3910 649 3976 μισθαποδότης
706 3911 942 3977 γίνεται.
1008 3909 1164 3958 Ὥστε
1201 3906 1229 3957 ὁ
1265 3901 1378 3956 οἶδα
1426 3903 1578 3955 σέϐω.
1640 3901 1750 3952 Οὐκ

209 3999 410 4070 ἔμαθον
439 4001 623 4053 οὐσίαν
651 3999 780 4051 Θεοῦ
809 3997 1271 4066 πολυπραγμονεῖν
1289 4010 1302 4022 ·
1327 3992 1594 4046 πιστεύειν
1621 3989 1750 4057 ἐμαο

209 4089 320 4152 θον,
367 4091 587 4155 ἀδελφοὶ
605 4105 621 4120 ο
655 4088 940 4151 πιστεύειν,
970 4088 1028 4139 οὐ
1059 4083 1540 4154 πολυπραγμονεῖν.
1605 4078 1755 4131 Ἀνά-

212 4179 378 4246 γνωθί
411 4196 506 4231 σου
535 4180 631 4247 τὴν
648 4176 945 4246 ὁμολογίαν,
964 4173 1219 4245 αίρετικέ,
1247 4173 1342 4243 τὴν
1367 4173 1422 4223 ἐν
1438 4169 1514 4239 τῷ
1536 4167 1755 4241 κρυπτῷ

212 4272 306 4322 καὶ
359 4269 579 4339 φοϐερῷ
631 4266 904 4338 μυστηρίῳ
937 4263 1399 4334 συμφωνηθεῖσαν.
1433 4262 1558 4313 Ὅτε
1591 4275 1756 4330 προσ-

213 4358 377 4426 ἦλθες
403 4357 780 4428 βαπτισθῆναι,
837 4355 890 4407 τί
935 4351 1118 4418 εἶπες;
1153 4353 1348 4423 ζητῶν,
1381 4351 1760 4420 πολυπραγμο-

211 4444 361 4496 νείαν
396 4442 634 4513 ἐρευνῶν
691 4454 739 4504 ι,
775 4442 809 4510 ἢ
855 4441 1148 4504 πιστεύων;
1212 4439 1416 4501 ’Ἄλλως
1447 4435 1625 4508 ἦλθες,
1670 4435 1762 4487 καὶ

216 4531 356 4598 μετά
385 4533 562 4585 ἄλλων
594 4532 869 4600 συνθηκῶν
892 4530 1226 4600 κατηξιώθης
1249 4529 1346 4598 τῆς
1376 4528 1591 4596 χάριτος
1623 4523 1763 4577 ἐκεί-

212 4635 329 4686 νης.
375 4619 447 4669 EI
474 4635 536 4685 γε
569 4618 892 4685 κατηξίωσαι
937 4618 1151 4670 τοιαῦτα
1190 4619 1416 4686 φρονῶν,
1470 4615 1563 4668 καὶ
1622 4629 1762 4681 παρ-

215 4708 558 4777 εσπόνδησας
586 4707 679 4767 τὰς
707 4707 988 4775 συνθήκας,
1022 4707 1112 4758 καὶ
1138 4707 1227 4758 ἐπὶ
1266 4706 1361 4774 μὲν
1393 4705 1497 4755 τῶν
1526 4700 1764 4770 φοϐερῶν

213 4799 306 4848 καὶ
343 4798 591 4866 φρικτῶν
617 4796 917 4865 μυστηρίων
943 4797 1036 4864 τὴν
1070 4797 1246 4847 πίστιν
1273 4794 1632 4863 προσήγαγες.
1664 4790 1764 4852 ἐξω

214 4888 265 4938 δέ
286 4888 396 4938 τῶν
424 4887 734 4956 μυστηρίων
753 4886 1055 4954 γενόμενος,
1075 4885 1424 4955 περιγράφεις
1443 4883 1541 4952 τὴν
1567 4883 1762 4942 πίστιν,

213 4975 308 5027 καὶ
331 4975 668 5045 προσφέρεις
699 4973 937 5042 ζήτησιν.

283 5136 356 5195 γ’.
402 5126 547 5178 Ἀλλ’
576 5125 674 5192 ὅρα
704 5123 751 5174 τί
777 5140 936 5192 φησιν
962 5124 991 5174 ὁ
1024 5123 1208 5193 ἐχθρὸς
1235 5122 1335 5191 τῆς
1382 5120 1650 5186 ἀληθείας.
1679 5118 1768 5187 Μὴ

215 5221 323 5288 γὰρ
349 5216 546 5288 ἀργῶς
584 5215 711 5283 ἡμῖν
742 5214 768 5264 6
793 5211 920 5272 Θεὸς
965 5212 1157 5264 δέδωκε
1197 5211 1516 5280 λογισμούς;
1565 5208 1636 5276 μὴ
1664 5209 1769 5275 γὰρ

215 5308 410 5368 ἀπλῶς
446 5306 745 5372 εἰλήφαμεν
777 5301 866 5354 τοῦ
903 5299 991 5351 νοῦ
1019 5301 1077 5353 τὸ
1105 5304 1418 5371 κριτήριονς
1447 5303 1534 5350 Δεῖ
1566 5299 1656 5349 καὶ
1688 5298 1772 5347 λο-

215 5400 443 5464 γισμοῖς
480 5394 701 5462 ἐρευνᾷν
727 5391 820 5459 τὴν
842 5386 1038 5452 πίστιν,
1059 5391 1150 5440 καὶ
1173 5391 1244 5459 μὴ
1269 5389 1614 5453 ἀνεξέταστον
1637 5382 1770 5437 εἶναι

213 5486 316 5555 τὴν
351 5483 663 5537 εὐσέϐειαν.
712 5480 920 5541 Καλῶς.
981 5477 1136 5530 Ἀλλὰ
1185 5479 1280 5546 τῆς
1318 5478 1611 5542 ἐξετάσεως
1653 5477 1774 5544 ὅρον

280 5717 304 5743 ⁸
339 5711 502 5760 Forte
523 5709 933 5768 πολυπραγμονῶν,
959 5708 1165 5767 ἐρευνῶν.
1187 5705 1416 5754 Corum.

1808 742 2162 813 ὑπερϐαίνων,
2195 741 2254 793 οὐ
2278 743 2502 810 στοιχεῖς
2531 742 2648 801 ταῖς
2691 738 3060 801 θεοπνεύστοις
3088 740 3349 808 Γραφαῖς,

1809 835 1940 888 ἀλλά
1971 835 2438 904 πολυπραγμονεῖς
2477 834 2544 886 τά
2581 834 2714 893 θεῖα,
2745 833 2837 885 καὶ
2866 831 3066 900 βιάζεις
3094 831 3192 902 τὴν
3226 832 3354 901 ἀλή-

1812 929 1979 989 θειαν,
2014 927 2107 979 καὶ
2135 926 2403 994 πανταχοῦ
2434 925 2678 987 σπεύδεις
2712 927 2802 976 καὶ
2833 925 3102 993 λογισμῶν
3129 926 3350 992 ἀνωμα-

1810 1022 1900 1092 λίᾳ
1931 1020 2124 1091 μᾶλλον
2155 1019 2532 1088 ἀκολουθῆσαι,
2563 1019 2595 1087 ἢ
2622 1019 2796 1070 πίστει
2827 1018 3122 1081 δουλεῦσαι,
3168 1018 3352 1086 ῶσπερ

1810 1117 1916 1170 τῶν
1934 1116 2103 1169 ἄλλων
2129 1113 2464 1183 κατειληφὼς
2508 1114 2604 1182 τὴν
2638 1115 2848 1182 πεῖραν,
2881 1112 2914 1180 ἢ
2947 1112 3050 1164 τῶν
3092 1112 3263 1165 ἀλλων
3295 1114 3352 1165 ἐν

1813 1209 1974 1279 πείρᾳ
2022 1209 2303 1276 γενόμενος
2354 1207 2460 1258 τῶν
2490 1207 2796 1274 ὁρωμένων.
2853 1205 3198 1271 ’Δπάγγειλόν
3243 1223 3350 1273 μοι,

1812 1301 2083 1371 λογισμῶν
2111 1301 2394 1371 ἀκολουθίᾳ
2426 1301 2781 1370 χρησάμενος,
2818 1301 2929 1362 πῶς
2955 1301 3179 1369 ἔστηκεν
3208 1301 3236 1351 6
3263 1301 3351 1352 οὑ-

1819 1395 1989 1464 ρανδς,
2022 1395 2100 1456 είς
2130 1395 2376 1446 τοσοῦτον
2403 1394 2532 1462 ὕψος
2567 1393 2960 1462 κοιλαινόμενος
2985 1394 3221 1462 ἄπειρον,
3263 1394 3353 1444 καὶ

1820 1486 1980 1554 μηδὲν
2018 1487 2073 1537 ἐν
2098 1483 2330 1554 τοσαύτῃ
2358 1488 2664 1553 περιγραφῇ
2687 1485 2744 1536 τὸ
2765 1485 3038 1554 ὑπερεῖδον
3066 1485 3218 1557 ἔχων,
3243 1484 3355 1545 πῶς

1820 1580 2066 1647 ἔστηκεν,
2097 1578 2199 1630 τίνι
2229 1576 2566 1645 βαστάζεται,
2605 1577 2742 1638 τίνες
2768 1580 2821 1628 αί
2866 1580 3118 1648 κρηπῖδες
3167 1578 3248 1644 ἐφ’
3282 1571 3356 1630 ὧν

1819 1678 2174 1747 ἐστήρικται;
2209 1676 2323 1737 πῶς
2364 1676 2419 1727 ἐν
2472 1674 2703 1744 τοσούτῳ
2753 1677 2924 1745 χρόνῳ
2971 1677 3028 1727 οὐ
3079 1677 3257 1728 λύεται
3297 1676 3357 1728 τὸ

1818 1770 2027 1833 κάλλος,
2061 1772 2157 1823 οὐκ
2185 1767 2551 1838 ἀφανίζεταιή
2585 1768 2852 1837 ἀρμονία;
2892 1771 3069 1834 Δεῖξον
3105 1772 3227 1833 τούς
3260 1772 3358 1839 βα-

1821 1868 2105 1930 στάζοντας
2135 1867 2332 1932 κίονας,
2367 1865 2512 1938 [492]
2563 1866 2730 1931 δεῖξον
2774 1868 2870 1936 τὴν
2923 1867 3229 1936 ὑποϐάθραν
3261 1868 3361 1937 τὴν

1818 1967 2084 2029 τοσούτοις
2111 1966 2288 2033 ὁγκοις
2312 1965 2686 2034 ὑποκειμένην.
2723 1967 2785 2017 Τί
2813 1966 2866 2017 δὲ
2907 1966 3014 2035 ἐρῶ
3047 1966 3172 2036 περὶ
3199 1968 3361 2034 οὐρα-

1820 2056 1930 2119 νοῦ,
1959 2056 2048 2108 καὶ
2069 2057 2127 2108 οὐ
2160 2058 2284 2126 περὶ
2316 2055 2418 2124 γῆς
2448 2056 2513 2124 ἢν
2557 2055 2706 2107 πατῶ
2729 2073 2742 2118 ;
2769 2057 2991 2124 Πρῶτον
3033 2056 3360 2126 ἐρμήνευσὸν

1825 2163 1914 2215 μοι
1941 2146 2037 2214 τῆς
2067 2148 2164 2214 γῆς
2204 2145 2299 2214 τήν
2321 2145 2665 2198 κατάστασιν.
2706 2147 2822 2197 Ὀτι
2853 2146 2950 2214 μέν
2989 2145 3095 2216 γάρ
3127 2146 3217 2197 ἐπὶ
3242 2145 3363 2198 ὑδά-

1824 2251 1929 2286 των
1956 2232 2356 2302 τεθεμελίωται,
2378 2234 2531 2285 τοῦτο
2555 2233 2705 2300 κάγὼ
2735 2234 3055 2304 παρέλαϐον,
3087 2235 3179 2286 καὶ
3207 2235 3363 2297 αὐτὸς

1824 2324 2121 2391 ὁμολογεῖς.
2157 2323 2276 2385 Πῶς
2305 2323 2360 2375 δὲ
2389 2323 2600 2375 ἐπὶτῶν
2621 2323 2820 2375 ὑδάτων
2844 2324 3174 2392 ἐστήρικται,
3202 2325 3367 2392 ἐρμή-

1824 2428 2028 2463 νευσον.
2054 2412 2142 2480 Μὴ
2179 2410 2359 2472 ἁπλῶς
2395 2410 2754 2481 ἀκολουθήσῃς
2783 2410 2857 2480 τῷ
2885 2411 3042 2478 λόγῳ,
3080 2411 3208 2462 ἀλλά
3232 2410 3368 2476 λογι-

1829 2500 1960 2567 σμὸν
1991 2498 2182 2558 ἀπόδος
2203 2496 2306 2548 τῶν
2345 2497 2682 2564 ζητουμένων
2705 2512 2718 2524 °
2751 2496 2865 2556 πῶς
2891 2497 2987 2564 ὅρη
3025 2496 3254 2548 τοσαῦτα
3276 2496 3366 2547 καὶ

1826 2585 2140 2655 τηλικαῦτα,
2173 2585 2265 2634 καὶ
2313 2583 2486 2651 βουνοὶ
2512 2584 2604 2636 καὶ
2633 2583 2878 2645 πεδιάδες
2906 2585 2996 2635 ἐπὶ
3047 2583 3247 2635 ὑδάτων
3277 2585 3368 2650 φέ-

1830 2690 2044 2745 ρονται;
2078 2672 2209 2724 Εἱπέ
2235 2671 2348 2734 πῶς
2379 2673 2410 2740 ή
2442 2671 2679 2724 θάλασσα
2704 2672 3024 2742 ἀφώρισται·
3058 2673 3172 2724 είπέ
3200 2671 3312 2734 πῶς
3332 2674 3366 2740 ἡ

1828 2763 2095 2824 τοσούτοις
2156 2762 2445 2830 μαινομένη
2491 2762 2691 2829 κύμασι
2741 2763 2833 2813 καὶ
2872 2762 2949 2822 είς
2991 2760 3121 2829 ῦψος
3153 2763 3371 2830 ἄπειρον

1831 2851 2223 2922 κορυφουμένη,
2256 2850 2469 2903 ἐπειδάν
2497 2851 2765 2920 πλησιάσῃ
2819 2853 2883 2918 τῇ
2912 2851 3138 2920 ψάμμῳ,
3168 2851 3368 2909 λύεται,

1833 2943 2055 2995 αἰδεῖται
2081 2941 2170 2993 τὸν
2199 2943 2320 3010 ὅρον
2357 2941 2449 2993 τοῦ
2477 2940 2779 3009 νομοθέτου.
2816 2941 3192 3011 Ἐρμήνευσον,
3221 2941 3372 2993 ἀδελ-

1835 3032 1921 3099 φέ,
1957 3031 2070 3092 πῶς
2104 3032 2225 3100 μιᾶς
2266 3030 2368 3098 γῆς
2401 3029 2580 3098 οὑσης,
2631 3032 2754 3098 μιᾶς
2795 3031 3028 3100 μητρὸς,
3061 3030 3283 3100 διάφορα
3308 3031 3375 3082 τά

1838 3119 2214 3187 βλαστήματα,
2250 3118 2409 3170 πόθεν
2438 3119 2490 3170 αἱ
2548 3120 2737 3185 πικραὶ
2765 3119 2926 3186 ῥίζαι,
2958 3118 3116 3170 πόθεν
3158 3119 3212 3169 αἰ
3249 3118 3376 3183 γλυ-

1837 3212 1997 3266 κεῖαι.
2031 3207 2188 3258 πόθεν
2211 3206 2319 3257 τῶν
2364 3206 2584 3275 καρπῶν
2621 3208 2676 3257 αἱ
2709 3207 2973 3275 διαφοραί.
3009 3207 3118 3258 Μία
3145 3207 3212 3274 γῆ
3247 3205 3374 3274 βλα-

1840 3298 2116 3358 στάνουσα,
2143 3290 2220 3358 εἷς
2266 3295 2464 3364 ϐμϐρος
2493 3297 2521 3346 6
2562 3295 2787 3363 τρέφων,
2849 3293 3008 3345 πόθεν
3039 3295 3070 3362 ή
3113 3293 3379 3362 διαφορά;

1851 3386 2204 3454 Ἑρμήνευσον
2236 3384 2390 3435 πόθεν
2418 3385 2669 3452 προῖεσαν
2703 3384 2756 3434 αἱ
2791 3384 2982 3450 πηγαὶ,
3008 3383 3100 3434 καὶ
3131 3385 3191 3433 ἐκ
3213 3383 3378 3434 ποίων

1843 3475 2087 3527 ἀϐύσσων
2107 3512 2121 3535 ,
2147 3473 2259 3533 πῶς
2285 3471 2452 3523 ταῦτα
2472 3472 2687 3523 δυνατὸν
2719 3472 3057 3525 καταλαϐεῖν.
3101 3473 3234 3523 Ἀλλ’
3255 3474 3380 3527 ὅταν

1847 3563 1969 3631 περὶ
1998 3560 2163 3613 ταῦτα
2195 3561 2571 3629 ἀπορήσωμεν,
2601 3560 2789 3629 ἔχομεν
2823 3560 2945 3628 μίαν
2970 3560 3141 3630 ἀληθῆ
3178 3562 3268 3614 κα)⁸
3292 3564 3382 3614 εὐ-

1849 3651 1976 3717 σεϐῆ
2031 3650 2135 3701 τῶν
2171 3650 2550 3718 ἀπορουμένων
2581 3648 2676 3717 τὴν
2724 3649 2894 3703 λύσιν.
2921 3651 3024 3702 Καὶ
3055 3653 3083 3702 6
3121 3654 3381 3720 μακάριος

1849 3740 2004 3793 Δαυῒδ
2032 3739 2360 3808 ἐμελῴδησεν
2391 3733 2490 3791 ὧδέ
2520 3755 2594 3808 πη
2615 3738 2786 3804 λέγων
2806 3755 2818 3767 ·
2855 3740 2979 3792 Ὀτι
3025 3741 3201 3805 εὐθὺς
3227 3745 3258 3793 ό
3284 3743 3388 3794 λό-

1850 3849 1950 3898 γος
1974 3830 2076 3882 τοῦ
2101 3830 2335 3895 Κυρίου,
2362 3829 2455 3880 καί
2501 3829 2691 3881 πάντα
2717 3829 2785 3881 τὰ
2824 3829 2962 3896 ἔργα
2995 3829 3172 3882 αὐτοῦ
3194 3830 3262 3882 ἐν
3293 3832 3387 3885 πί.

1852 3937 1997 3972 στει.
2031 3919 2109 3970 Τά
2151 3918 2282 3988 ἔργα
2331 3919 2454 3971 ἀνευ
2489 3919 2716 3980 πίστεως
2754 3919 2850 3969 οὐκ
2907 3918 3016 3970 ἐστι
3050 3919 3387 3981 καταλαϐεῖν,

1853 4009 1946 4060 καὶ
1975 4008 2102 4058 Θεὸν
2130 4007 2253 4058 ἀνευ
2278 4011 2506 4066 πίστεως
2529 4009 2703 4074 εὑρεῖν
2727 4006 2943 4058 δυνατόν
2965 4023 2978 4065 ;
3008 4006 3084 4057 Τά
3111 4006 3242 4076 ἔργα
3261 4008 3386 4059 ἀνευ

1855 4096 2101 4156 πίστεως,
2137 4095 2229 4147 καὶ⁹
2249 4096 2276 4145 ὁ
2301 4095 2423 4158 Υίὸς
2452 4096 2508 4144 ἐν
2537 4095 2830 4158 ἀποδείξει;
2871 4096 2994 4147 Ὅτι
3023 4095 3197 4160 εὐθὺς
3223 4099 3254 4149 ό
3287 4097 3390 4150 ,λό-

1857 4203 1959 4254 γος
1979 4185 2081 4237 τοῦ
2109 4184 2343 4250 Κυρίου,
2370 4183 2463 4235 καὶ
2496 4183 2686 4235 πάντα
2725 4184 2794 4236 τὰ
2823 4184 2963 4252 ἔργα
2995 4186 3175 4238 αὑτοῦ
3197 4186 3264 4238 ἐν
3295 4187 3391 4238 πι-

1859 4295 2004 4334 στει.
2042 4277 2196 4330 Ἀλλὰ
2223 4278 2326 4346 γὰρ
2363 4277 2484 4338 τούς
2515 4275 2735 4346 ἐχθροὺς
2777 4277 2873 4346 τῆς
2895 4277 3145 4345 ἀληθείας
3169 4278 3397 4346 ἀφέντες

1861 4372 2036 4439 ἡμεῖς,
2068 4368 2158 4420 ἐπὶ
2182 4367 2277 4436 τήν
2330 4368 2453 4435 ὑγιῆ
2495 4368 2585 4419 καὶ
2621 4367 2829 4435 ἀσφαλῆ
2876 4369 2970 4437 τῆς
3016 4368 3242 4430 πίστεως
3273 4368 3389 4438 (sic)

1863 4459 2256 4526 ἐπανέλθωμεν,
2281 4457 2370 4510 καὶ
2391 4457 2647 4524 δείξωμεν
2665 4458 2750 4509 τὸν
2769 4458 2966 4511 κανόνα
2979 4461 3076 4528 τῆς
3104 4459 3397 4520 εὐσεϐείας,

1863 4551 1928 4603 δι’
1957 4548 2120 4616 αὐτῆς
2143 4547 2238 4616 τῆς
2260 4545 2513 4615 ἀληθείας
2540 4546 2899 4615 ἐκλάμποντα.
2921 4548 3104 4608 Οὐδεὶς
3129 4546 3397 4607 Μωῦσέως

1865 4641 1919 4690 ἐν
1948 4639 2054 4697 τοῖς
2075 4635 2312 4703 ἀρχαίοις
2334 4632 2782 4703 ἀξιοπιστότερος,
2802 4632 2971 4694 οὐδεὶς
2991 4631 3195 4686 Παύλου
3217 4633 3272 4681 ἐν
3290 4633 3399 4692 τοῖς

1865 4727 2002 4786 νέοις
2038 4723 2350 4793 σοφώτερος.
2405 4722 2717 4790 Ἐρεύνησον
2745 4721 2839 4790 τήν
2870 4720 3094 4772 παλαιὰν
3135 4721 3402 4773 κατάστα-

1869 4831 1970 4876 σιν,
1998 4814 2089 4865 καὶ
2115 4812 2385 4874 Μωὺσέως
2406 4812 2590 4863 οὐδένα
2620 4810 2831 4878 μείζονα
2863 4809 3110 4878 εὑρήσεις
3133 4826 3144 4838 ·
3174 4811 3403 4876 Ἐτνων

1867 4904 1972 4972 γάρ
2002 4919 2092 4964 σε,
2118 4901 2213 4953 καὶ
2232 4897 2400 4966 εὗρες
2422 4900 2591 4964 χάριν
2611 4898 2764 4964 παρὰ
2788 4896 3030 4961 πάντας.
3059 4898 3239 4960 Οὐδεὶς
3265 4900 3405 4951 Παύ-

1870 4993 1960 5044 λου
1987 4995 2041 5042 ἐν
2067 4993 2130 5058 τῇ
2163 4991 2274 5057 Νέᾳ
2305 4989 2624 5055 τελειότερος
2646 5002 2660 5016 θ
2692 4986 2909 5050 Σκεῦος
2927 4986 3031 5055 γάρ
3057 4987 3224 5038 ἐστιν
3239 4987 3406 5040 ἐκλο-

1873 5081 2000 5149 τῆς,
2036 5080 2124 5129 καὶ
2153 5075 2407 5129 λαλοῦντα
2436 5075 2569 5144 ἔχων
2598 5078 2652 5127 ἐν
2702 5075 2874 5143 ἐαυτῷ
2899 5075 2988 5126 τὸν
3036 5075 3282 5144 Χριστόν.
3319 5077 3408 5145 Μὴ

1873 5167 2110 5235 ὑπερϐῇς
2141 5166 2261 5226 τοὺς
2289 5164 2378 5217 τοῦ
2418 5165 2690 5226 Μωῦσέως
2737 5166 2891 5233 ὅρους
2934 5164 3026 5215 καὶ
3053 5165 3143 5216 τοῦ
3174 5165 3405 5216 Παύλου.

1873 5257 1936 5306 Τί
1968 5252 2088 5320 εὗρε
2127 5255 2360 5322 Μωὺσῆς
2388 5293 2401 5314 ,
2441 5254 2735 5323 κατάληψιν
2770 5255 2970 5314 οὐσίας.
2999 5255 3031 5322 ἢ
3059 5254 3212 5319 δόξαν
3244 5252 3409 5313 Θεοῦ;

1873 5343 2125 5412 Μωὺσῆς,
2161 5342 2393 5408 ἀδελφοὶ,
2427 5337 2584 5411 ἦλθεν
2614 5344 2691 5404 είς
2724 5341 3014 5410 ἐπιθυμίαν
3040 5341 3192 5404 Θεοῦ,
3216 5341 3289 5401 ὡς
3321 5340 3412 5391 ἄν·

1879 5435 2090 5503 θρωπος
2122 5431 2380 5498 φιλόθεος,
2412 5432 2502 5482 καὶ
2523 5432 2749 5499 ἠγνόησε
2783 5432 2895 5500 μὲν,
2917 5431 3265 5482 ὅτιάδύνατον
3318 5431 3414 5480 ἐπο

1879 5523 2090 5591 εθύμει·
2126 5523 2271 5590 ὅμως
2292 5522 2346 5573 δὲ
2374 5522 2440 5574 δι’
2477 5515 2549 5574 ὧν
2583 5521 2777 5591 ᾔτησεν
2805 5522 2891 5574 τὸν
2925 5521 3071 5581 Θεὸν,
3107 5519 3318 5583 ἔδειξεν.
3349 5519 3416 5572 Τί

1881 5614 1984 5682 γάρ
2009 5629 2169 5680 φησι;
2193 5613 2417 5680 Δέομαί,
2445 5613 2632 5679 Κύριε,
2661 5614 2709 5664 εί
2726 5612 2943 5678 εὕρηκα
2973 5608 3143 5675 χάριν
3165 5608 3416 5660 ἐνώπιόν

1889 5717 2020 5767 σου,
2071 5700 2352 5769 γνωστῶς
2404 5701 2505 5753 ῖδω
2551 5717 2645 5764 σε,
2686 5698 3011 5767 ἐμφάνισόν
3034 5715 3131 5765 μοι
3169 5698 3411 5751 σαυτόν.
