4094 6496
671 421 782 476 417

693 519 938 586 ’Λδελφὸς
959 514 1025 589 ἦν
1046 511 1193 582 οὗτος
1217 519 1308 572 τοῦ
1329 519 1588 571 Φιλίππου
1608 517 1699 569 τοῦ
1718 517 1959 584 λέγοντος
1982 529 1996 542 ·
2021 512 2224 574 Δεῖξον

681 620 825 688 ἡμῖν
842 623 944 673 τὸν
968 621 1212 687 Πατέρα,
1237 621 1332 672 καὶ
1359 620 1527 686 ἀρκεῖ
1546 620 1706 686 ἡμῖν.
1741 620 1928 687 Κύριε,
1955 617 2018 668 σὺ
2047 613 2224 676 εἶπας,

684 727 764 776 ὅτι
814 721 996 789 Εὗρες
1046 724 1215 790 χάριν
1260 723 1512 775 ἐνώπιόν
1567 741 1707 788 μου,
1767 720 2097 787 ἐμφάνισόν
2129 735 2228 785 μοι

686 827 961 886 σεαυτὸν,
985 825 1138 888 ὅπως
1165 823 1439 892 πωστὼς
1464 823 1565 874 ἷδω
1593 837 1684 874 σε.
1721 818 1835 873 Εἶδε
1867 822 1962 888 μὲν
1998 821 2102 888 γὰρ
2137 820 2231 870 αὑ-

687 928 778 978 τὸν
807 927 896 977 καὶ
925 928 1012 977 ἐπὶ
1040 929 1134 993 τῆς
1174 926 1352 993 βάτου,
1387 921 1520 976 εἶδεν
1549 924 1705 975 αὑτὸν
1740 924 1830 974 καὶ
1863 924 1924 973 ἐκ
1951 921 2043 972 τοῦ
2075 923 2231 989 ὅρους

691 1029 839 1090 Σινᾶ,
860 1025 991 1078 εἶδεν
1015 1028 1172 1079 αὑτὸν
1199 1029 1290 1078 καὶ
1311 1028 1373 1077 ὲκ
1394 1026 1659 1094 διαφόρων
1687 1023 2011 1091 ἐπιφανέντα
2035 1022 2229 1086 τόπων,

694 1132 786 1182 καὶ
815 1131 1079 1199 διαφόρως
1115 1132 1211 1200 τὴν
1261 1132 1574 1196 ἐπιφάνειαν
1632 1128 1791 1180 αὑτοῦ
1826 1126 2188 1194 ἐνδειξάμενον
2211 1142 2225 1156 ·

696 1235 807 1286 ἀλλ’
837 1239 862 1287 6
891 1238 1152 1304 μακάριος
1181 1238 1380 1297 ἐκεῖνος
1413 1233 1649 1300 Μωῦσῆς
1703 1233 1860 1285 αὑτὸν
1897 1231 2018 1283 ίδείν
2056 1231 2236 1282 ἐπόθει

695 1339 794 1406 τῆς
833 1337 1042 1404 φύσεως
1066 1338 1155 1389 τὸν
1183 1340 1525 1406 χαρακτῆρα·
1572 1334 1849 1402 ἄνθρωπος
1893 1331 1987 1396 ὢν,
2031 1329 2230 1400 ἀνθρώο

699 1456 826 1490 πινα
855 1439 977 1506 περὶ
1005 1439 1099 1506 τῆς
1126 1437 1484 1507 ὑπερκοσμίου
1508 1437 1781 1504 δυνάμεως
1809 1433 2147 1500 ἐφαντάζετο.
2183 1432 2238 1483 '0

700 1542 755 1592 δὲ
792 1539 919 1600 Θεὸς
943 1536 1032 1588 τὸν
1060 1541 1158 1609 μὲν
1193 1538 1337 1608 [4‘23]
1375 1538 1538 1590 πόθον
1572 1537 1664 1588 τοῦ
1695 1535 1881 1587 πιστοῦ
1921 1534 2240 1604 θεράποντος

703 1640 939 1702 ἐδέξατο·
992 1641 1164 1692 πείθει
1215 1641 1308 1709 τὴν
1339 1639 1674 1708 ἀνθρωπίνην
1709 1637 1881 1704 ὗρεξιν
1913 1637 2017 1687 τῶν
2043 1635 2238 1688 ἀδυνά-

701 1758 807 1793 των
829 1741 1209 1808 ἐπιθυμοῦσαν.
1242 1739 1304 1790 Τί
1333 1739 1438 1807 γάρ
1483 1754 1611 1806 φησι
1644 1737 1775 1806 πρὸς
1820 1736 2007 1797 αὐτόν,
2041 1733 2244 1796 Οὐδεὶς

704 1839 910 1906 ὄψεται
945 1841 1009 1893 τὸ
1039 1840 1354 1907 πρόσωπόν
1377 1855 1494 1906 μου
1515 1877 1529 1901 ,
1564 1837 1658 1888 καὶ
1693 1834 1943 1899 ζήσεται.
1977 1835 2049 1885 Οὐ
2083 1834 2246 1900 χωρεῖ

705 1940 1030 2008 ποθούμενον
1076 1941 1107 2008 ἠ
1163 1938 1268 1990 τῶν
1319 1936 1617 1989 ποθούντων
1678 1935 1929 2002 δύναμις,
1985 1933 2043 1983 οὑ
2095 1932 2244 2000 φέρει

708 2041 871 2109 θνητὴ
899 2041 1014 2108 δψις
1039 2039 1133 2108 τὴν
1159 2038 1416 2090 ἀθάνατον
1452 2036 1627 2103 φύσιν.
1654 2035 1716 2085 Τί
1750 2031 1841 2086 οὖν
1859 2075 1873 2095 ,
1909 2027 1952 2083 ὦ
1987 2031 2244 2091 Δέσποτα,

709 2139 1130 2207 καταλιμπάνεις
1164 2137 1251 2187 τὸν
1301 2134 1458 2185 πόθον
1507 2124 1949 2201 ἀήραμύθητον,
2004 2130 2096 2180 καὶ
2131 2128 2246 2180 οὑδὲ

712 2238 866 2288 σκιὰν
899 2235 1148 2303 παρέχεις
1184 2233 1279 2300 τῆς
1300 2231 1587 2298 ἐπιθυμίας
1617 2229 1691 2296 τῷ
1726 2225 2104 2295 φανταζομένῳ
2131 2241 2250 2276 τοσ-

711 2337 862 2389 οῦτον
897 2333 1054 2386 πόθον
1082 2350 1094 2398 ;
1125 2330 1283 2383 Ὅθεν
1311 2329 1477 2399 φησί·
1529 2327 1726 2395 Τίθημί
1767 2340 1838 2378 σε
1875 2329 1960 2389 είς
1998 2324 2108 2391 τὴν
2148 2323 2251 2374 πέ-

713 2450 876 2502 τραν,
903 2432 996 2484 καί
1023 2427 1291 2486 σκεπάζω
1316 2425 1388 2493 τῇ
1406 2427 1556 2494 χειρί
1570 2442 1688 2494 μου
1708 2441 1722 2455 ·
1744 2424 1838 2477 καί
1864 2424 1932 2475 ἐν
1950 2421 2026 2486 τῷ
2051 2421 2252 2488 παρέρ⁴

715 2537 920 2600 χεσθαι
947 2530 1055 2597 τὴν
1089 2529 1273 2591 δόξαν
1299 2545 1413 2596 μου
1438 2527 1555 2593 ὄψῃ
1587 2526 1657 2577 τὰ
1686 2525 1942 2586 ὀπίσθια,
1973 2522 2043 2574 τὰ
2069 2521 2134 2572 δὲ
2156 2521 2254 2588 ἐμ-

715 2633 970 2699 πρόσθια
987 2631 1094 2682 οὐκ
1129 2628 1268 2695 ὄψῃ.
1310 2629 1408 2679 Ἐν
1427 2624 1504 2689 τῷ
1524 2625 1934 2692 παρέρχεσθαι,
1963 2624 2061 2674 οὑκ
2083 2618 2252 2683 εἶπεν,

717 2730 868 2799 Ἐμὲ,
896 2727 1046 2789 ἀλλὰ,
1071 2727 1184 2793 Τὴν
1205 2725 1386 2788 δόξαν
1402 2740 1536 2792 μου·
1558 2725 1614 2775 οὑ
1639 2723 1742 2793 γὰρ
1763 2723 1924 2787 ἔστιν,
1953 2721 2256 2790 ὑπερϐάντα

719 2823 814 2893 τὴν
848 2823 1020 2885 δόξαν,
1052 2820 1230 2870 οὑσίαν
1263 2819 1455 2887 εὑρεῖν.
1497 2818 1732 2884 Μωῦσῆς
1763 2816 1910 2866 οὐδὲν
1947 2808 2069 2884 εὗρε
2101 2814 2257 2865 πλέον

719 2919 895 2984 δόξης,
927 2916 1018 2967 καὶ
1049 2915 1243 2981 ταύτην
1273 2913 1368 2964 οὑκ
1403 2907 1536 2962 εἶδεν
1567 2913 1642 2971 είς
1680 2910 1984 2978 ὁλόκληρον,
2029 2909 2158 2959 ἀλλά
2192 2909 2259 2959 τά

723 3015 864 3066 νῶτα
883 3029 894 3040 ·
922 3012 1018 3063 οὑκ
1051 3009 1229 3077 ἐπειδη
1251 3007 1434 3068 νώτοις
1461 3008 1547 3058 καὶ
1572 3005 1787 3074 στήθεσι
1817 3004 2200 3073 διαγέγραπται
2226 3005 2257 3071 ή

726 3108 841 3158 θεία
868 3106 1051 3174 φύσις·
1076 3105 1214 3171 ἁπλῆ
1241 3104 1345 3171 γάρ
1369 3103 1480 3153 ἐστι
1509 3103 1599 3152 καὶ
1621 3099 1926 3160 ἀσύνθετος·
1954 3099 2062 3150 ἀλλ’
2081 3098 2262 3165 ἐπειδὴ

723 3205 752 3255 6
777 3202 904 3262 Θεὸς
933 3200 1116 3252 ἐαυτὸν
1137 3198 1273 3249 οὕτω
1300 3196 1569 3264 γνωρίζει,
1597 3197 1652 3247 οὑ
1682 3198 1818 3246 κατὰ
1847 3193 1943 3262 τὴν
1973 3192 2114 3260 αὑτῴ
2143 3193 2265 3260 πρέ-

727 3313 930 3350 πουσαν
956 3293 1128 3357 ἀξίαν,
1151 3292 1281 3343 ἀλλὰ
1309 3291 1444 3342 κατά
1469 3291 1563 3358 τὴν
1591 3290 1810 3357 δύναμιν
1834 3289 1936 3340 τῶν
1974 3287 2264 3356 μελλόντων

728 3390 1011 3444 ἀπολαύειν
1036 3390 1130 3457 τῆς
1155 3388 1344 3454 ὅψεως.
1374 3387 1604 3453 Μωὺσῆς
1634 3384 1784 3445 δόξαν
1813 3383 2030 3449 ἔφθασε,
2061 3383 2148 3433 καὶ
2172 3382 2267 3450 τὴν

726 3484 881 3547 δόξαν
905 3485 1000 3551 οὑχ
1029 3480 1284 3548 ὑπερέϐη.
1305 3479 1408 3529 Καὶ
1434 3478 1516 3538 σὺ,
1542 3477 1797 3543 αἱρετικέ,
1823 3476 1917 3541 τὴν
1941 3475 2093 3535 δόξαν
2115 3475 2269 3540 ὑπερ-

731 3579 848 3640 ϐἀς,
871 3579 1053 3628 οὐσίαν
1077 3576 1207 3627 Θεοῦ
1235 3574 1696 3640 πολυπραγμονεῖς
1721 3591 1733 3631 ,
1773 3569 2047 3635 Ἐλθωμεν
2069 3570 2160 3620 καὶ
2180 3569 2270 3618 ἐπὶ

730 3673 820 3725 τὸν
852 3671 1110 3740 μακάριον
1131 3668 1353 3720 Παῦλον.
1386 3665 1590 3726 Παῦλος
1617 3667 1671 3714 ἐν
1698 3667 1761 3732 τῇ
1784 3665 1893 3732 Νέᾳ
1911 3663 2267 3722 Καταστάσει,

735 3767 970 3834 ἐγκύψας
1024 3766 1266 3834 μερικαῖς
1307 3777 1442 3811 τισιν
1485 3760 1805 3824 οἰκονομίαις
1840 3757 1930 3808 τοῦ
1984 3756 2137 3812 Θεοῦ.
2181 3757 2272 3807 καὶ

737 3864 919 3931 ὥσπερ
951 3860 1247 3926 ἰλιγγιάσας
1277 3856 1342 3907 τά
1369 3853 1502 3922 βάθη
1534 3853 1630 3921 τῆς
1659 3852 1881 3914 ἐννοίας,
1905 3851 2000 3919 τὴν
2036 3850 2273 3920 μεγάλην

740 3959 948 4026 ἐκείνην
989 3955 1082 4006 καὶ
1125 3951 1434 4019 ἐκπλήξεως
1467 3949 1736 4016 γέμουσαν
1777 3946 2032 4015 ἀνεϐόησε
2063 3947 2271 4012 φωνὴν,

741 4049 839 4107 ὧδέ
897 4070 970 4121 πη
1016 4051 1219 4116 λέγων·
1262 4043 1327 4098 Ὦ
1367 4045 1557 4108 ,ϐάθος
1605 4044 1868 4095 πλούτου
1915 4044 2131 4107 σοφίας
2178 4041 2274 4094 καί

742 4154 1010 4224 γνώσεως
1040 4145 1182 4202 Θεοῦ
1197 4148 1216 4199 .'
1244 4149 1320 4210 ὡς
1350 4145 1777 4209 ἀνεξερεύνητα
1808 4142 1878 4194 τὰ
1910 4143 2156 4209 κρίματα
2175 4143 2278 4194 αὐ-

742 4253 865 4314 τοῦ,
890 4249 986 4302 καί
1011 4246 1441 4311 ἀνεξιχνίαστοι
1462 4245 1519 4293 αἱ
1537 4241 1658 4293 όδοὶ
1674 4241 1880 4293 αὑτοῦ]
1899 4241 1989 4304 Τίς
2008 4240 2114 4308 γὰρ
2131 4241 2278 4308 ἔγνω

742 4351 889 4406 νοῦν
918 4349 1166 4415 Κιφίου;
1198 4345 1230 4409 ἢ
1260 4346 1347 4406 τίς
1372 4343 1708 4408 σύμϐουλος
1735 4340 1916 4392 αὐτοῦ
1945 4339 2213 4406 ἐγένετο;
2239 4338 2276 4404 ἢ

743 4456 832 4519 τίς
861 4449 1186 4518 προέδωκεν
1205 4437 1380 4507 αὐτῷ,
1407 4443 1502 4494 καί
1531 4440 2066 4503 ἀνταποδοθήσεται
2094 4438 2277 4502 αὐτῷ;

744 4553 850 4607 Καὶ
879 4551 938 4601 τὸ
967 4548 1111 4607 τέλος
1138 4543 1228 4596 τοῦ
1263 4543 1418 4608 λόγου
1437 4558 1448 4568 ’
1481 4541 1604 4591 Ὀτι
1640 4539 1707 4600 ἐξ
1733 4539 1916 4591 αὐτοῦ
1945 4540 2038 4591 καὶ
2080 4539 2152 4590 δι’
2179 4541 2281 4590 αἰ»-

746 4654 848 4706 τοῦ
872 4650 966 4703 καὶ
987 4651 1069 4712 είς
1095 4647 1273 4698 αὑτὸν
1294 4643 1362 4694 τὰ
1391 4642 1609 4693 πάντα·
1638 4639 1794 4703 αὐτῷ
1813 4641 1848 4706 ἡ
1873 4640 2017 4702 δόξα
2038 4642 2121 4704 είς
2147 4638 2284 4700 τοὺς

745 4749 979 4812 αἰῶνας.
1018 4746 1176 4814 Ὁρᾷς
1202 4743 1282 4794 ὅτι
1311 4743 1388 4802 είς
1415 4740 1509 4808 τὴν
1534 4739 1685 4804 δόξαν
1711 4737 1874 4789 ἐλθὼν
1899 4737 1990 4788 τοῦ
2015 4736 2166 4799 Θεοῦ,
2197 4735 2284 4786 τὸν

746 4845 864 4911 ὅρον
882 4843 977 4910 οὑχ
1000 4838 1265 4908 ὑπερέϐη;
1288 4836 1394 4888 Καὶ
1414 4837 1466 4887 τί
1490 4834 1612 4902 περί
1631 4833 1922 4902 ἀνθρώπων
1946 4831 2086 4896 λέγω
2105 4848 2118 4893 ;
2135 4831 2286 4881 Ἀνά-

749 4945 874 5014 ϐηθι
911 4945 1044 5012 πρὸς
1071 4945 1138 4994 τά
1168 4940 1507 5010 ὑπερκόσμια
1541 4941 1602 5006 τῇ
1636 4937 1836 5005 ἐννοίᾳ·
1870 4935 2136 5004 ἐρώτησον
2164 4936 2287 4994 τοὺς

749 5048 1002 5118 οὐρανοὺς
1020 5047 1110 5096 καὶ
1126 5046 1263 5096 εἰπέ·
1287 5044 1349 5095 Τί
1376 5059 1464 5110 μοι
1488 5058 1551 5091 πε
1560 5041 1610 5108 ρὶ
1628 5040 1758 5091 Θεοῦ
1778 5037 2065 5104 ἀναγγέλλε
2074 5055 2119 5086 ιν
2134 5035 2281 5088 δύνα-

753 5155 876 5215 σθε;
906 5150 1138 5220 οὐρανοὶ,
1166 5147 1484 5215 διηγήσασθέ
1510 5161 1595 5215 μοι
1619 5143 1855 5204 ποταπὸς
1879 5145 1906 5193 6
1929 5142 2085 5204 Θεός·
2117 5141 2290 5204 ἀπαγ-

751 5245 962 5316 γείλατέ
994 5259 1079 5311 μοι
1108 5241 1157 5292 τί
1188 5243 1330 5292 ἐστιν
1350 5241 1502 5309 οὐσίᾳ
1526 5243 1552 5292 6
1579 5246 1725 5299 Θεος.
1765 5239 1900 5288 Ἀλλ’
1929 5237 2026 5287 οὑκ
2064 5235 2287 5302 ἀποκρί-

754 5356 929 5395 νονται
961 5340 1008 5390 οί
1054 5336 1285 5404 οὐρανοὶ,
1318 5334 1442 5400 περὶ
1488 5334 1593 5383 τῶν
1633 5333 1901 5384 ἀδυνάτων
1933 5330 2288 5400 ἐρωτώμενοι.

767 5438 920 5490 ’Λλλά
947 5436 1046 5488 κᾶν
1080 5433 1247 5486 ταῦτα
1274 5431 1553 5498 τολμηρῶς
1588 5432 1961 5500 ἐπερωτήσῃς,
1995 5426 2291 5494 ἀποκριθή-

754 5553 904 5589 σεται
929 5537 1014 5588 διὰ
1045 5535 1135 5585 τοῦ
1166 5533 1456 5602 Θαυμασίου
1489 5531 1744 5598 Ἰερεμίου
1771 5531 1827 5581 τὸ
1857 5533 1992 5581 θεῖον
2017 5534 2187 5582 ἐκεῖνο
2211 5530 2294 5580 λό-

757 5646 908 5695 γιον·
947 5632 1224 5696 Ἔρριξεν
1275 5626 1523 5695 οὐρανὸς
1574 5625 1664 5676 ἐπὶ
1712 5624 1898 5677 τοῦτο.
1936 5625 2141 5694 Φρίττει
2189 5627 2294 5694 γάρ

2167 394 2276 449 INC
2286 393 2440 449 ERTI

3767 413 3883 466 418

2329 512 2551 580 οὐρανὸς
2584 512 2817 582 ἀληθῶς,
2835 513 2962 565 ὅταν
2988 511 3069 580 ἴδῃ
3100 510 3196 577 τὴν
3221 509 3370 562 θείαν
3397 505 3881 576 πολυπραγμονού-

2331 607 2496 674 μένην
2525 608 2705 672 φύσιν.
2746 607 3108 675 ’Δντικρούσει
3135 605 3191 656 δὲ
3219 606 3311 658 καὶ
3337 607 3366 656 6
3399 603 3664 672 μακάριος
3696 599 3884 659 Δαυῖδ.

2327 701 2423 770 τὴν
2445 701 2674 770 ἄμετρον
2692 699 3214 769 πολυπραγμοσύνην
3233 696 3494 760 κολάζων,
3507 698 3599 749 καὶ
3614 699 3747 765 ἐρεῖ,
3767 696 3888 747 οὐκ

2329 798 2581 863 ἤκουσας,
2623 798 2703 847 ὅτι
2743 799 2808 849 Οί
2849 795 3089 861 οὐρανοὶ
3113 793 3450 860 διηγοῦνται
3523 791 3680 858 φύσιν
3717 789 3886 852 Θεοῦ,

2333 889 2482 950 ἀλλὰ,
2535 891 2724 952 Δόξαν
2778 889 2941 942 Θεοῦ.
2995 889 3106 940 Οὑκ
3157 888 3311 948 αὑτός
3337 886 3530 937 σοιδιᾶ.
3581 887 3676 952 τῆς
3719 885 3891 948 ἁγίας

2333 983 2558 1050 κιθάρας
2575 983 2880 1051 ἀνεϐόησεν,
2896 983 2977 1033 ὅτι
2998 985 3062 1032 Ol
3085 980 3321 1047 οὐρανοί
3341 978 3673 1044 διηγοῦνται
3693 976 3892 1038 δόξαν

2337 1076 2500 1137 Θεοῦ,
2518 1079 2576 1128 οὑ
2609 1075 2765 1143 φύσιν
2790 1075 2953 1137 Θεοῦ;
2977 1076 3090 1127 Οὑκ
3109 1074 3294 1126 οὑσίαν
3321 1071 3721 1141 ἑρμηνεύουσιν,
3746 1070 3890 1121 ἀλλά

2335 1171 2488 1233 δόξαν
2533 1169 2664 1222 Θεοῦ
2718 1169 3147 1235 ἀναγγέλλουσιν.
3188 1167 3343 1219 ’Δλλά
3389 1167 3459 1235 μὴ
3515 1167 3737 1235 νομίζῃς
3785 1164 3893 1225 τὰς

2337 1265 2728 1333 ὑπερκοσμίους
2775 1263 3027 1332 δυνάμεις
3062 1262 3250 1314 εἰδέναι
3283 1279 3333 1313 τι
3365 1261 3540 1312 πλέον.
3582 1260 3892 1327 Ἐρώτησον

2337 1363 2615 1428 ἀγγέλους,
2656 1361 2923 1431 ἐρώτησον
2947 1361 3108 1427 λέγω,
3135 1360 3231 1412 οῦκ
3271 1359 3452 1428 ἐπειδὴ
3497 1355 3894 1427 ἐπιτέτραπταί

2343 1460 2490 1531 [ιει]
2512 1477 2592 1512 σοι
2614 1459 2956 1528 προσομιλεῖν
2972 1461 3090 1521 ταῖς
3113 1459 3224 1512 ἀνω
3240 1458 3546 1526 δυνάμεσιν.
3568 1457 3677 1508 ἀλλ’
3698 1457 3894 1524 ἐπειδὴ

2341 1559 2402 1609 ἐκ
2432 1559 2525 1625 τῆς
2557 1559 2774 1626 Γραφῆς
2801 1557 2941 1626 ἔχεις
2970 1556 3034 1608 τά
3069 1556 3354 1625 φάρμακα,
3389 1556 3480 1607 καὶ
3514 1555 3583 1606 τὰ
3616 1553 3897 1624 ἐπιστομί-

2342 1655 2498 1717 ζοντά
2528 1673 2616 1707 σου
2644 1659 2738 1728 τὴν
2762 1657 3084 1726 Θρασύτητα.
3114 1655 3409 1725 Ἐρώτησον
3437 1656 3560 1714 τοὺς
3591 1655 3859 1722 ἀγγέλους
3879 1672 3893 1686 ·

2344 1753 2612 1821 ἐρώτησον
2655 1755 2780 1806 ὅταν
2821 1755 2933 1824 ίδῃς
2984 1756 3176 1816 αὑτοὺς
3219 1751 3310 1806 ἐπὶ
3348 1754 3448 1822 γῆς
3499 1752 3821 1822 χορεύοντας
3863 1752 3896 1822 ἢ

2347 1852 2726 1920 ἀνυμνοῦντας.
2763 1853 2895 1906 Εἰπὲ
2938 1855 3134 1915 αὐτοῖς·
3173 1853 3236 1903 Τί
3281 1852 3459 1904 καινὸν
3496 1851 3812 1912 διδάσκετες
3844 1849 3899 1901 τί

2347 1950 2490 2015 ξένον
2512 1951 2906 2015 ἀπαγγέλλετε;
2933 1952 3024 2002 καὶ
3055 1950 3247 2012 εὐθέως
3273 1951 3300 2000 6
3323 1950 3461 2010 θεῖος
3485 1949 3638 2018 χορὸς
3664 1950 3902 2014 ἀποκρι-

2348 2043 2565 2111 θήσεται
2587 2060 2666 2094 σοι
2696 2043 2780 2094 διά
2809 2043 2912 2094 τῶν
2933 2044 3086 2095 θείων
3109 2043 3443 2109 Εὑαγγελίων
3463 2061 3475 2072 ·
3498 2045 3650 2104 Δόξα
3669 2043 3733 2094 ἐν
3765 2041 3902 2106 ὑψί-

2349 2155 2512 2200 στοις
2560 2137 2696 2201 Θεῷ,
2747 2137 2843 2189 καὶ
2897 2138 2993 2188 ἐπὶ
3041 2135 3147 2204 γῆς
3179 2137 3416 2202 εἰρήνη,
3463 2136 3531 2186 ἐν
3570 2134 3904 2199 ἀνθρώποις

2349 2231 2607 2283 εὐδοκία.
2628 2226 2827 2281 Ἦλθον
2855 2230 2946 2281 ἐπὶ
2978 2230 3076 2296 γῆς
3108 2229 3342 2294 ἄγγελοι,
3369 2229 3461 2279 καὶ
3484 2228 3580 2294 τῆς
3599 2227 3753 2291 δόξης
3775 2226 3901 2285 τοὺς

2349 2325 2502 2393 ὅρους
2532 2325 2627 2391 οὑχ
2659 2322 3026 2391 ὑπερέϐησαν·
3061 2323 3150 2374 καὶ
3187 2322 3445 2390 αἱρετικοὶ
3485 2319 3700 2379 τούτους
3734 2320 3904 2384 ὑπερ-

2354 2418 2553 2469 ϐαίνειν
2577 2418 2673 2469 οὑκ
2705 2416 2971 2486 ὤκνησαν.
3003 2415 3158 2468 Ἀλλά
3193 2416 3339 2483 μήτι
3376 2416 3426 2464 αί
3463 2411 3716 2464 ἀνωτάτω
3745 2410 3903 2461 δυνά-

2359 2529 2495 2580 μεις,
2521 2512 2576 2562 αἱ
2607 2511 2742 2580 ὑπὲρ
2766 2511 2887 2572 τοὺς
2916 2509 3175 2575 ἀγγέλους
3196 2526 3209 2572 ;
3233 2508 3375 2574 λέγω
3402 2507 3465 2575 δὴ
3489 2507 3544 2557 αἱ
3567 2506 3671 2556 τῶν
3695 2505 3904 2572 ἀρχαγ-

2356 2605 2544 2670 γέλων.
2574 2605 2693 2657 Εἰσὶ
2724 2604 2778 2656 δὲ
2820 2605 3020 2656 ἐκεῖναι
3056 2602 3241 2671 φύσεις
3272 2599 3688 2668 διακεκριμέναι.
3736 2594 3902 2665 Ἐρώ-

2357 2716 2514 2767 τησον
2547 2701 2613 2751 τὰ
2657 2700 2949 2768 Χερουϐὶμ,
2986 2699 3074 2750 τόν
3101 2697 3367 2767 βασιλικὸν
3404 2695 3619 2764 θρόνον·
3657 2695 3721 2744 Ὀ
3762 2692 3903 2743 καθ·

2357 2793 2570 2859 ἥμενος
2594 2793 2687 2844 ἐπὶ
2719 2793 2832 2844 τῶν
2860 2793 3156 2860 Χερουϐὶμ,
3182 2789 3488 2858 ἐμφάνηθι.
3516 2786 3817 2857 Ἐρώτησον
3840 2781 3904 2834 τὰ

2359 2887 2632 2954 Χερουϐὶμ
2664 2887 2737 2947 ώς
2776 2887 2957 2956 θρόνον
2991 2885 3357 2953 σαπφείρινον,
3392 2883 3482 2934 καὶ
3522 2882 3575 2932 ἐν
3615 2879 3692 2948 τῷ
3734 2878 3906 2945 θρόνῳ

2360 2980 2660 3046 καθήμενον
2704 2980 2776 3039 ώς
2806 2979 3050 3045 ὁμοίωμα
3084 2976 3212 3028 Υίοῦ
3258 2974 3554 3044 ἀνθρώπου.
3600 2971 3711 3023 Καὶ
3757 2969 3906 3037 φωνὴ

2363 3074 2570 3138 ἐγένετο
2615 3074 2718 3123 τῶν
2752 3073 3054 3140 Χερουϐὶμ,
3096 3071 3170 3133 ὡς
3212 3071 3412 3122 ὑδάτων
3453 3067 3652 3119 πολλῶν
3689 3065 3902 3133 βοῶσα·

2365 3167 2744 3234 Εὐλογημένη
2765 3167 2800 3231 ἡ
2825 3166 2968 3228 δόξα
2997 3166 3210 3231 Κυρίου
3235 3164 3300 3216 ἐκ
3325 3163 3426 3216 τοῦ
3452 3163 3632 3213 τόπου
3662 3157 3870 3223 αὐτῆς.

2431 3262 2490 3316 δ.
2533 3264 2690 3330 Ὁρᾷς
2715 3261 2805 3313 καὶ
2832 3261 2937 3312 τῶν
2958 3260 3229 3330 Χερουϐὶμ
3253 3259 3346 3327 τὴν
3373 3255 3648 3309 εὑλάϐειαν
3673 3270 3688 3316 ;
3715 3250 3908 3316 Ἐφθαν

2368 3376 2454 3410 σεν
2485 3358 2561 3418 εἰς
2589 3357 2761 3416 δόξαν,
2797 3357 2888 3406 καὶ
2916 3357 3010 3420 οὑχ
3057 3352 3293 3420 ὑπερέϐη
3339 3352 3427 3402 τὸν
3457 3351 3596 3418 ὅρον.
3639 3349 3906 3412 Εὐλογη-

2361 3453 2508 3520 μένη
2552 3451 2587 3514 ή
2634 3450 2780 3510 δόξα
2818 3449 3049 3514 Κυρίου.
3083 3446 3188 3498 Καὶ
3243 3446 3384 3506 πῶς;
3429 3445 3524 3495 Ἐκ
3571 3440 3676 3493 τοῦ
3727 3439 3908 3490 τόπου

2367 3543 2550 3608 αὐτῆς
2569 3560 2581 3572 ·
2606 3544 2690 3593 ἵνα
2718 3540 2859 3610 δείξῃ
2888 3557 2988 3599 σοι,
3014 3541 3092 3591 ὅτι
3112 3539 3202 3591 καὶ
3225 3538 3281 3588 ἐν
3303 3538 3410 3596 τοῖς
3437 3533 3701 3602 οὐρανίοις
3730 3531 3914 3590 τόποις

2370 3637 2659 3699 αὐλίζεται,
2690 3634 2779 3688 καὶ
2810 3635 2939 3686 πολὺ
2971 3633 3298 3701 ὑψηλοτέραν
3330 3630 3434 3682 τῶν
3470 3626 3731 3696 οὐρανίων
3763 3622 3912 3676 δυνά-

2376 3749 2515 3799 μεων
2546 3730 2636 3782 καὶ
2677 3728 2918 3798 ἀοράτων
2956 3727 3270 3796 ὑπέρκειται
3307 3723 3401 3791 τὴν
3435 3720 3606 3783 ἀξίαν.
3640 3719 3717 3770 Οὑ
3756 3717 3902 3782 φθέγ-

2372 3843 2553 3894 γονται
2581 3825 2653 3886 ὡς
2683 3821 3082 3891 πλησιάζοντες,
3114 3820 3224 3872 ἀλλ’
3252 3818 3325 3880 ὠς
3347 3817 3529 3885 πόρρω
3550 3813 3916 3881 ἀφεστηκότες

2372 3921 2466 3988 τῆς
2487 3919 2632 3980 θείας
2654 3918 2804 3980 ἀξίας
2819 3935 2832 3947 ·
2856 3915 3237 3983 Εὐλογημένη
3263 3914 3298 3976 ἡ
3319 3911 3464 3973 δόξα
3483 3909 3697 3972 Κυρίου
3727 3907 3798 3958 ἐκ
3819 3901 3921 3957 τοῦ

2374 4016 2556 4067 τόπου
2589 4011 2792 4077 αὐτῆς.
2818 4013 2926 4079 υὺχ
2949 4013 3025 4062 ὅτι
3051 4011 3208 4061 τόπον
3242 4008 3350 4075 ἔχει
3373 4023 3385 4035 ·
3423 4005 3592 4056 πάντα
3630 4002 3742 4067 γάρ
3774 4015 3922 4066 περι-

2375 4111 2570 4177 γράφει
2601 4109 2760 4160 τόπον
2778 4125 2790 4136 ·
2815 4106 2945 4159 ἀλλά
2977 4107 3134 4157 τόπον
3162 4103 3291 4155 Θεοῦ
3318 4100 3468 4153 καλεῖ
3488 4099 3583 4166 τὴν
3614 4114 3680 4148 πε
3691 4097 3745 4164 ρὶ
3766 4095 3921 4146 αὑτὸν

2377 4202 2549 4264 ἀξίαν.
2567 4198 2714 4263 Εἶδες
2739 4199 3124 4267 τῶνΧερουϐιμ
3142 4199 3231 4248 καὶ
3253 4194 3430 4262 φωνήν
3449 4187 3868 4256 ςεὺλογημένη
3887 4188 3920 4250 η

2378 4294 2525 4357 δόξα
2547 4297 2780 4361 Κυρίου.
2811 4294 2918 4346 Καὶ
2944 4292 3088 4344 οὐδὲν
3116 4289 3271 4342 πλέον
3293 4283 3592 4354 ἀνήγγειλε.
3612 4284 3704 4333 Δεῖ
3727 4281 3837 4348 γάρ
3869 4294 3922 4329 σε

2381 4389 2559 4457 κύκλῳ
2598 4387 2935 4456 παρεστῶτα,
2968 4385 3159 4436 εἰδέναι
3195 4382 3260 4433 τὰ
3286 4381 3377 4433 τοῦ
3401 4377 3533 4431 Θεοῦ
3571 4373 3919 4442 καταγγέλια.

2383 4485 2461 4538 Τὰ
2497 4483 2603 4551 γὰρ
2635 4480 2891 4548 Σεραφίμ
2913 4477 3170 4543 είστήκει
3191 4477 3394 4537 κύκλῳ
3423 4469 3624 4524 αὑτοῦ.
3655 4469 3725 4520 Τί
3754 4466 3926 4518 τοίνυν

2384 4581 2568 4647 μαθεῖν
2595 4578 2705 4629 ἔστι
2727 4576 2852 4644 παρ’
2881 4573 3062 4643 ὑμῶνς
3086 4573 3175 4640 Μὴ
3203 4568 3496 4636 κωλύσητε.
3528 4563 3663 4615 Ἀλλ’
3698 4564 3817 4631 ἐρεῖ
3836 4561 3927 4612 κά·

2383 4677 2551 4736 κεῖνα,
2581 4674 2660 4723 ὅτι
2687 4670 2789 4722 κᾶν
2823 4668 3170 4738 ὑπερέχωμεν
3202 4666 3298 4732 τὴν
3327 4661 3497 4724 ἀξίαν,
3531 4657 3642 4709 ἀλλ’
3675 4651 3930 4722 ἐπιγινώο

2387 4792 2584 4843 σκομεν
2607 4772 2761 4842 ἡμῶν
2792 4772 2887 4838 τῆς
2915 4769 3123 4836 φύσεως
3158 4767 3281 4826 τοὺς
3305 4765 3480 4833 ὄρους,
3517 4761 3608 4812 καὶ
3635 4759 3740 4827 οὑχ
3772 4759 3931 4825 ὑπερ-

2386 4878 2639 4947 πηδῶμεν
2676 4876 2744 4927 τά
2785 4873 2954 4943 μέτρα
2982 4871 3076 4938 τῆς
3113 4867 3359 4934 γνώσεως
3382 4882 3395 4893 ·
3436 4864 3496 4915 οὑ
3527 4863 3932 4932 πολυπραγμοσ-

2386 4972 2580 5040 νοῦμεν
2623 4969 2775 5039 ἡμῶν
2805 4967 2893 5018 τὸν
2931 4965 3204 5021 κτίσαντα,
3243 4960 3303 5010 οὑ
3343 4957 3815 5028 περιεργαζόμεθα
3846 4952 3930 5002 τὸν

2387 5067 2704 5133 τιμήσαντα.
2735 5061 2961 5126 Οἴδαμεν
2984 5058 3079 5124 τὴν
3109 5052 3483 5120 ἀκατάληπτον
3510 5048 3693 5116 φύσιν,
3728 5050 3809 5100 ὅτι
3843 5044 3932 5110 οὑχ

2388 5157 2739 5210 ὑποϐάλλεται
2774 5152 2990 5222 ζητήσει
3007 5163 3054 5211 ι,
3084 5150 3143 5201 οὑ
3166 5147 3399 5200 δουλεύει
3425 5143 3699 5212 λογισμῶν
3723 5141 3933 5194 ἀκολου-

2389 5253 2526 5311 θίαις
2544 5268 2558 5280 ·
2585 5248 2834 5317 ὑπερέχει
2867 5247 3042 5296 πᾶσαν
3069 5243 3201 5313 ὁμοῦ
3219 5243 3322 5295 διαὶ
3355 5238 3642 5306 ἀγγελικὴν
3665 5235 3934 5288 κατάστα-

2392 5364 2473 5398 σιν
2504 5345 2594 5395 καὶ
2627 5340 2988 5409 ὑπερκόσμιον
3012 5338 3213 5388 ἔννοιαν
3240 5335 3330 5387 καὶ
3352 5336 3524 5385 πᾶσαν
3550 5329 3936 5398 ὑπερουράνιον

2390 5438 2610 5505 δύναμιν
2641 5437 2674 5503 ἡ
2706 5433 2830 5497 δόξα
2861 5431 2949 5483 τοῦ
2993 5428 3476 5501 προσκυνουμένου.
3523 5424 3622 5476 Διά
3653 5422 3813 5474 τοῦτο

2453 5632 2478 5662 ⁸
2500 5630 2612 5680 Cod.
2647 5629 2853 5684 ζήτησιν.
2875 5625 3030 5676 Colel.
3060 5623 3186 5684 conj.
3216 5621 3478 5678 ζητήσεσιν.
