4102 6522
312 489 425 545 417

313 582 365 633 in
390 581 540 644 rubo,
571 579 698 634 vidit
731 594 848 635 eum
876 593 939 633 ex
968 588 1145 634 monte
1174 578 1320 645 Sina,
1354 580 1479 632 vidit
1506 593 1625 632 eum
1647 576 1867 630 diversis

310 670 365 723 in
396 669 523 723 locis
547 677 908 738 apparentem,
931 679 983 723 et
999 671 1156 724 variis
1180 670 1347 723 modis
1366 669 1693 739 prtesentiam
1722 682 1867 719 suam

309 759 652 825 indicantem,
683 769 737 813 at
764 760 947 814 beatus
997 761 1085 814 ille
1124 761 1331 832 Moyses
1376 761 1543 831 ipsam
1572 758 1749 811 videre
1778 772 1869 809 eu-

308 849 487 916 piebat
512 858 712 902 natura:
741 849 981 904 formam.
1006 849 1133 903 Nam
1158 850 1317 903 homo
1331 864 1448 902 cum
1465 855 1625 911 esset,
1645 846 1867 900 humana

306 939 376 992 tle
404 954 628 1008 superna
652 941 736 993 illa
779 940 971 995 virtute
992 941 1389 1009 imaginabatur.
1424 940 1557 992 Deus
1583 947 1754 990 autem
1777 938 1869 990 de-

307 1030 560 1083 siderium
592 1029 761 1083 fidelis
790 1030 965 1082 famuli
1008 1029 1351 1098 approbavit,
1390 1027 1636 1096 ﬂexitque
1686 1026 1868 1077 huma-

306 1133 435 1170 num
460 1118 700 1171 allectum
742 1118 1082 1186 impossibilia
1112 1118 1430 1187 cupientem.
1475 1117 1609 1184 Quid
1641 1116 1779 1168 enim
1796 1118 1869 1168 ait

304 1208 427 1261 illi?
458 1207 618 1262 Nemo
666 1208 844 1261 videbit
874 1209 1050 1279 faciem
1084 1224 1241 1261 meam
1283 1216 1329 1261 et
1373 1212 1496 1260 viret
1548 1204 1747 1275 (Exod.
1777 1205 1863 1258 5'5.

303 1297 419 1367 20).
452 1299 808 1353 Desideratum
865 1314 966 1352 nou
1016 1303 1155 1367 capit
1203 1300 1366 1352 virtus
1411 1296 1862 1352 desiderantium:

304 1401 413 1437 non
453 1385 552 1438 lert
582 1387 814 1440 mortalis
845 1388 1027 1440 oculus
1055 1385 1402 1439 immortalem
1433 1394 1694 1438 naturam.
1728 1383 1862 1448 Quid

303 1488 453 1543 ergo,
486 1475 1001 1544 Domine?relinquis
1030 1476 1145 1528 sine
1174 1475 1361 1528 solatio
1405 1488 1663 1538 amorem,
1697 1488 1755 1524 ac
1802 1485 1866 1524 ne

303 1567 544 1617 umbram
598 1566 805 1633 quidem
861 1567 1062 1632 przebes
1105 1566 1386 1629 desuderii,
1433 1567 1480 1618 ei
1530 1565 1616 1633 qui
1667 1573 1863 1616 tantum

303 1668 538 1706 amorem
580 1656 753 1706 animo
793 1653 1073 1723 concepit?
1118 1654 1467 1720 Quamobrem
1495 1655 1567 1706 ait
1600 1668 1613 1704 :
1642 1652 1786 1705 Pone
1814 1655 1866 1705 in

304 1752 470 1811 petra,
500 1750 545 1793 et
589 1756 791 1811 pretch
818 1758 967 1794 manu
1005 1759 1112 1795 mea
1140 1757 1157 1793 :
1186 1751 1231 1793 et
1271 1758 1383 1794 cum
1429 1741 1654 1794 transibit
1704 1742 1865 1811 gloria

303 1848 436 1895 mea,
466 1831 646 1883 videbis
689 1832 961 1899 posteriora
1000 1846 1023 1880 ,ο
1076 1832 1327 1884 anteriora
1368 1845 1481 1884 vero
1536 1847 1634 1884 non
1684 1832 1866 1885 videbis

302 1920 498 1980 (Exod.
525 1922 610 1975 55.
634 1920 722 1973 22.
748 1921 861 1990 2.3).
890 1920 1005 1974 Non
1027 1920 1175 1983 dixit,
1213 1920 1341 1973 Cum
1373 1921 1717 1988 pertransibo,
1749 1921 1862 1987 sed,

304 2012 433 2064 Cum
457 2013 681 2064 transibit
706 2012 867 2080 gloria
893 2026 1020 2063 mea.
1050 2010 1161 2063 Non
1193 2011 1334 2063 enim
1360 2011 1504 2075 licet,
1554 2021 1865 2080 prretergre-

303 2102 499 2155 diendo
543 2102 761 2170 gloriam
788 2140 804 2163 ,
849 2100 1129 2154 essentiam
1183 2100 1437 2169 reperire.
1486 2101 1691 2171 Moyses
1735 2101 1864 2154 nihil

300 2191 424 2259 plus
452 2206 606 2259 quam
631 2191 850 2258 gloriam
881 2190 1098 2253 invenit,
1148 2204 1318 2258 neque
1343 2189 1485 2242 illam
1518 2196 1679 2242 totam
1709 2189 1859 2251 vidit,

298 2281 397 2335 sed
424 2282 635 2333 dorsum
659 2298 671 2332 :
708 2294 809 2332 non
838 2279 975 2348 quod
1006 2279 1165 2332 dorso
1192 2288 1244 2331 et
1272 2287 1483 2347 pectore
1507 2278 1765 2333 deliueata
1794 2280 1862 2332 sit

300 2372 480 2425 divina
504 2381 686 2424 natura
720 2386 734 2423 :
766 2371 984 2439 simplex
1009 2370 1148 2424 enim
1176 2378 1258 2425 est
1282 2380 1332 2425 et
1362 2372 1739 2439 incomposita;
1770 2371 1862 2424 sed

300 2463 426 2531 quia
449 2462 583 2514 Deus
601 2462 674 2513 sic
692 2475 750 2513 se
766 2461 1184 2529 cognoscendum
1205 2460 1424 2527 praebet,
1453 2476 1555 2513 non
1575 2459 1861 2513 secundum

301 2550 403 2602 sibi
430 2558 803 2617 congruentem
832 2548 1157 2617 dignitatem,
1188 2548 1280 2601 sed
1321 2548 1608 2601 secundum
1650 2548 1863 2602 faculta-

302 2647 410 2691 tem
441 2652 643 2703 eorum,
672 2638 757 2705 qui
785 2637 953 2704 ipsum
980 2635 1142 2688 visuri
1162 2644 1301 2689 sunt.
1328 2635 1531 2706 Moyses
1560 2636 1622 2689 ad
1644 2638 1860 2703 gloriam

302 2728 540 2796 pertigit,
567 2736 619 2778 et
640 2727 859 2794 gloriam
888 2739 990 2777 non
1023 2738 1393 2793 supergressus
1423 2735 1502 2778 est
1532 2735 1623 2777 :at
1653 2734 1726 2790 tu,
1758 2726 1864 2778 ha:-

306 2816 495 2878 retiee,
520 2814 740 2883 gloriam
769 2822 1144 2883 transgressus,
1174 2813 1517 2866 substantiam
1545 2815 1636 2867 Dei
1657 2816 1863 2869 curiose

301 2906 592 2959 scrutaris?
634 2905 915 2959 Veniamus
954 2915 1006 2959 et
1043 2904 1107 2958 ad
1136 2905 1340 2958 beatum
1380 2906 1616 2960 Paulum.
1669 2907 1861 2961 Paulus

302 2996 362 3049 in
391 2997 531 3051 Neve
552 2994 888 3048 Testamento
907 3034 921 3058 ,
969 3010 1086 3048 cum
1116 2995 1474 3050 consideraret
1520 2997 1861 3065 particulares

298 3086 557 3156 quasdam
597 3086 687 3139 Dei
731 3085 1164 3153 dispensationes,
1195 3085 1342 3154 quasi
1382 3087 1638 3153 vertigine
1677 3096 1861 3154 captus

303 3178 359 3229 in
392 3175 647 3243 profundo
674 3175 1024 3243 cogitationis,
1051 3185 1265 3241 stupore
1287 3177 1491 3242 plenam
1522 3190 1699 3228 vocem
1726 3177 1860 3228 emi-

301 3267 375 3317 sit
401 3265 484 3317 bis
511 3265 684 3317 verbis
714 3280 728 3314 :
766 3282 784 3314 ι
820 3262 862 3317 Ο
889 3263 1109 3315 altitudo
1148 3262 1444 3314 divitiarum
1492 3264 1761 3329 sapientia:
1808 3271 1860 3315 et

300 3354 539 3407 scientia:
573 3354 681 3416 Dei,
713 3368 867 3421 quam
916 3351 1463 3419 incomprehensibilia
1493 3362 1614 3404 sunt
1661 3350 1857 3418 judicia

299 3447 438 3514 ejus,
472 3452 525 3496 et
550 3442 936 3510 investigabiles
960 3443 1055 3495 via:
1091 3442 1235 3509 ejusl
1265 3441 1392 3506 Quis
1429 3441 1567 3495 enim
1617 3442 1860 3508 cognovit

298 3551 516 3588 sensum
547 3535 789 3588 Domini?
819 3543 908 3587 aut
946 3532 1062 3602 quis
1091 3533 1420 3586 consiliarius
1464 3536 1577 3597 ejus
1604 3530 1729 3584 fuit?
1773 3540 1862 3583 aut

297 3630 421 3697 quis
444 3629 584 3696 prior
602 3627 749 3681 dedit
775 3627 845 3679 illi
868 3667 883 3691 ,
905 3633 958 3680 et
988 3624 1305 3680 retribuetur
1323 3623 1370 3677 ei
1402 3642 1421 3673 ι
1455 3622 1626 3691 (Rom.
1656 3623 1740 3676 11.
1763 3622 1859 3675 55-

299 3722 447 3787 56)?
507 3718 751 3786 Finisque
796 3716 1096 3771 sermonis:
1133 3733 1152 3766 ι
1185 3714 1439 3783 Quoniam
1496 3728 1562 3766 ex
1609 3713 1721 3780 ipso
1771 3727 1861 3779 per

302 3811 476 3876 ipsum
503 3816 555 3860 et
581 3809 629 3859 in
660 3807 772 3875 ipso
792 3815 913 3858 sunt
940 3805 1115 3858 omnia
1142 3820 1157 3867 ;
1202 3804 1299 3871 Ipsi
1327 3802 1492 3871 gloria
1518 3802 1569 3854 in
1597 3800 1807 3855 saecula.
1835 3819 1855 3853 ι

306 3896 493 3950 \‘iden’
522 3911 640 3948 eum
668 3909 787 3948 cum
812 3893 879 3947 ad
922 3894 1141 3962 gloriam
1181 3893 1272 3946 Dei
1300 3894 1546 3957 venisset,
1582 3892 1859 3945 terminum

300 4003 414 4040 non
442 3983 767 4038 excessisse?
819 3981 1018 4051 Ecquid
1046 3982 1110 4035 de
1145 3983 1441 4035 hominibus
1466 3982 1626 4035 dico?
1651 3980 1861 4050 Cogita-

302 4078 452 4129 tione
489 4073 713 4128 ascende
746 4073 811 4126 ad
857 4073 1116 4137 carlestia;
1147 4073 1408 4141 interroga
1439 4073 1596 4125 cazlos
1636 4080 1689 4125 et
1733 4073 1857 4125 die:

299 4165 440 4231 Quid
460 4164 586 4217 mihi
614 4163 681 4217 de
708 4164 809 4217 Deo
831 4177 1045 4215 narrare
1068 4162 1316 4230 potestis?
1340 4161 1476 4227 caeli,
1499 4169 1705 4215 narrate
1734 4159 1860 4212 mihi

298 4256 477 4323 qualis
506 4254 574 4305 sit
603 4253 739 4306 Deus
758 4292 772 4319 ,
802 4251 1095 4305 renuntiate
1116 4250 1241 4303 mihi
1269 4266 1384 4320 quae
1406 4252 1473 4303 sit
1497 4250 1719 4303 essentia
1750 4249 1859 4303 Dei.

302 4344 503 4396 Verum
527 4358 630 4395 non
660 4342 978 4409 respondent
997 4340 1212 4403 ereti,de
1228 4340 1290 4393 iis
1306 4355 1422 4408 qua:
1446 4353 1626 4392 eorum
1648 4338 1864 4391 faculta-

300 4446 414 4489 tem
458 4441 709 4502 superant
739 4432 1061 4501 interrogati.
1094 4432 1193 4486 Sed
1225 4431 1269 4485 si
1296 4430 1409 4483 lnee
1435 4430 1684 4482 audacter
1722 4444 1866 4497 qureo

298 4525 481 4586 sieris,
513 4522 845 4590 respondebit
874 4537 969 4590 per
993 4521 1349 4575 admirabilem
1376 4520 1657 4574 Jeremiam
1676 4560 1688 4584 ,
1722 4520 1861 4573 divi-

299 4632 434 4670 num
504 4613 631 4667 illud
682 4613 956 4681 proferens
1009 4612 1319 4681 eloquium:
1374 4610 1633 4665 lnhorruit
1688 4610 1865 4664 caelum

296 4722 459 4774 super
488 4704 582 4757 hoc
612 4702 740 4775 (λιν.
768 4703 823 4756 2.
854 4704 959 4771 t2).
995 4703 1308 4756 Inhorrescit
1333 4706 1471 4756 enim
1498 4718 1620 4756 vere
1658 4704 1861 4767 eielum,

300 4798 393 4851 ubi
425 4794 611 4848 viderit
635 4804 871 4849 naturam
890 4795 1117 4847 divinam
1148 4793 1399 4862 indagari.
1421 4793 1496 4845 Ex
1514 4794 1754 4862 Opposito
1781 4808 1865 4845 cae

298 4897 396 4941 net
432 4885 616 4938 beatus
647 4884 826 4947 David,
862 4885 1188 4937 temerariam
1227 4882 1583 4936 curiositatem
1615 4882 1863 4948 plectens,

296 4987 354 5031 et
384 4974 565 5028 dicet:
598 4972 709 5026 Non
735 4974 922 5027 audisti
948 4972 1089 5035 illud,
1119 4970 1239 5025 Caeli
1276 4980 1547 5035 enarrant,
1582 4986 1681 5021 non
1715 4979 1865 5021 natu-

298 5081 424 5121 rain
451 5064 562 5126 Dei,
590 5062 681 5116 sed
701 5062 907 5133 gloriam
934 5063 1045 5115 Dei.
1070 5062 1251 5115 Nonne
1285 5062 1393 5129 ipse
1412 5061 1502 5114 tibi
1522 5076 1612 5128 per
1638 5068 1865 5112 sanctam

296 5154 572 5209 citharam
600 5152 879 5215 clamavit,
906 5151 1025 5205 Cati
1052 5162 1285 5204 enarrant
1312 5152 1525 5221 gloriam
1558 5149 1645 5202 Dei
1679 5149 1696 5220 (
1722 5148 1865 5201 Psal.

298 5248 392 5301 18.
436 5245 510 5314 1).
541 5244 651 5297 Non
679 5250 915 5296 naturain
946 5244 1055 5305 Dei,
1085 5259 1186 5295 non
1215 5242 1556 5295 substantiam
1580 5242 1865 5305 declarant,

296 5336 398 5389 sed
436 5334 649 5403 gloriam
691 5333 779 5385 Dei
808 5332 1135 5384 annuntiant.
1166 5334 1423 5385 Caeterum
1456 5347 1521 5384 ne
1544 5341 1691 5398 putes
1720 5332 1872 5384 caele-

297 5436 423 5481 stes
448 5425 667 5477 virtutes
686 5421 805 5491 quid
827 5423 961 5476 ultra
992 5436 1328 5491 cognoscere.
1356 5423 1617 5491 interroga
1636 5422 1867 5488 angelos,

301 5520 603 5583 interroga,
632 5516 863 5581 inquam,
895 5527 996 5564 non
1024 5512 1162 5579 quod
1194 5512 1285 5563 tibi
1306 5527 1613 5564 concessum
1644 5512 1707 5564 sit
1743 5525 1861 5561 cum

298 5605 556 5675 supernis
589 5602 866 5655 virtutibus
894 5600 1174 5669 congredi,
1217 5602 1306 5653 sed
1337 5601 1451 5668 quia
1494 5617 1555 5652 ex
1604 5600 1869 5667 Scriptura

303 5694 550 5751 remedia
575 5693 757 5756 habes,
803 5706 1022 5759 qumque
1065 5689 1333 5742 audaciam
1377 5700 1515 5742 tuam
1564 5691 1865 5756 reprimant.

304 5788 583 5851 Interroga
635 5782 893 5848 angelos:
950 5782 1209 5844 interroga
1265 5792 1356 5831 eos
1417 5794 1537 5831 cum
1586 5778 1778 5831 videris
1811 5778 1861 5828 in

1291 463 1354 518 IN
1392 462 1612 529 ILLUD,
1652 461 1717 516 IN
1753 459 1889 527 QUA
1930 459 2346 525 POTESTATE,
2389 460 2539 517 ETC.

3408 479 3521 537 418

1979 584 2114 627 terra
2142 576 2362 630 choreas
2387 586 2625 645 agentes,
2644 587 2734 632 aut
2763 579 2987 649 hymnos
3022 593 3292 640 canentes.
3324 587 3415 642 Die
3463 591 3529 645 llo

1974 662 2055 727 lis,
2096 663 2229 729 Quid
2259 666 2377 717 nevi
2408 665 2646 720 docetis?
2672 667 2795 735 quid
2837 668 3029 722 insoliti
3049 674 3531 731 annuntiatishﬂ-

1974 754 2171 821 timque
2196 753 2403 807 divinus
2428 756 2620 809 chorus
2643 770 2733 823 per
2760 766 2943 810 sancta
2994 762 3257 829 evangelia
3306 778 3527 828 respon-

1972 839 2116 895 debit
2144 842 2234 896 tibi
2267 858 2281 895 :
2306 841 2479 898 Gloria
2507 847 2558 898 in
2587 850 2838 901 altissimis
2873 848 2994 910 Deo,
3023 862 3071 903 et
3094 854 3143 903 in
3165 864 3296 905 terra
3327 870 3445 920 pax,
3475 862 3524 909 in

1973 932 2254 988 hominibus
2278 934 2639 1004 beneplacitum
2662 939 2809 1005 (Luc.
2836 941 2889 992 2.
2920 941 3025 1007 11).
3058 941 3324 997 Venerunt
3351 946 3399 997 in
3430 958 3527 1000 ter-

1972 1036 2082 1074 ram
2111 1024 2300 1091 angeli,
2328 1025 2577 1094 etgloriae
2604 1028 2853 1079 terminos
2879 1044 2981 1081 neu
3002 1033 3356 1099 praetergressi
3382 1048 3524 1096 sunt;

1973 1110 2209 1166 hmretici
2238 1129 2364 1168 vero
2390 1114 2489 1168 hos
2518 1118 2808 1184 transgredi
2853 1132 2954 1171 non
2985 1119 3371 1175 dubitaverunt.
3421 1124 3523 1178 Sed

1972 1215 2096 1252 num
2122 1200 2256 1254 forte
2284 1218 2527 1271 supernae
2549 1206 2788 1270 virtutes,
2815 1221 2930 1274 quae
2957 1221 3118 1273 super
3144 1211 3356 1278 angelos
3381 1213 3524 1265 sunt?

1970 1290 2328 1359 Arcbangelos
2350 1294 2467 1347 dico
2494 1310 2507 1347 :
2536 1306 2658 1348 sunt
2685 1306 2859 1349 autem
2892 1297 2991 1350 illa;
3015 1308 3213 1351 natura:
3235 1300 3517 1355 distinctae.

1974 1379 2239 1449 Interroga
2269 1382 2569 1447 Cherubim,
2606 1387 2804 1453 regium
2826 1386 3013 1439 solium
3043 1403 3058 1439 :
3092 1388 3187 1453 Qui
3212 1391 3350 1442 sedes
3376 1407 3525 1460 super

1970 1468 2575 1543 Clierubimmtanifeuare
2602 1473 2769 1545 (Prol.
2798 1475 2884 1528 79.
2911 1475 2984 1542 2).
3019 1476 3284 1547 Interroga
3323 1479 3524 1534 Cberu-

1971 1559 2096 1623 bim,
2129 1562 2368 1615 thronum
2399 1563 2780 1632 sapphirinum,
2804 1574 2857 1619 et
2900 1566 2954 1619 in
2994 1568 3184 1620 throno
3225 1569 3520 1637 sedentem,

1970 1652 2110 1704 velut
2148 1652 2540 1708 similitudinem
2556 1654 2675 1710 Filii
2702 1656 2927 1711 hominis
2955 1656 3161 1727 (Exerit.
3197 1661 3282 1714 1ο.
3316 1661 3362 1714 1.
3392 1674 3436 1715 et
3468 1665 3520 1717 1.

1968 1741 2058 1795 26.
2088 1740 2203 1812 2i).
2238 1744 2297 1795 Et
2328 1759 2426 1797 vox
2450 1743 2580 1798 facta
2608 1754 2691 1800 est
2714 1746 3156 1813 Cberubinorum,
3184 1751 3330 1818 quasi
3357 1766 3520 1821 aqua-

1970 1844 2084 1881 rum
2108 1830 2407 1895 multarum,
2436 1832 2670 1886 clamans
2701 1850 2715 1887 :
2744 1831 3011 1887 Benedicta
3037 1836 3197 1904 gloria
3224 1835 3425 1891 Domini
3460 1840 3521 1894 de

1968 1919 2076 1971 loco
2105 1936 2195 1971 suo
2221 1919 2376 1989 (Ibid.
2400 1922 2451 1975 5.
2478 1920 2589 1991 η).

2039 2010 2092 2062 4.
2126 2009 2278 2063 Vides
2308 2010 2721 2066 Cberubinorum
2751 2016 3096 2069 reverentiam
3118 2016 3143 2069 ‘I
3164 2017 3522 2072 Pervenerunt

1967 2097 2029 2150 ad
2075 2098 2328 2167 gloriam,
2369 2110 2421 2153 et
2460 2101 2593 2153 intra
2636 2103 2914 2156 terminum
2962 2115 3269 2159 manserunt
3306 2123 3318 2156 :
3359 2106 3518 2161 Bene-

1966 2186 2099 2239 dicta
2126 2187 2285 2256 gloria
2305 2187 2525 2241 Domini.
2550 2190 2861 2257 Quomodo?
2888 2192 2963 2245 De
2989 2194 3097 2245 loco
3124 2211 3213 2247 suo
3230 2211 3249 2247 .°
3274 2206 3327 2248 ιιι
3344 2208 3520 2250 osten-

1965 2276 2184 2331 deretur
2233 2279 2347 2337 tibi.
2376 2294 2491 2332 eam
2520 2281 2571 2333 in
2600 2281 2897 2335 etelcstibus
2945 2282 3073 2336 locis
3102 2287 3437 2347 commorari,
3466 2295 3518 2339 et

1966 2365 2117 2435 longe
2143 2367 2381 2421 altiorem
2411 2383 2529 2423 esse
2557 2368 2806 2438 dignitate
2841 2370 2966 2438 ipsis
2993 2373 3288 2427 creleStibus
3312 2386 3361 2428 et
3389 2376 3519 2428 iuvi-

1966 2456 2202 2509 sibilibus
2235 2456 2527 2510 virtutibus.
2555 2458 2669 2511 Non
2709 2459 2990 2526 loquuntur
3013 2462 3158 2528 quasi
3186 2478 3348 2531 prope
3375 2473 3518 2517 stan-

1967 2552 2066 2608 tes,
2095 2544 2187 2597 sed
2218 2555 2271 2598 ut
2298 2544 2450 2614 longe
2473 2561 2502 2597 a
2546 2545 2721 2598 divina
2753 2546 3002 2615 dignitate
3025 2548 3276 2603 distantes
3301 2566 3317 2603 :
3356 2549 3517 2605 Bene-

1965 2633 2097 2685 dicta
2136 2633 2298 2703 gloria
2326 2633 2525 2687 Domini
2547 2634 2610 2688 de
2633 2636 2742 2689 loco
2771 2652 2880 2689 suo.
2913 2635 3025 2690 Non
3054 2637 3193 2705 quod
3222 2637 3391 2692 locum
3419 2641 3513 2692 ha-

1965 2720 2120 2786 beat;
2161 2737 2371 2777 omucm
2398 2724 2537 2777 enim
2570 2723 2949 2779 circumscribit
2992 2725 3197 2791 locum;
3227 2728 3319 2781 sed
3348 2730 3514 2783 locum

1968 2811 2059 2866 Dei
2086 2821 2237 2864 vocat
2262 2827 2377 2865 eam
2403 2827 2520 2882 qua:
2551 2813 2684 2866 circa
2716 2830 2834 2867 eum
2864 2824 2943 2869 est
2968 2815 3292 2884 dignitatem.
3333 2817 3517 2872 \‘idisti

1964 2901 2375 2956 Cberubinorum
2388 2901 2598 2958 vocem?
2614 2901 2876 2956 Benedicta
2891 2904 3051 2973 gloria
3070 2903 3289 2958 Domini.
3306 2905 3371 2959 Et
3389 2907 3515 2960 nihil

1964 2993 2187 3062 amplius
2221 2993 2675 3049 annuntiaverunt.
2710 2995 2921 3062 Oportet
2952 2996 3092 3049 enim
3123 3006 3172 3050 te
3191 2996 3383 3050 circum
3411 2998 3507 3050 ad-

1965 3092 2209 3148 stantem,
2240 3099 2394 3139 nosse
2418 3100 2478 3139 ea
2507 3101 2622 3154 qua:
2642 3100 2671 3138 a
2705 3086 2808 3139 Deo
2840 3088 3167 3139 nuntiantur.
3198 3086 3327 3140 Nam
3359 3089 3514 3142 Sera-

1965 3174 2103 3241 plmu
2143 3175 2340 3227 stabant
2366 3176 2417 3227 in
2455 3175 2665 3227 circuitu
2707 3179 2813 3245 ejus
2844 3174 2993 3243 (Isai.
3022 3177 3073 3229 6.
3099 3176 3179 3246 2).
3206 3178 3338 3243 Quid
3388 3195 3517 3247 ergo

1963 3275 1993 3313 a
2022 3261 2165 3314 vobis
2190 3261 2488 3317 discemus?
2512 3262 2681 3317 Nolite
2712 3263 3004 3331 prohibere.
3052 3265 3241 3319 Verum
3272 3268 3355 3320 illa
3383 3284 3518 3336 quo-

1962 3364 2065 3418 que
2099 3350 2273 3404 dicent
2302 3367 2317 3405 :
2343 3351 2590 3417 Quamvis
2636 3352 2885 3421 dignitate
2928 3354 3320 3421 priecellamus,
3370 3358 3518 3410 novi-

1963 3454 2079 3491 mus
2109 3450 2280 3493 tamen
2306 3451 2507 3493 natura:
2537 3450 2729 3494 nostrae
2754 3442 2904 3506 lines,
2929 3457 3022 3495 uec
3043 3445 3355 3511 cognitionis
3373 3461 3519 3499 men-

1962 3542 2137 3582 suram
2165 3529 2620 3598 praatergredimur
2643 3548 2655 3582 :
2682 3545 2782 3583 non
2814 3532 3016 3583 curiosi-
3044 3541 3335 3585 scrutamur
3352 3533 3517 3589 Crea-

1966 3628 2130 3672 torem
2150 3628 2384 3673 nostrum
2404 3658 2421 3685 ,
2444 3634 2548 3673 non
2574 3620 2906 3687 explorautns
2932 3636 3049 3673 enin
3080 3623 3167 3692 qui
3199 3638 3294 3676 nos
3319 3624 3515 3678 honore

1964 3706 2158 3760 affecit.
2200 3706 2453 3762 Novlmus
2500 3705 3084 3777 incomprehensibilem
3127 3720 3363 3764 naturam
3412 3728 3515 3766 nou

1963 3798 2150 3866 subjici
2196 3798 2592 3868 quaestionibus,
2619 3812 2717 3851 nec
2755 3797 3031 3852 obnoxiam
3061 3814 3178 3855 esse
3216 3804 3518 3856 ratiocinio-

1964 3903 2081 3941 ruut
2108 3888 2298 3952 seriei;
2338 3895 2551 3956 superat
2594 3901 2803 3942 omnem
2845 3888 3134 3956 angelicum
3180 3899 3370 3944 statum
3399 3907 3517 3945 om.

1965 3993 2187 4047 nemque
2230 3978 2333 4031 vim
2363 3978 2624 4033 eatlestem
2650 3976 2815 4045 gloria
2840 3977 2955 4046 ejus
2982 3980 3066 4047 qui
3096 3978 3361 4033 aduratur.
3398 3981 3518 4037 ldeo

1964 4075 2017 4119 et
2040 4081 2136 4119 nos
2156 4082 2259 4119 non
2288 4065 2697 4119 transcendimus
2726 4067 2994 4119 terminos.
3018 4067 3132 4120 Non
3160 4070 3520 4135 prtetericrunt

1963 4153 2246 4209 Cbembim
2277 4152 2387 4225 (α),
2431 4157 2522 4209 sed
2569 4170 2687 4210 cuin
2732 4156 2871 4209 omni
2924 4159 3211 4211 reverentia
3252 4161 3517 4215 cmlestem

2028 4285 2103 4353 (αὶ
2131 4291 2276 4353 Totus
2292 4285 2411 4353 etde
2432 4289 2661 4353 orationis
2697 4288 2922 4353 pustula_t_
2941 4289 3204 4353 seraphim,
3229 4294 3445 4353 quamvis
3467 4294 3515 4342 in

1966 4344 2069 4396 loco
2083 4344 2237 4411 lsaig,
2255 4351 2306 4395 et
2322 4345 2621 4411 Cherubines
2635 4344 2720 4408 pro
2735 4348 3004 4411 Seraphinis
3018 4344 3227 4411 posuerit
3248 4344 3520 4402 l'hilastrius

1966 4364 2069 4396 ιοω
2087 4364 2237 4405 Isaias,
2255 4364 2306 4395 BI.
2322 4364 2621 4396 LUCI'UDIIIOB
2635 4364 2720 4408 pro
2735 4364 3004 4411 semputnts
3088 4364 3227 4400 ‘uertt
3248 4364 3519 4402 I'DllaSU'lUS

1966 4409 2144 4476 Itmresi
2168 4405 2285 4476 _ult_._,_
2300 4419 2355 4476 ac
2376 4406 2598 4476 Paulinus
2633 4408 2857 4476 Natali-9,
2883 4422 2930 4469 p.
2955 4364 3295 4476 missequ
3320 4412 3519 4476 Chryso-

1965 4468 2215 4529 stomusiu
2239 4466 2370 4521 illud.
2400 4466 2598 4529 Polemi
2619 4465 2955 4529 possibile'ést,
2999 4465 3122 4525 ete.,'
3149 4478 3199 4518 et
3216 4465 3521 4522 'Cherubinos

1964 4528 2235 4589 Seraphinis
2250 4530 2419 4590 jungat
2441 4527 2722 4590 Epiphanius
2743 4528 2962 4590 Ancorati
2984 4541 3096 4590 cap.
3110 4530 3183 4590 10,
3209 4530 3283 4586 26,
3311 4545 3416 4578 emn
3439 4541 3519 4579 Se-

1965 4564 3518 4646 ἶιὲὶῖἑέἴόἲξίῗὲἨέᾗὶῖιῖιιϊῖἔεὲιῖὧὲῖὶΐῖῖιιῖἴὲειὲἷὸὝιὶὲτέἓί

1968 4658 2184 4713 extrema
2207 4655 2257 4713 et
2280 4647 2553 4713 peuultima,
2583 4648 2854 4713 pariterque
2879 4647 3077 4713 hymnus
3097 4649 3395 4713 Cherubieus
3422 4665 3511 4713 ap-

1985 4707 2135 4767 iellari
2159 4706 2328 4761 soleat,
2348 4709 2428 4767 qui
2454 4706 2733 4767 serapbicus
2758 4706 2847 4756 est.
2869 4706 2992 4756 sicut
3012 4709 3115 4757 vice
3136 4722 3271 4757 versa
3292 4712 3338 4759 in
3367 4706 3519 4761 locum

1985 4721 2135 4755 )cllal‘l
2159 4721 2328 4761 seteat,
2348 4721 2428 4767 qui
2454 4721 2733 4766 serapmcus
2758 4721 2847 4756 eat.
2869 4721 2992 4756 διευι
3012 4721 3115 4757 vice
3136 4722 3271 4757 versa
3292 4721 3338 4759 in
3367 4721 3519 4761 locum

1967 4721 2346 4830 therubiuorum
2368 4766 2519 4830 aedi
2536 4773 2586 4814 et
2608 4764 2877 4830 Paralipom.
2902 4769 3143 4830 seraphini
3167 4769 3521 4820 substituuntur

1967 4826 2220 4888 Aetione}
2236 4826 2401 4888 synodi
2420 4825 2523 4882 νιι,
2548 4838 2636 4874 seu
2671 4827 2719 4873 in
2742 4825 3057 4888 disputatione
3100 4826 3193 4877 illic
3236 4830 3417 4888 prolata
3439 4840 3521 4880 Ju-

1969 4841 2167 4875 actione
2190 4841 2220 4873 ο
2236 4841 2400 4888 synoat
2426 4841 2523 4882 ιιι,
2548 4841 2636 4874 seu
2671 4841 2719 4873 tu
2742 4841 2813 4873 uis
2835 4841 3057 4876 iulatione
3100 4841 3193 4877 nnc
3269 4841 3417 4879 rotata
3439 4841 3521 4880 Ju-

1969 4887 2131 4949 dteiet
2150 4885 2406 4949 Christiani
2426 4888 2534 4949 (ubi
2551 4892 2711 4949 tamen
2895 4894 3006 4949 Reg.
3050 4888 3183 4946 1026,
3218 4843 3379 4949 266,
3406 4892 3522 4941 Clie-

1970 4900 2061 4935 uat-t
2081 4900 2131 4933 et
2154 4900 2406 4937 Lnrtsuam
2426 4900 2528 4947 tum
2551 4900 2711 4934 tamen
2736 4900 2847 4935 mu.
2895 4900 2921 4933 li
2994 4923 3006 4935 .
3050 4900 3183 4946 tum,
3218 4900 3249 4937 ι.
3275 4900 3379 4949 261),
3406 4900 3522 4941 Clie-

1970 4945 2125 4994 rubim
2149 4947 2309 5003 habet,
2338 4952 2391 4993 ut
2422 4955 2471 4995 et
2491 4944 2613 4994 alter
2647 4900 2990 5007 interpretuterﬁ
3025 4956 3075 4996 et
3109 4950 3171 4995 ab
3206 4951 3385 4997 Atidrea
3410 4951 3523 5000 Cre-

1971 5007 2095 5055 teusi
2116 5007 2336 5054 Oratione
2364 5008 2395 5054 3
2416 5008 2465 5054 in
2487 5007 2817 5054 dormitionem
2844 5007 3055 5065 Deiparze
3077 5019 3091 5055 :
3113 5020 3297 5056 necnon
3323 5010 3525 5059 thronus

1970 5066 2249 5127 Seraphicus
2281 5066 2425 5127 instar
2447 5065 2702 5116 Cherubiei
2725 5066 2772 5127 in
2798 5066 3171 5127 eodemAndrea
3195 5066 3372 5127 legitur
3394 5076 3521 5119 Orat.

1971 5124 2198 5188 iuramus
2232 5125 2510 5188 palmarum,
2546 5134 2691 5187 atque
2723 5125 2773 5174 in
2807 5126 3093 5187 Theophane
3124 5124 3358 5177 Cerameo
3390 5137 3522 5177 Horn.

1970 5186 2045 5244 55,
2072 5197 2129 5233 ac
2144 5186 2342 5253 663nm
2362 5196 2383 5237 δ
2403 5199 2491 5244 ea;
2521 5203 2573 5253 ys
2590 5192 2914 5253 Mjllotimv
2944 5186 3122 5248 nomen.
3142 5202 3208 5253 ne
3225 5201 3404 5253 mi...
3435 5189 3524 5253 hoe

1972 5254 2066 5303 est,
2092 5244 2361 5311 pan
2383 5245 2530 5308 Moysi
2546 5244 2563 5295 ,⁵
2581 5251 2677 5311 Fac
2692 5244 2941 5295 Cherubin:
2962 5244 3007 5311 et
3044 5244 3476 5311 serapmmgépist.
3500 5251 3522 5297 1

1970 5307 2183 5369 Gregorii
2209 5306 2252 5355 11
2273 5307 2331 5355 ad
2352 5306 2559 5369 Leonem
2578 5309 2809 5369 murum.
2836 5308 3031 5369 Accedit
3070 5308 3183 5365 huc,
3204 5308 3328 5369 quod
3366 5306 3525 5357 notavi

1971 5366 2027 5429 ad
2048 5365 2459 5429 Constit.i.tpost_.,
2491 5365 2751 5429 Cherubin}
2796 5372 2847 5414 et
2864 5368 3117 5429 seraphin:
3148 5365 3367 5417 contundi
3402 5369 3527 5429 apud

1972 5423 2684 5489 Cyrillumﬂierosolymitanum
2718 5423 3327 5489 catechesi'mystagogica
3356 5430 3403 5486 5,
3433 5423 3527 5475 'cui

1972 5484 2096 5553 nunc
2118 5484 2263 5553 addas
2284 5484 2540 5553 velim'tum
2566 5486 2912 5553 cognominem
2932 5484 3297 5553 Alexandrinum
3318 5484 3400 5535 lib.
3423 5489 3528 5553 9e;

1975 5546 2109 5594 lOde
2135 5546 2414 5594 Aderatione
2458 5546 2499 5592 in
2537 5546 2700 5605 spiritu
2738 5552 2789 5593 et
2812 5548 3035 5604 veritate,
3068 5550 3147 5595 ubi
3184 5552 3325 5595 etiam
3351 5549 3527 5595 nomini

1972 5605 2213 5666 Seraphim
2237 5609 2314 5653 dat
2338 5607 2778 5666 interpretationem
2803 5609 3003 5655 nominis
3024 5607 3294 5657 Cberubhn.
3318 5621 3423 5654 cum
3447 5622 3528 5656 re«

1972 5663 2097 5714 ctius
2118 5663 2478 5727 interpretetur
2494 5664 2553 5727 ad
2592 5663 2726 5711 Isaia:
2746 5674 2887 5727 caput
2908 5668 2955 5723 6,
2983 5672 3030 5714 et
3055 5669 3110 5716 ad
3144 5677 3330 5716 Joaltttls
3358 5669 3431 5724 1‘2,
3458 5670 3528 5723 tl,

1975 5732 2072 5773 tum
2100 5726 2391 5787 narrationes
2410 5732 2474 5772 ee
2498 5726 2776 5787 inventione
2805 5726 2857 5773 ’S.
2898 5730 3066 5784 crucis,
3102 5730 3223 5787 apud
3259 5737 3531 5775 nretserum

1979 5798 2024 5831 c.
2054 5786 2188 5840 1697,
2218 5788 2349 5845 1706,
2378 5786 2511 5843 i707,
2542 5786 2671 5843 17H,
2698 5793 2794 5833 tum
2830 5786 3363 5835 Auastasium'Sinaitatn
3396 5790 3449 5835 1::
3488 5794 3531 5836 in
