4102 6466
600 399 713 452 419

591 502 738 558 illum
759 499 1005 568 hymnum
1024 493 1392 550 modulantur:
1423 492 1659 554 Sanctus,
1681 497 1899 554 sanctus,
1930 498 2151 554 sanctus,

593 590 843 645 Dominus
865 586 1109 652 Sabaoth,
1129 585 1275 652 plena
1290 592 1360 637 est
1379 583 1537 636 omnis
1553 590 1684 635 terra
1699 580 1858 649 gloria
1872 580 1982 648 ejus
2001 577 2152 649 (lsai.

594 682 648 736 6.
681 681 760 747 5).
786 677 900 732 Non
947 675 1143 745 pudore
1194 683 1246 728 te
1274 672 1434 726 allicit
1470 670 1664 725 Paulus
1705 677 1759 722 et
1797 667 2022 738 Moyses,
2065 667 2154 735 qui

593 770 810 842 gloriam
840 782 943 820 non
972 762 1324 833 praetergressi
1348 759 1510 814 sunt?
1537 758 1811 813 Pudorete
1837 755 2032 811 afﬁciet
2050 771 2154 809 cte-

595 862 726 919 lum,
746 857 964 927 gloriam
984 865 1258 907 erramus.
1284 850 1390 904 Sed
1409 864 1504 903 nec
1530 846 1807 917 persuadet
1827 847 1917 900 tibi
1934 846 2156 900 caelum?

595 947 855 1002 Pudorem
888 943 1115 998 iul‘erent
1143 941 1332 1009 angeli.
1357 941 1424 992 At
1446 938 1663 1008 angelos
1691 937 1954 1006 despicis?
1981 936 2153 990 Rere-

594 1049 712 1089 rere
749 1032 1094 1088 Cherubinos.
1142 1030 1334 1084 Verum
1385 1028 1503 1082 illos
1542 1027 1701 1080 etiam
1733 1025 1981 1079 audacter
2023 1039 2156 1094 pra:-

595 1120 944 1191 tcrgrederis?
970 1119 1044 1173 Te
1085 1116 1356 1184 Seraphim
1388 1131 1452 1169 eo
1481 1114 1734 1169 reducant
1762 1122 1818 1166 ut
1853 1113 2045 1181 sapias.
2089 1114 2159 1166 At

600 1226 699 1265 nec
721 1210 1020 1265 caelestibus
1042 1223 1139 1262 nec
1167 1207 1391 1260 terrenis
1415 1203 1748 1259 documentis
1775 1217 1973 1256 morem
1994 1202 2157 1272 geris?

600 1302 762 1354 Extra
802 1313 1007 1351 sacrum
1033 1297 1250 1351 chorum
1285 1309 1459 1359 mane,
1492 1301 1680 1362 sponte
1705 1291 1886 1346 exsula
1913 1307 1944 1345 a
1969 1291 2160 1344 divinis

598 1391 769 1443 atriis.
819 1388 931 1440 Non
963 1395 1111 1454 putes
1139 1386 1279 1439 enim
1311 1385 1472 1437 Deum
1501 1382 1709 1436 curiose
1733 1381 1973 1438 scrutari.
2001 1391 2054 1435 et
2083 1382 2161 1434 in-

601 1489 681 1532 ter
707 1478 885 1531 lideles
915 1475 1198 1528 numerari.
1224 1471 1422 1541 Ecquid
1448 1472 1514 1526 de
1543 1471 1651 1524 Deo
1676 1469 1826 1523 dico?
1851 1469 2028 1523 Nescis
2050 1470 2160 1522 for-

603 1565 905 1621 midandum
938 1577 1058 1618 esse
1096 1562 1184 1616 Dei
1226 1572 1465 1614 naturam
1493 1560 1740 1613 audacter
1764 1559 2019 1612 scrutari?
2050 1559 2160 1612 lmo

603 1673 670 1710 ne
700 1658 809 1724 ipsa
830 1654 1038 1724 quidem
1055 1667 1213 1721 opera
1238 1650 1324 1704 Dei
1343 1650 1388 1704 si
1404 1649 1629 1703 volueris
1646 1649 1937 1703 accuratius
1958 1647 2158 1712 rimari,

602 1745 816 1812 dignum
845 1752 893 1796 te
919 1741 1120 1810 putabit
1162 1741 1300 1794 Deus
1341 1738 1692 1792 familiaritate
1727 1751 1843 1800 sua,
1869 1736 1963 1789 sed
2006 1736 2161 1804 longe

605 1833 845 1902 repellet,
879 1842 934 1884 ut
957 1830 1046 1900 qui
1074 1828 1414 1897 impossibilia
1441 1826 1779 1896 aggredieris.
1810 1825 2015 1893 Moyses
2044 1825 2163 1878 talis

605 1934 884 1991 tantusque
912 1923 1010 1984 vir,
1042 1929 1117 1973 tot
1158 1919 1524 1973 miraculorum
1568 1926 1816 1986 patrator,
1843 1918 1932 1986 qui
1959 1917 2160 1972 media-

607 2029 692 2071 tor
718 2017 811 2070 Dei
839 2025 892 2069 et
931 2015 1199 2068 hominum
1245 2011 1359 2075 luit,
1386 2013 1469 2065 cui
1507 2024 1651 2063 mare
1691 2010 1918 2063 divisum
1945 2019 2047 2074 est,
2074 2010 2163 2078 qui

605 2120 795 2161 manna
821 2104 888 2158 de
914 2103 1058 2157 caelis
1099 2101 1348 2156 deduxit:
1379 2100 1464 2154 hic
1490 2099 1572 2152 ubi
1603 2114 1762 2152 unum
1790 2114 1854 2155 ex
1884 2099 1972 2152 Dei
2003 2099 2165 2168 jussis

605 2210 765 2250 ausus
783 2203 866 2248 est
891 2195 1115 2247 humana
1137 2193 1340 2244 ratione
1376 2189 1570 2254 trietiri,
1600 2204 1696 2246 nec
1725 2189 1914 2241 divina:
1943 2201 2162 2242 conces-

610 2289 679 2339 sit
708 2283 970 2353 potentiae,
1004 2280 1378 2334 inexorabilem
1416 2293 1621 2346 pinnam
1662 2277 1899 2330 incurrit.
1934 2276 1999 2330 Ut
2024 2277 2166 2331 enim

612 2374 847 2442 pervenit
873 2371 937 2424 ad
979 2380 1200 2438 petram,
1241 2367 1374 2420 dixit
1401 2366 1465 2419 ad
1493 2367 1737 2435 populum
1769 2365 2005 2434 :Popule
2043 2366 2169 2417 dure

608 2471 654 2514 et
678 2459 944 2520 incredula,
971 2474 1090 2510 num
1115 2457 1176 2510 de
1203 2467 1342 2524 petra
1367 2455 1460 2506 hac
1488 2465 1658 2524 potero
1687 2454 1818 2507 vobis
1840 2455 1961 2507 dare
1988 2470 2167 2521 aquam

612 2550 796 2618 (Num.
825 2549 915 2603 20.
945 2549 1059 2616 10)?
1079 2547 1144 2600 Et
1183 2546 1305 2615 quid
1351 2547 1420 2598 illi
1464 2545 1604 2598 Deus
1637 2563 1650 2597 :
1684 2543 1789 2598 Pro
1817 2561 1873 2597 eo
1897 2545 2028 2612 quod
2069 2561 2168 2596 non

609 2638 902 2711 gloriﬁcasti
931 2653 1006 2690 me
1038 2652 1204 2688 coram
1227 2650 1500 2704 synagoga,
1537 2650 1633 2686 non
1671 2633 1962 2701 ingredieris
1986 2635 2037 2685 in
2064 2641 2167 2684 ter-

610 2745 739 2793 ram,
763 2743 912 2798 quam
939 2726 1107 2796 juravi
1130 2724 1285 2792 (Ibid.
1312 2740 1360 2775 υ.
1393 2723 1502 2792 12).
1531 2720 1625 2776 llic
1648 2721 1772 2774 mihi
1796 2731 2024 2776 mentem
2050 2721 2169 2774 dili-

616 2827 798 2888 genter
836 2815 1045 2868 adhibe.
1092 2812 1195 2865 Pro
1218 2829 1272 2864 eo
1297 2814 1431 2878 quod
1460 2827 1558 2863 non
1595 2809 1888 2880 glori/icasti
1911 2825 2006 2864 me.
2033 2809 2166 2876 Quid

614 2918 729 2964 erat
757 2904 1084 2976 gloriﬁcare?
1127 2904 1330 2966 Dicere,
1360 2902 1546 2956 Omnia
1575 2909 1748 2969 porest
1775 2901 1930 2954 Deus.
1970 2900 2167 2955 Pecca-

615 3008 724 3052 tum
746 2996 884 3049 enim
915 3002 996 3048 est
1022 3002 1201 3047 contra
1228 2992 1393 3046 Deum
1425 2991 1712 3044 rationibus
1731 2999 1877 3058 gesta
1904 2990 2017 3059 ejus
2047 3004 2171 3043 exa-

615 3090 837 3150 minare,
861 3101 957 3140 nec
980 3085 1170 3138 divina:
1201 3082 1374 3137 virtuti
1407 3084 1727 3150 permittere,
1743 3097 1862 3150 quae
1881 3095 2038 3150 super
2057 3095 2171 3134 om-

617 3178 701 3232 nia
749 3185 994 3244 operatur
1029 3188 1146 3242 qum
1189 3187 1281 3226 sua
1327 3181 1469 3226 sunt.
1527 3170 1890 3225 Defensionem
1947 3169 2170 3224 instituit

617 3266 778 3321 David
809 3279 903 3334 pro
924 3264 1102 3333 Moyse
1125 3262 1294 3332 lapso,
1322 3277 1425 3315 non
1461 3269 1656 3324 mente,
1687 3259 1779 3314 sed
1807 3261 1977 3330 lingua
2000 3259 2168 3333 (Psal.

619 3355 743 3412 105.
772 3353 882 3422 55).
904 3352 1313 3419 Namjustorum
1331 3350 1517 3403 delicta
1549 3351 1599 3402 in
1631 3350 1802 3418 lingua
1819 3350 2172 3419 suut,impio-

618 3462 731 3502 rum
748 3445 966 3498 crimina
989 3443 1038 3495 in
1057 3451 1252 3496 mente.
1271 3443 1346 3494 Ac
1357 3443 1490 3495 sicut
1508 3440 1697 3510 impius
1716 3450 1894 3496 mente
1913 3441 2120 3509 quidem
2141 3456 2169 3493 a

619 3537 726 3590 Deo
767 3533 1075 3602 scjungitur,
1105 3531 1412 3599 videturque
1455 3538 1630 3584 tamen
1671 3529 1876 3585 ratione
1915 3530 2170 3585 labiorum

618 3626 937 3692 aliquantum
961 3621 1026 3675 ad
1054 3635 1174 3674 eum
1197 3619 1480 3682 accedere;
1518 3633 1636 3671 nam
1666 3616 1897 3688 Populus
1923 3619 2004 3670 hic
2029 3619 2173 3672 labiis

619 3731 696 3772 me
720 3717 950 3773 honorat,
969 3727 1054 3764 cor
1078 3721 1238 3763 autem
1255 3712 1361 3778 ejus
1383 3710 1528 3779 longe
1545 3717 1616 3761 est
1636 3725 1666 3760 a
1683 3725 1758 3760 me
1781 3709 1831 3778 (1
1835 3711 1910 3762 sai
1917 3750 1928 3761 .
1946 3709 2014 3763 29
2027 3749 2040 3762 .
2060 3709 2169 3779 13);

619 3804 694 3856 sic
719 3811 771 3854 et
800 3802 914 3868 pius
944 3799 1095 3851 ﬁrmo
1123 3797 1283 3852 corde
1303 3797 1570 3866 prmditus,
1591 3811 1731 3866 saepe
1758 3797 1933 3866 lingua
1963 3798 2171 3851 labitur.

622 3891 742 3951 Ideo
793 3889 951 3943 David
992 3888 1182 3958 Moysis
1221 3887 1577 3941 defensionem
1623 3888 1874 3956 suscipit,
1919 3887 2172 3955 prOphcta

621 3981 928 4051 prophetam
977 3987 1160 4048 purgat
1201 3996 1213 4032 :
1261 3977 1324 4030 Et
1369 3979 1685 4030 irritaverant
1729 3995 1841 4030 eum
1879 3980 1945 4030 ad
1991 3995 2172 4050 aquam

621 4072 1039 4134 contradictionis,
1065 4081 1108 4122 et
1133 4079 1331 4122 vexatus
1357 4078 1425 4122 est
1448 4069 1645 4138 Moyses
1674 4080 1876 4139 propter
1901 4086 1982 4123 eos
2003 4069 2171 4140 (Psal.

623 4165 742 4222 105.
773 4161 884 4229 32);
909 4176 1009 4212 non
1039 4169 1247 4228 propter
1272 4173 1347 4211 se.
1381 4158 1511 4224 Quid
1539 4168 1711 4211 autem
1739 4159 1835 4212 sibi
1872 4160 1983 4212 vult
2020 4159 2170 4224 illud,

623 4253 838 4320 Propter
870 4250 992 4304 eos?
1019 4247 1130 4302 Non
1171 4263 1239 4301 ex
1283 4248 1491 4315 proprio
1527 4248 1702 4300 animo
1753 4248 2172 4303 incredulitatem

620 4343 874 4405 exhibuit,
906 4341 997 4395 sed
1036 4339 1374 4393 conturbatus
1414 4353 1478 4391 ex
1517 4338 1930 4392 contradictione
1974 4341 2173 4407 populi,

625 4450 728 4488 non
751 4431 970 4500 amplius
993 4438 1221 4484 mentem
1246 4428 1425 4481 habuit
1450 4443 1633 4497 puram
1659 4467 1672 4492 ,
1698 4436 1875 4497 utpote
1897 4429 2178 4482 conturba-

623 4616 989 4664 ltexaemerou;
1046 4609 1151 4666 tum
1184 4603 1720 4666 denique'rheodorum
1753 4605 2088 4666 Prodromum,
2129 4607 2177 4656 ln

625 4672 797 4722 eodem
817 4674 1040 4730 Gretsero
1061 4679 1104 4714 c.
1129 4665 1267 4712 9509.
1292 4665 1594 4730 Quodautem
1614 4665 1701 4713 hoc
1721 4668 1764 4713 in
1785 4666 1885 4730 loco
1899 4665 2178 4730 ChrysOsto-

625 4744 731 4778 nius
752 4728 1037 4788 Seraphinos
1052 4733 1200 4788 ponat
1221 4738 1360 4788 supra
1380 4724 1692 4788 Cherubiuos,
1711 4728 1934 4775 Oratione
1949 4724 2066 4776 vero
2084 4736 2177 4776 ter-

626 4796 690 4840 tia
711 4789 773 4837 de
799 4785 1269 4847 lnéornprchensibili
1295 4795 1456 4847 contra
1490 4785 1644 4841 faciat,
1673 4799 1814 4847 quam
1836 4789 2071 4836 rationem
2092 4788 2178 4836 da-

627 4848 814 4900 bimus?
845 4845 1032 4895 Scilicet
1059 4848 1104 4893 in
1128 4858 1182 4892 re
1207 4845 1453 4893 arbitraria
1478 4853 1528 4893 et
1567 4845 1763 4902 incerta,
1809 4849 2053 4897 variationi
2077 4850 2180 4908 Opi-

625 4908 967 4978 nionisdocum
998 4919 1132 4978 esse.
1172 4913 1311 4976 Porro
1344 4919 1403 4978 ex
1423 4907 2183 4978 .Qratione'Nicetae‘t’apbtlagonis

626 4973 674 5020 in
701 4969 887 5018 laudem
913 4967 1232 5014 Itartholomzei
1255 4964 1468 5024 apostoli.
1497 4968 1739 5014 Novissimi
1764 4964 1960 5015 auctarii
1979 4964 2184 5018 Combe-

626 5032 773 5081 ﬁsiani
800 5044 846 5090 p.
892 5027 1002 5090 507,
1024 5028 1131 5090 598,
1153 5027 1245 5090 ubi
1285 5027 1477 5090 ordines
1497 5028 1710 5090 angelici
1733 5029 1962 5087 gradatim
1986 5041 2183 5077 enume-

629 5086 813 5146 rantur,
831 5087 1066 5135 excidisse
1092 5086 1440 5146 videnturs‘itio
1464 5086 1973 5146 antiquarii,’virtntes;
1999 5097 2050 5137 ct
2070 5099 2181 5137 ora.

627 5154 761 5200 tione
782 5144 1070 5210 iu_'t‘homam
1095 5160 1141 5206 p.
1163 5146 1268 5210 370,
1289 5144 1474 5210 throni;
1498 5144 1894 5210 quémadmodum
1931 5144 2082 5209 liquet
2099 5163 2186 5210 per

627 5208 925 5261 consimilem
948 5207 1360 5253 mrumerationem
1376 5207 1547 5252 Noctu:
1569 5214 1693 5254 Orat.
1719 5209 1766 5254 in
1792 5207 2049 5258 t’etrum‘ct
2075 5207 2187 5258 Pau-

629 5273 726 5320 lum
754 5285 800 5331 p.
823 5267 932 5323 331,
957 5275 1009 5314 et
1026 5274 1153 5314 orat.
1172 5268 1222 5331 in
1243 5265 1408 5331 sudum
1424 5266 1702 5313 ‘l‘haddteum
1723 5282 1769 5327 p.
1795 5267 2187 5331 43_l_._Consulere

629 5325 784 5392 adhuc
808 5337 946 5392 potes
967 5333 1117 5392 Nota:
1126 5325 1184 5373 ad
1194 5325 1580 5392 _Apostolicorum_
1603 5325 1753 5386 Opera
1771 5341 1813 5392 c_.
1831 5328 1939 5384 512,
1965 5331 2187 5392 insuper-

631 5405 728 5448 que
747 5383 1136 5448 Sflreuaeurnlib
1153 5384 1207 5448 ._l
1228 5383 1365 5448 [ων.
1393 5385 1436 5442 1,
1461 5399 1506 5444 p.
1531 5383 1685 5448 21,_et
1709 5393 1754 5433 in
1774 5383 2030 5448 Epiphanio
2051 5383 2179 5445 llaer,

632 5442 680 5494 (Ι
697 5487 708 5508 ,
734 5449 874 5506 η.17,
904 5461 947 5505 p.
972 5446 1078 5508 18},
1099 5442 1151 5498 (3.
1169 5444 1226 5508 ρ.
1246 5446 1312 5492 Ac
1325 5442 1520 5508 demum
1538 5455 1592 5490 at
1612 5446 1702 5508 ista
1725 5442 2178 5508 l’bilastriicappo;

630 5503 830 5568 str'emo,
857 5503 982 5557 Nam
1007 5503 1257 5554 Cherubim
1289 5506 1531 5568 plenitudo
1552 5504 1760 5568 scicntiw
1780 5504 1974 5565 dicitur,
2009 5503 2052 5556 et
2078 5503 2181 5556 vir-

633 5577 708 5617 tus
728 5563 863 5630 ignea
898 5579 1159 5630 peragrans
1194 5563 1478 5630 appellatur,
1523 5577 1601 5630 me
1625 5567 1755 5622 vide;
1790 5563 2014 5630 audacter
2051 5569 2181 5630 enim

634 5624 826 5737 inituro,
850 5624 1165 5688 et'Serapln'm
1201 5624 1347 5676 virtus
1384 5625 1522 5688 ignea
1543 5624 1751 5686 ﬂagrans
1771 5627 2049 5688 appellatur.
2090 5628 2181 5677 Co-

658 5703 686 5732 ρ
706 5703 782 5737 er.

635 5698 782 5740 teter.

2071 377 2334 434 INCERTI

3721 403 3835 457 420

2260 499 2385 543 tam.
2418 488 2541 542 "rec
2583 487 2829 556 loquutus
2868 501 2985 541 sum
3013 485 3080 539 ab
3112 484 3320 541 ofﬁcina
3364 487 3656 556 iniquitatis
3703 503 3823 559 pro-

2260 580 2387 632 lata.
2412 577 2508 634 Ubi
2555 577 2748 630 audisti
2790 577 3026 646 genitum
3054 586 3108 629 et
3132 575 3453 643 ingenitum?
3497 577 3584 631 ubi
3629 578 3821 634 audisti

2259 682 2424 721 novas
2454 667 2592 731 illas,
2630 667 2842 720 insanas
2879 667 3148 734 {astusque
3179 666 3357 735 plenas
3379 667 3676 722 dictiones?
3703 667 3818 722 Cir-

2259 757 2573 825 cumscripta
2609 763 2730 808 sunt
2777 755 2885 818 illa,
2915 769 3034 823 quae
3077 755 3304 824 Spiritus
3344 764 3487 820 sunt,
3513 765 3569 810 et
3611 756 3819 813 inducta

2258 846 2487 900 vicissim
2517 863 2577 898 ea
2607 861 2726 915 qua:
2753 844 2876 899 sunt
2903 845 3115 899 diaboli.
3148 843 3200 899 Si
3225 846 3337 899 haec
3361 848 3574 913 quaris,
3603 845 3817 901 Paulum

2259 952 2424 1007 quare
2459 937 2549 990 tibi
2580 936 2816 990 vindicas
2857 935 3166 990 doctorem?
3192 936 3238 988 si
3267 934 3381 990 lucc
3404 936 3613 990 curiose
3642 939 3821 1006 explo-

2261 1040 2367 1087 ras,
2393 1026 2606 1079 Petrum
2629 1034 2680 1079 te
2705 1024 2897 1080 habere
2923 1025 3045 1093 quid
3071 1024 3348 1092 gloriaris?
3378 1024 3556 1078 Fidem
3581 1041 3732 1094 nega,
3765 1036 3820 1080 et

2262 1111 2440 1182 profer
2482 1112 2848 1181 quaestionem.
2880 1110 2984 1168 Sed
3007 1128 3036 1165 a
3056 1113 3345 1181 Scriptura,
3388 1114 3573 1182 inquit,
3605 1128 3708 1167 non
3738 1130 3822 1168 re-

2261 1203 2392 1257 cedo
2415 1243 2430 1268 ,
2458 1203 2612 1257 absit.
2661 1202 2903 1256 Inimicus
2930 1211 2982 1255 et
3006 1206 3069 1226 ‘“
3096 1201 3170 1271 (ιι)
3196 1202 3480 1272 discipulus
3522 1213 3581 1258 et
3608 1205 3822 1259 ratioci-

2264 1293 2470 1346 niorum
2509 1292 2789 1361 magister?
2829 1291 3043 1359 Explica
3077 1292 3202 1345 mihi
3231 1291 3318 1358 qui
3345 1291 3614 1345 ratiocinia
3651 1301 3827 1346 secta-

2262 1383 2368 1443 ris,
2412 1381 2678 1450 quomodo
2713 1381 2956 1435 Christus
2988 1381 3164 1450 januis
3191 1381 3384 1435 clausis
3423 1384 3690 1451 ingressus
3730 1383 3822 1436 sit.

2263 1471 2396 1538 Quid
2416 1486 2550 1540 opus
2574 1481 2655 1526 est
2681 1472 2784 1525 alia
2815 1471 3075 1526 tractare?
3112 1471 3240 1525 Nam
3268 1485 3410 1539 saepe
3435 1481 3488 1526 et
3515 1471 3825 1526 dicentibus

2262 1574 2316 1618 et
2338 1563 2667 1619 audientibus
2695 1561 3016 1617 detrimento
3039 1570 3180 1617 sunt.
3208 1561 3321 1616 Non
3343 1561 3460 1616 dico
3499 1561 3611 1626 tibi,
3639 1562 3820 1616 invisi-

2265 1655 2422 1709 bilem
2450 1663 2690 1709 naturam
2731 1668 2938 1724 expone
2969 1671 2982 1707 :
3009 1653 3274 1723 quomodo
3293 1655 3474 1722 genuit
3501 1653 3676 1716 Pater,
3702 1655 3826 1722 quis

2263 1744 2451 1797 divinm
2467 1745 2822 1814 generationis
2842 1741 3062 1808 modus;
3084 1743 3489 1812 dispensationis
3510 1741 3583 1813 (b)
3607 1743 3824 1797 modum

2264 1836 2496 1904 requiro.

2335 1925 2388 1978 5.
2426 1924 2518 1978 Dic
2538 1923 2800 1994 quomodo
2815 1923 2993 1993 januis
3016 1923 3209 1978 clausis
3238 1923 3503 1992 ingressus
3531 1923 3600 1977 sit
3627 1924 3826 1978 Serva-

2267 2024 2368 2079 tor,
2391 2013 2656 2084 quomodo
2685 2015 2981 2084 ingressum
3003 2013 3157 2069 fuerit
3181 2029 3372 2083 corpus
3399 2011 3684 2082 (humili.
3701 2013 3818 2083 26).

2266 2103 2431 2173 Negat
2459 2114 2640 2157 natura
2665 2103 2904 2173 corporis
2923 2107 3001 2127 ‘“
3030 2105 3318 2172 evangelia.
3341 2103 3394 2158 Si
3424 2104 3580 2158 ﬁdem
3608 2119 3826 2172 sequar,

2265 2193 2464 2246 veritas
2507 2201 2588 2247 est
2627 2193 2942 2246 certissima.
2969 2191 3244 2258 Quomodo
3289 2192 3461 2261 januis
3505 2194 3696 2247 clausis
3738 2193 3818 2247 in-

2267 2296 2478 2350 gressus
2505 2281 2626 2336 est?
2665 2281 2778 2335 Non
2818 2291 2933 2336 erat
2959 2282 3096 2336 enim
3125 2283 3430 2351 incorporea
3468 2292 3673 2347 natura,
3704 2299 3830 2352 qum

2268 2385 2491 2439 corpora
2521 2372 2694 2425 omnia
2737 2381 3011 2439 penetrat;
3063 2371 3156 2426 sed
3207 2380 3462 2426 eratcum
3512 2373 3829 2441 incorporea

2268 2474 2498 2530 corpus;
2558 2461 2713 2528 idque
2761 2471 2878 2515 erat
2923 2462 3246 2530 incorporeas
3297 2470 3499 2515 natura:
3546 2476 3825 2531 organum.

2270 2549 2381 2603 Hoc
2407 2551 2601 2619 quippe
2631 2565 2821 2618 corpus
2847 2550 3134 2604 humanum
3171 2551 3419 2605 Servatur
3447 2550 3645 2606 habuit.
3668 2550 3832 2607 Certe

2269 2638 2508 2708 discipuli
2531 2640 2594 2692 ad
2623 2655 2818 2694 novum
2849 2641 3154 2694 miraculum
3176 2643 3534 2712 respicientes,
3557 2642 3832 2696 existima-

2270 2739 2390 2782 runt
2417 2731 2660 2798 spiritum
2689 2745 2826 2795 esse,
2868 2732 2988 2800 quia
3037 2731 3166 2786 illud
3194 2741 3428 2786 naturam
3457 2733 3694 2802 corporis
3735 2750 3832 2787 sn-

2273 2818 2507 2886 perabat.
2530 2822 2612 2843 “⁶
2640 2819 3002 2876 dubitantibus
3026 2822 3098 2875 ait
3124 2839 3137 2874 :
3172 2822 3386 2892 Palpate
3417 2839 3512 2890 me,
3555 2833 3603 2878 et
3641 2824 3826 2888 ridete,

2270 2909 2387 2979 quia
2413 2909 2619 2977 spiritus
2644 2925 2865 2975 carnem,
2885 2921 2929 2964 et
2957 2927 3071 2964 ossa
3097 2928 3194 2964 non
3216 2911 3381 2978 habet,
3409 2914 3533 2966 sicut
3557 2929 3634 2965 me
3652 2914 3833 2966 ridetis

2272 2999 2451 3053 habere
2485 2998 2632 3071 (Luc.
2659 3000 2748 3055 24.
2790 3000 2901 3072 39).
2936 3000 3212 3067 Quomodo
3243 3002 3506 3070 ingressus
3543 3002 3660 3056 est?
3699 3018 3831 3056 num

2271 3104 2479 3144 asseres
2506 3091 2669 3144 instar
2691 3092 2829 3146 aeris
2857 3092 3012 3145 soluti
3043 3092 3206 3145 sunt?
3249 3107 3313 3144 an
3342 3090 3478 3145 forte
3514 3106 3704 3161 corpus
3729 3107 3831 3146 ex-

2275 3193 2543 3236 tenuatum
2572 3191 2672 3245 est,
2704 3183 2885 3252 sicque
2915 3183 3203 3252 permeavit
3232 3183 3355 3252 ligni
3385 3182 3784 3236 crassitudinem
3803 3185 3832 3235 Υ

2276 3273 2342 3325 At
2363 3288 2530 3343 neque
2556 3281 2612 3327 tu
2633 3273 2811 3328 dicere
2838 3283 3008 3342 potes,
3029 3288 3197 3343 neque
3216 3288 3315 3343 ego
3335 3274 3614 3342 explanare
3638 3273 3827 3328 valeo:

2275 3364 2405 3419 nihil
2427 3365 2612 3418 horum
2637 3364 2763 3418 mihi
2796 3364 3066 3433 Scriptura
3092 3363 3324 3428 tradidit,
3351 3379 3460 3417 rem
3489 3379 3590 3417 non
3617 3364 3832 3418 curiose

2276 3455 2550 3524 perquiro:
2581 3469 2643 3509 ea
2667 3470 2783 3524 qua:
2810 3454 3117 3522 prmdicavit
3139 3468 3352 3522 sequor,
3379 3453 3584 3506 etiamsi
3611 3453 3829 3506 nollem.

2276 3547 2573 3616 ingressum
2601 3562 2722 3601 esse
2747 3545 2908 3601 credo
2933 3566 2946 3601 :
2969 3544 3233 3614 quomodo
3253 3553 3426 3597 autem
3457 3559 3559 3598 non
3585 3543 3828 3611 exploro.

2275 3637 2351 3692 Ne
2395 3641 2579 3704 putes‘
2599 3640 2650 3661 ”
2693 3636 2884 3690 clausis
2911 3635 3086 3703 januis
3112 3635 3375 3703 ingressus
3401 3641 3500 3686 est.
3532 3631 3644 3686 Non
3674 3631 3830 3695 dixit,

2276 3724 2552 3781 Rarefacta
2583 3733 2674 3778 aut
2717 3725 2884 3778 soluta
2921 3724 3079 3792 janua
3109 3724 3374 3792 ingressus
3400 3731 3498 3785 est,
3526 3721 3618 3776 sed
3645 3719 3834 3774 laneis

2276 3815 2478 3869 clausis.
2521 3814 2668 3881 Quod
2707 3813 2900 3869 facurm
2946 3823 3025 3868 est
3049 3813 3314 3876 narravit;
3361 3812 3477 3882 quis
3523 3811 3599 3865 rei
3640 3811 3836 3864 modus

2278 3907 2434 3961 fuerit
2477 3921 2581 3960 nou
2625 3905 2932 3960 declaravit.
2962 3904 3101 3958 Exiit
3144 3903 3331 3957 Petrus
3374 3917 3405 3956 e
3444 3916 3688 3963 carcere;
3737 3900 3837 3955 sed

2277 4006 2470 4065 apertzc
2512 4004 2635 4050 sunt
2671 3995 2720 4048 ei
2765 3995 2972 4062 janute,
3018 3993 3174 4061 idque
3211 3991 3476 4060 Scriptura
3519 3987 3837 4056 signiﬁcavit

2276 4087 2360 4142 his
2387 4087 2595 4142 verbis:
2629 4085 2786 4138 Porta
2814 4088 2975 4153 ferrea
2999 4083 3132 4137 ultro
3166 4089 3340 4149 aperta
3360 4089 3434 4133 est
3469 4079 3538 4130 eis
3577 4077 3710 4144 (Act.
3744 4076 3834 4135 l2.

2280 4178 2388 4250 10).
2419 4177 2532 4231 Non
2557 4175 2711 4240 dixit,
2741 4173 2892 4229 Ultro
2921 4172 3152 4240 suscepit
3180 4170 3393 4224 Petrum
3435 4178 3792 4221 transeuntem
3821 4184 3835 4220 :

2281 4267 2562 4320 humanum
2593 4265 2787 4334 quippe
2829 4276 3022 4330 corpus
3047 4267 3182 4322 erat,
3210 4267 3264 4312 et
3290 4273 3353 4312 ex
3384 4256 3608 4312 humana
3638 4269 3836 4312 massa.

2279 4358 2482 4423 Corpus
2510 4366 2638 4407 vero
2672 4353 2869 4406 Christi
2901 4351 3184 4404 humanum
3228 4346 3442 4416 quidem
3471 4354 3606 4410 erat,
3632 4345 3703 4399 ob
3739 4359 3841 4400 eo-

2279 4446 2578 4515 gnationem
2628 4457 2786 4511 quam
2832 4440 3100 4495 nobiscum
3143 4438 3339 4503 habet;
3384 4437 3618 4493 divinum
3660 4445 3844 4495 autem

2282 4535 2352 4588 ob
2379 4533 2627 4588 unionem
2652 4531 2842 4592 Verbo,
2875 4539 2928 4583 et
2955 4529 3025 4582 oh
3067 4527 3426 4582 admirabilem
3458 4525 3681 4594 Virginis
3711 4541 3842 4594 par-

2285 4635 2392 4678 tum
2413 4625 2505 4692 (c).
2535 4619 2811 4689 Quomodo
2844 4619 3018 4688 januis
3041 4618 3233 4673 clausis
3263 4617 3530 4686 ingressus
3557 4616 3673 4670 est?
3702 4629 3846 4686 quo-

2283 4716 2441 4769 modo
2467 4714 2609 4767 cmlis
2636 4713 2826 4766 clausis
2846 4709 3120 4765 ascendit?
3146 4708 3189 4761 Ο
3217 4706 3566 4761 temeritatem
3598 4705 3719 4760 talia
3745 4721 3841 4759 an.

2346 4847 2417 4907 (α)
2451 4847 2531 4894 llic
2570 4853 2622 4907 et
2645 4846 2866 4907 tribusgiu
2893 4843 3008 4907 locis
3042 4840 3376 4907 sequentibus,
3394 4840 3475 4907 qui
3499 4840 3740 4907 astet-istm
3759 4853 3847 4907 no:

2284 4899 2462 4980 tantur.
2481 4905 2761 4955 testiﬁcatur
2784 4903 3052 4956 Cotelerius
3066 4899 3332 4950 desiderari
3361 4899 3573 4964 quinque
3607 4899 3762 4948 lineas
3782 4901 3847 4949 ad

2285 4968 2972 5097 Ἣῗιῗῗτρὲερφεειίουεπη
2997 5024 3161 5097 (me
3186 5020 3405 5097 οιιονοεειις)
3437 5019 3676 5097 iustis?
3697 5021 3849 5097 insae

2288 5080 2530 5138 nationem
2552 5080 2740 5138 Christi.
2767 5099 2856 5133 seu
2873 5080 3028 5145 potius
3063 5080 3411 5145 totamserie-m
3450 5080 3693 5145 natalium,
3726 5093 3851 5145 ope-

2291 5162 2414 5218 rum,
2443 5156 2491 5196 et
2514 5147 2678 5218 mortis
2701 5141 2892 5203 Christi,
2917 5159 3026 5207 quae
3050 5147 3098 5193 in
3142 5144 3524 5203 redemptionem
3546 5141 3738 5187 humani
3762 5155 3852 5201 gr.»

2290 5222 2423 5328 "et?
2443 5208 2757 5329 ἳῖἓῖἓῐὶωηο
2792 5265 2950 5329 locum
2975 5265 3158 5329 corrigi
3191 5263 3335 5312 velim
3371 5263 3626 5329 hosticum,
3661 5258 3855 5329 quatulo

2292 5321 2426 5377 notat
2447 5330 2504 5375 ad
2527 5321 3221 5389 SynodumLhalcedonensem
3246 5337 3260 5372 :
3293 5321 3454 5389 Melior
3470 5321 3855 5389 buetpretatiost

2292 5402 2347 5438 eo
2369 5380 2641 5449 quodpiam
2671 5389 2873 5449 tferb_um
2913 5385 3232 5449 incarnatione
3275 5391 3318 5432 rt
3354 5380 3858 5449 inlutmanatusnsitet

2295 5439 2593 5508 conceptione
2616 5445 2815 5508 univert't
2856 5445 3110 5507 templum;
3137 5448 3199 5493 ita
3222 5450 3290 5508 ut_
3316 5441 3570 5496 scribatur.
3594 5439 3762 5508 melior
3780 5439 3859 5487 iu-

2296 5499 2572 5569 terprétutio
2589 5507 2666 5564 sit,
2685 5519 2738 5554 eo
2752 5508 2875 5563 quod
2901 5499 3026 5569 Deus
3051 5499 3259 5569 Verbum
3273 5503 3546 5569 incarnatus
3567 5506 3612 5569 e_t
3635 5499 3862 5569 adsumu-

2297 5560 2433 5616 natus
2468 5568 2550 5624 sit,
2574 5575 2618 5615 et
2652 5560 2714 5615 ex
2751 5560 3046 5626 conceptione
3076 5562 3276 5626 unite”?
3307 5561 3546 5626 templum.
3572 5560 3756 5626 T9931!
3777 5573 3864 5607 rc—

2301 5633 2455 5738 ee‘gtts
2485 5617 2820 5689 Marcumque
2853 5617 3158 5676 collectioni:
3189 5617 3444 5674 Baluz'tan'a:
3474 5620 3568 5672 col.
3599 5617 3739 5670 1‘30.
3778 5629 3865 5670 (‘0-

2306 5701 2346 5738 ,ι’
2395 5702 2428 5738 Γ.

2306 5701 2428 5740 [τιον.
