4102 6490
253 465 368 518 421

241 562 527 616 dentium!
555 577 590 617 o
627 563 876 632 pietatem
901 571 1089 618 cuncta
1132 562 1501 618 credentium!
1552 559 1655 617 Sed
1699 559 1824 629 quid

244 653 325 706 ait
348 652 726 707 adversarius?
755 653 869 707 Non
898 653 1192 707 invenimus
1219 651 1376 706 ﬁdem
1405 651 1600 720 ubique
1627 657 1825 713 tutam;

247 743 556 811 reperimus
580 758 698 798 eam
728 744 1014 812 collapsam
1040 763 1053 799 :
1084 759 1189 798 non
1214 751 1422 812 oportet
1446 743 1559 796 sine
1584 742 1827 796 examine

239 832 494 898 credere,
513 833 606 888 sed
627 848 746 887 cum
769 834 1007 904 diligenti
1035 834 1435 904 perquisitione.
1463 833 1623 888 Multa
1657 845 1820 900 porro

241 933 472 976 externa
513 923 578 978 iis
602 934 942 979 concurrunt.
975 925 1113 980 Sunt
1156 925 1297 978 enim
1335 925 1512 978 afﬁnia
1545 923 1824 977 hmretico-

241 1028 370 1068 rum
402 1023 456 1068 et
478 1016 751 1083 gentilium
782 1030 934 1070 sensa
963 1032 975 1069 :
1007 1016 1095 1069 illa
1127 1015 1427 1069 daemonum
1452 1015 1684 1078 inventa,
1709 1013 1825 1068 huic

239 1105 552 1160 dtemonum
583 1106 818 1161 doctrina
848 1117 989 1160 sunt.
1027 1107 1216 1161 Dicunt
1238 1121 1364 1176 ergo
1396 1106 1609 1176 quidam
1631 1107 1820 1160 adver-

239 1198 512 1251 sariorum
541 1198 681 1262 fidei,
719 1198 933 1251 noxium
970 1199 1024 1252 in
1055 1199 1142 1252 illa
1169 1212 1289 1253 esse
1329 1198 1380 1252 id
1421 1197 1560 1268 quod
1604 1197 1821 1251 ratioci-

239 1288 351 1341 niis
393 1302 498 1340 non
526 1288 837 1356 subjiciatur
867 1307 879 1342 :
912 1297 966 1343 et
989 1289 1090 1342 nisi
1116 1289 1236 1343 ﬁdei
1266 1288 1582 1358 adjungatur
1603 1287 1821 1342 rationis

237 1391 494 1440 examen,
529 1378 726 1430 nullum
755 1377 992 1432 credenti
1027 1378 1226 1432 lucrum
1266 1377 1476 1432 afferre.
1504 1376 1652 1432 Unde
1679 1378 1817 1432 enim

237 1466 344 1531 vis,
377 1468 565 1533 inquit,
612 1479 852 1521 naturam
896 1467 1017 1521 ﬁdei
1057 1468 1400 1522 examinare?
1429 1468 1599 1533 visne,
1628 1468 1815 1536 inquit,

236 1570 268 1609 a
303 1557 586 1624 principio,
619 1557 684 1610 ab
715 1559 822 1626 ipsa
848 1557 1030 1610 mundi
1059 1558 1366 1612 creatione?
1409 1557 1618 1626 Inquiro
1638 1556 1703 1611 de
1728 1572 1814 1622 eo,

236 1660 406 1714 quem
438 1647 640 1700 vocatis
669 1647 1071 1717 protoplastnm.
1114 1647 1330 1701 Invenio
1359 1648 1504 1701 illum
1529 1663 1558 1702 a
1589 1647 1692 1702 ﬁde
1727 1662 1816 1702 ce-

235 1736 758 1791 cidisse.Considera
789 1738 998 1807 maligni
1029 1737 1288 1792 daemonis
1318 1739 1496 1802 verba,
1522 1739 1610 1808 qui
1635 1738 1812 1792 omnia

235 1823 397 1880 facile
423 1826 582 1880 audet
609 1827 842 1896 aggredi,
887 1828 1059 1897 qualia
1107 1829 1320 1894 audeat,
1353 1844 1593 1897 quaenam
1624 1830 1813 1898 loqua-

233 1923 345 1982 tur,
377 1931 618 1984 quaenam
649 1917 917 1972 ohtendat.
938 1918 1045 1972 Vos
1066 1919 1260 1981 dicitis,
1294 1921 1480 1988 inquit,
1510 1931 1811 1989 serpentem

235 2005 309 2059 illi
337 2007 568 2061 dixisse'
598 2026 611 2062 :
645 2007 966 2079 Quocumque
990 2011 1070 2062 die
1100 2012 1430 2074 contederitis,
1469 2011 1655 2079 inquit,
1675 2012 1811 2064 eritis

232 2095 363 2146 sicut
392 2096 462 2147 dii
487 2096 692 2149 scientes
721 2097 900 2149 bonum
930 2107 976 2150 et
1000 2099 1189 2152 malum
1233 2098 1382 2169 (Gen.
1407 2100 1456 2154 5.
1478 2099 1554 2168 5).
1577 2098 1812 2154 Credidit

233 2187 496 2253 serpenti,
544 2186 683 2254 quod
726 2187 1038 2242 credidisset
1082 2189 1257 2258 periit.
1308 2189 1630 2255 Principium
1682 2205 1809 2259 ergo

232 2274 502 2328 malorum
528 2287 612 2330 est
633 2274 784 2330 ﬁdes.
826 2278 948 2332 Hzec
975 2279 1039 2330 ad
1072 2295 1167 2332 nos
1199 2280 1272 2333 illi
1304 2280 1543 2334 veritatis
1586 2280 1801 2343 inimici,

233 2365 338 2432 piae
368 2367 637 2435 religionis
683 2367 881 2423 hostes.
907 2368 1008 2423 Sed
1041 2372 1282 2439 ignorant
1312 2371 1453 2439 impii
1476 2384 1654 2424 veram
1684 2368 1804 2423 ﬁdei

233 2456 623 2524 deﬁnitionem,
666 2461 907 2514 nesciunt
943 2461 1065 2530 quid
1108 2462 1378 2531 objicient.
1413 2463 1523 2514 Non
1555 2463 1694 2515 enim
1721 2462 1804 2516 di-

231 2549 426 2612 cimus,
463 2551 750 2618 quemlibet
779 2553 866 2621 qui
897 2551 1141 2606 omnibus
1164 2552 1363 2616 credat,
1395 2553 1551 2608 ﬁdem
1583 2552 1799 2618 habere,

231 2653 295 2692 ac
322 2639 536 2694 ﬁdelem
573 2642 876 2709 praedicari;
931 2658 1100 2712 neque
1143 2658 1266 2698 eum
1293 2644 1380 2712 qui
1425 2643 1582 2698 obvio
1630 2644 1802 2698 cuivis

231 2731 423 2793 credit,
452 2746 571 2786 esse
618 2734 860 2798 ﬁdelem;
893 2734 985 2789 sed
1032 2751 1153 2790 eum
1179 2736 1268 2805 qui
1298 2751 1423 2790 vere
1458 2736 1567 2789 Deo
1609 2735 1798 2790 credit.

231 2819 366 2875 Num
394 2824 670 2877 ostendisti
717 2824 973 2878 Adamum
1017 2825 1157 2896 quod
1190 2827 1298 2882 Deo
1337 2827 1648 2882 credidisset
1675 2841 1800 2896 per-

231 2909 400 2964 iisse?
443 2913 592 2980 Quod
639 2915 848 2969 diabolo
903 2916 1220 2981 crediderit,
1275 2918 1452 2987 lapsus
1491 2927 1601 2984 est;
1658 2918 1797 2989 quod

231 2999 340 3053 Deo
386 3016 491 3055 non
539 3004 852 3064 crediderit,
904 3004 1113 3064 cecidit.
1160 3005 1266 3061 Cur
1310 3007 1446 3061 dicta
1499 3009 1797 3076 pervertis?

229 3089 361 3142 Audi
394 3091 677 3147 Jeremiam
703 3095 967 3150 dicentem
999 3118 1011 3151 :
1045 3099 1227 3151 Audite
1245 3115 1341 3162 me,
1362 3101 1443 3166 qui
1465 3099 1579 3152 odio
1609 3099 1795 3152 habetis

222 3178 488 3246 judicium,
517 3185 599 3251 qui
637 3187 803 3237 omnia
835 3197 969 3240 recta
1006 3190 1279 3254 pervertitis
1301 3188 1349 3259 (1
1358 3206 1437 3242 mo
1457 3189 1613 3242 Miclt.
1643 3190 1694 3242 3.
1712 3189 1788 3259 9).

226 3271 383 3338 Atqui
412 3271 592 3327 dicere
623 3276 875 3343 oportuit,
908 3277 1226 3346 Principium
1264 3279 1520 3332 malorum
1550 3280 1793 3334 incredu-

227 3358 364 3412 litas.
395 3361 525 3414 Nam
561 3364 602 3416 si
644 3365 957 3420 credidisset
980 3367 1089 3421 Deo
1115 3367 1332 3433 dicenti,
1369 3369 1689 3441 Quocumque
1713 3371 1794 3424 die

227 3452 556 3515 comederitis,
582 3465 738 3507 morte
765 3457 1040 3510 moriemini
1068 3457 1218 3529 (Gen.
1251 3459 1305 3511 Ξ.
1335 3461 1446 3528 17),
1481 3476 1585 3514 non
1614 3462 1790 3529 lapsus

229 3537 427 3606 fuisset,
473 3542 564 3596 sed
615 3543 885 3600 habuisset
931 3548 1111 3615 fidem,
1145 3548 1324 3616 ﬁdem,
1356 3550 1588 3620 inquam,
1625 3561 1787 3606 tutam

225 3631 287 3683 ad
329 3635 576 3688 salutem.
609 3636 726 3690 Noli
773 3655 1016 3707 umquam
1051 3640 1170 3695 ﬁdei
1217 3657 1408 3697 nomen
1455 3645 1784 3698 calumniari.

225 3719 334 3774 Non
364 3725 503 3776 enim
535 3726 622 3779 ille
643 3729 732 3794 qui
768 3729 985 3784 cuilibet
1010 3731 1196 3796 credit,
1223 3731 1392 3787 ﬁdelis
1420 3744 1528 3797 est;
1561 3735 1652 3789 sed
1698 3737 1785 3803 qui

224 3809 329 3863 Deo
355 3812 539 3873 credit,
562 3813 604 3868 is
631 3814 799 3870 ﬁdelis
822 3825 902 3870 est
924 3829 976 3872 et
1006 3820 1213 3874 dicitur.
1234 3822 1450 3877 Abstine
1480 3839 1508 3877 a
1535 3832 1785 3894 quaestio-

223 3899 399 3965 nibus,
427 3910 480 3955 et
507 3904 826 3971 amplectere
858 3906 1032 3960 ﬁdem.
1085 3909 1242 3963 Fides
1281 3913 1454 3964 omnia
1501 3914 1780 3978 illuminat,

223 3990 348 4046 ﬁdes
375 3993 550 4048 omnia
581 3996 892 4062 sanctiﬁcat,
917 3998 1047 4052 ﬁdes
1077 3999 1275 4068 Spiritu
1305 4011 1490 4055 sancto
1516 4004 1778 4072 dignatur.

221 4079 344 4135 Nam
379 4083 668 4150 Stephanus
691 4085 866 4153 plenus
886 4089 1046 4157 gratia
1077 4099 1124 4141 et
1146 4091 1440 4158 fortitudine
1464 4093 1593 4163 (Act.
1623 4093 1673 4146 6.
1699 4095 1777 4162 8).

220 4167 324 4224 Nisi
370 4176 696 4240 prreluxisset
730 4175 879 4240 ﬁdes,
917 4179 1167 4233 fortitudo
1211 4180 1263 4233 in
1311 4191 1493 4235 sancto
1532 4184 1643 4236 viro
1675 4200 1776 4236 non

218 4273 431 4330 sequuta
462 4266 666 4320 fuisset.
686 4266 784 4321 Ubi
814 4267 963 4333 ﬁdes,
989 4270 1095 4324 illic
1116 4280 1168 4325 et
1191 4273 1356 4326 virtus
1379 4288 1469 4327 seu
1495 4274 1773 4341 fortitudo;

219 4350 300 4404 ubi
338 4355 694 4422 incredulitas,
728 4357 832 4412 illic
878 4359 1176 4414 inﬁrmitas.
1230 4362 1552 4431 Principium
1607 4367 1776 4418 hono-

217 4453 349 4505 rum,
399 4445 563 4509 ﬁdes;
612 4447 729 4502 fons
775 4449 1054 4512 bonorum.
1103 4452 1254 4507 ﬁdes.
1301 4453 1580 4510 Sumamus
1631 4473 1773 4511 arma

216 4531 409 4585 salutis.
454 4535 560 4589 Cur
607 4536 925 4593 dictionibus
954 4540 1141 4603 servis,
1192 4552 1245 4596 et
1285 4543 1558 4599 veritatem
1605 4547 1775 4616 fugis?

216 4633 304 4670 cur
332 4624 535 4688 profers
562 4641 642 4691 ea,
670 4643 783 4696 quae
807 4644 873 4682 ne
903 4631 1209 4699 angelorum
1236 4635 1450 4702 quidem
1482 4648 1664 4692 natura
1696 4640 1774 4693 in-

216 4712 464 4780 vestigare
495 4716 690 4770 audet?
730 4718 863 4785 Quid
892 4720 1016 4774 dico
1045 4723 1350 4791 angelorum
1377 4729 1601 4780 natura?
1643 4729 1771 4795 Qua:

215 4812 274 4850 ne
298 4800 563 4857 d:emones
599 4806 807 4872 quidem
838 4810 1050 4864 audent.
1083 4811 1196 4865 Non
1224 4814 1302 4866 vis
1331 4817 1478 4883 sequi
1521 4816 1770 4871 Petrum?

215 4901 310 4940 non
333 4891 406 4943 vis
428 4894 577 4960 sequi
610 4894 866 4952 Paulum?
904 4916 1007 4954 non
1044 4903 1296 4971 angelos?
1324 4920 1426 4958 non
1447 4905 1768 4962 Cherubim‘t

215 4989 310 5030 non
349 4980 668 5049 Seraphim?
722 4988 845 5041 Esto
878 4991 1064 5044 saltem
1114 4993 1411 5049 dmmonum
1458 4997 1762 5066 discipulus.

213 5064 452 5126 Viderunt
474 5073 743 5128 dmmones
767 5077 1121 5145 Servatorem,
1148 5093 1200 5138 et
1230 5085 1442 5141 aiebant
1472 5089 1544 5142 illi
1573 5064 1760 5156 :VSine,

210 5159 322 5245 quid
342 5163 479 5215 nobis
509 5173 553 5215 et
580 5165 685 5229 tibi,
717 5165 818 5218 Fili
848 5167 941 5221 Dei
981 5172 1187 5236 (Matth.
1217 5176 1267 5230 8.
1313 5177 1442 5245 29)?
1488 5180 1762 5237 Daemones

213 5240 386 5301 Filium
408 5255 739 5317 conﬁtentur,
768 5263 823 5308 et
847 5263 917 5321 tu,
951 5258 1215 5328 hteretice,
1248 5240 1618 5334 blasphemas?
1654 5272 1760 5324 dare

265 5422 740 5509 :‘Postnhaeclyerba,
770 5429 1071 5509 illidiﬁisse,
1098 5442 1352 5509 sequentia
1380 5441 1607 5509 leguntur
1629 5451 1752 5509 apud

206 5481 385 5566 gilium,
421 5495 485 5537 De
508 5490 669 5566 tribus
699 5481 1071 5566 questionibus;
1088 5481 1753 5566 έιῖιῖ-ᾖίίίίῦιιιῗλὲὶῖνὶῶγέοἳ

205 5549 316 5626 ferre
330 5553 486 5626 .Deum
506 5549 648 5618 (nihil
669 5549 835 5612 muto),
852 5555 976 5626 quod
998 5549 1089 5604 sic
1103 5559 1371 5626 nitedissent
1392 5549 1755 5626 indeii-3125655

204 5608 364 5683 afﬁni:
381 5620 492 5683 mox
508 5608 809 5683 aperirentur
826 5608 952 5683 oculi
971 5628 1150 5683 eorum.
1169 5608 1753 5683 siiriilesquediis

341 5667 519 5748 scilicet
542 5666 593 5738 ut
614 5674 965 5748 numerositate
976 5666 1179 5748 deorum
1216 5666 1406 5748 salt—eti;
1415 5666 1752 5748 kaiiinﬂiiiéin

204 5726 524 5823 gizxnpcr'et'.
549 5730 593 5778 si
617 5731 680 5780 ad
704 5733 1064 5786 inobedieutimn
1083 5738 1246 5788 tentati
1266 5726 1392 5803 στὶιώ
1416 5726 1748 5799 iii-iii";sz

263 5819 268 5823 .
409 5798 446 5823 1(Ἰ
471 5805 498 5823 ιι
523 5804 578 5823 ιὶΙθ

245 5791 365 5832 ssent.
389 5796 596 5839 Coteler.

1237 448 1302 506 IN
1341 447 1564 515 ll.LUD,
1605 447 1670 504 IN
1707 448 1843 517 QUA
1885 448 2306 520 POTESTATE,
2349 455 2498 512 ETC.

3402 493 3516 550 422

1941 577 2126 619 mones
2140 567 2395 635 mqualem
2422 567 2705 634 faciunt,et
2727 579 2780 627 tu
2805 573 3214 645 inrcqnalitatcm
3240 580 3497 642 adsa'uis.

1935 652 2136 723 Ecquid
2187 656 2395 721 faciam,
2428 660 2500 712 ait
2539 659 2838 728 haereticus,
2868 679 2987 719 cum
3027 667 3280 724 Dominus
3327 671 3504 730 dicat:

1938 741 2005 796 Ut
2039 756 2344 814 cognoscant
2386 756 2432 801 te
2475 749 2638 802 solum
2679 766 2848 805 verum
2875 753 3037 809 Deum
3083 757 3260 825 (Joan.
3295 762 3382 815 l7.
3413 764 3504 832 3)?

1933 832 2115 887 Solum
2143 835 2302 902 dixit,
2333 838 2504 892 solum
2534 841 2838 908 praedicavit
2868 860 3049 899 verum
3083 847 3247 904 Deum
3276 852 3506 909 Patrem.

1933 923 2222 981 Veritatem
2249 937 2425 984 sector
2452 946 2549 1000 per
2577 933 2740 987 Deum
2771 939 3152 994 annuntiatam.
3185 941 3381 998 Vocem
3413 962 3506 1001 so-

1931 1013 2034 1069 lius
2061 1019 2302 1082 sectaris,
2333 1030 2389 1074 et
2416 1022 2584 1077 literae
2610 1025 2815 1079 servis?
2846 1026 3008 1081 Serva
3039 1034 3294 1089 terminos
3339 1039 3388 1092 in
3421 1056 3505 1092 re-

1930 1118 2048 1158 rum
2075 1106 2465 1176 disquisitione.
2501 1114 2633 1167 Dicit
2672 1116 2810 1172 Deus
2849 1133 2944 1186 per
2975 1123 3281 1190 prophetam
3323 1144 3338 1186 :
3393 1128 3506 1200 Ego

1928 1209 2041 1246 sum
2081 1197 2293 1264 primus,
2322 1209 2368 1253 et
2396 1218 2486 1272 ego
2515 1213 2705 1272 postea,
2740 1216 2782 1260 et
2804 1209 2932 1262 alius
2957 1223 3137 1279 ιιι-αξιοι·
3165 1231 3242 1269 me
3277 1235 3376 1272 non
3409 1233 3498 1274 est.

1926 1281 2106 1338 Justus
2152 1295 2197 1338 et
2226 1289 2442 1343 salvator
2485 1304 2666 1361 prwter
2701 1313 2779 1349 me
2820 1315 2918 1351 non
2945 1311 3036 1355 est.
3068 1301 3132 1354 Et
3161 1311 3504 1365 convertimini

1925 1372 1993 1424 ad
2017 1389 2116 1438 me,
2145 1386 2191 1428 et
2215 1379 2340 1431 salvi
2366 1381 2503 1434 eritis
2533 1384 2594 1436 ab
2624 1389 2858 1441 extremis
2887 1398 3051 1444 ten-tv.
3085 1392 3195 1463 Ego
3216 1412 3327 1450 sum
3362 1399 3499 1455 Deus

1924 1471 1971 1515 et
1999 1480 2100 1518 non
2120 1476 2193 1518 est
2217 1468 2369 1523 alius.
2398 1470 2499 1524 Per
2532 1477 2874 1544 memetipsum
2890 1481 3032 1549 juro.
3075 1476 3187 1553 Ego
3213 1487 3425 1554 primus,
3451 1502 3498 1544 et

1923 1569 2012 1622 ego
2033 1566 2142 1623 post
2169 1558 2274 1612 lucc
2295 1576 2316 1614 :
2341 1571 2498 1630 atque
2526 1563 2724 1631 intulit,
2755 1567 2820 1620 Et
2850 1585 2950 1623 non
2977 1583 3046 1624 est
3072 1575 3203 1628 alius
3223 1587 3403 1647 praeter
3419 1597 3498 1635 me

1923 1643 2074 1711 (lsai.
2121 1647 2208 1702 tt.
2241 1649 2293 1703 6.
2341 1661 2385 1704 et
2422 1654 2514 1707 45.
2559 1655 2648 1709 ει.
2699 1657 2789 1712 22.
2834 1660 2947 1729 25).
2999 1662 3184 1721 Videte
3223 1643 3494 1737 quomodo

1921 1738 2167 1793 ostendat
2216 1742 2507 1799 solitariam
2564 1757 2824 1816 naturam,
2862 1768 2980 1820 qua:
3032 1755 3161 1811 nihil
3210 1774 3493 1818 commune

1919 1824 2112 1882 habeat
2143 1845 2262 1884 cum
2313 1833 2412 1887 alia
2445 1843 2631 1891 natura
2663 1849 2926 1908 separata.
2979 1843 3101 1900 lltec
3150 1863 3307 1917 porro
3351 1853 3488 1910 Deus

1918 1916 1992 1970 ait
2021 1936 2033 1974 :
2067 1918 2178 1989 Ego
2206 1938 2338 1988 sum,
2381 1936 2426 1977 et
2455 1942 2553 1979 non
2582 1937 2655 1980 est
2697 1931 2864 1994 alius;
2906 1934 2993 2002 qui
3043 1916 3489 2008 periprophetam

1916 2007 2026 2062 ait:
2057 2008 2276 2064 Extendi
2305 2016 2481 2068 caelum
2530 2021 2667 2072 solus
2715 2019 2868 2088 (Isai.
2901 2024 2986 2078 44.
3019 2025 3134 2094 24).
3177 2007 3405 2089 Attende
3434 2047 3487 2090 tu

1916 2099 2030 2151 voci
2051 2099 2224 2166 Solus,
2243 2105 2666 2174 quandoquidem
2690 2111 2894 2179 profers
2912 2113 3093 2170 Solum
3112 2134 3280 2174 verum
3301 2123 3482 2179 Deum.

1917 2187 2138 2244 Extendi
2169 2194 2349 2246 ca’lum
2374 2197 2530 2250 solus.
2563 2197 2818 2256 Similiter
2844 2220 3056 2276 quoque
3087 2209 3191 2276 hic,
3224 2210 3337 2284 Ego
3373 2233 3484 2270 sum

1913 2287 1958 2329 et
1989 2293 2087 2332 non
2117 2293 2188 2333 est
2207 2283 2338 2336 alius
2357 2299 2375 2336 :
2397 2301 2484 2352 per
2500 2290 2839 2358 memetipsum
2854 2295 2998 2360 juro.
3021 2283 3486 2362 Animumadhibo

1913 2371 2116 2437 pariter
2157 2376 2454 2430 auctoritati
2483 2388 2536 2432 ct
2561 2383 2811 2447 potentias
2852 2387 3134 2454 loquentis,
3163 2394 3301 2459 quod
3332 2395 3483 2453 dixe-

1912 2459 1999 2525 rit,
2033 2460 2155 2514 Non
2182 2474 2253 2516 est
2279 2465 2448 2530 alius;
2477 2479 2549 2532 ct,
2583 2469 2738 2524 Solus
2762 2490 2893 2539 sum,
2916 2487 2968 2530 et
3000 2477 3120 2545 hoc,
3153 2480 3256 2534 Per
3282 2498 3482 2540 memet-

1908 2549 2072 2617 ipsum
2125 2554 2340 2621 juravi;
2392 2559 2762 2631 signiﬁcatque
2810 2568 3072 2623 neminem
3129 2586 3186 2627 se
3235 2575 3482 2645 loquente

1908 2640 2163 2710 majorem
2206 2660 2345 2700 esse.
2378 2647 2528 2704 Unde
2571 2651 2644 2706 ait
2687 2655 2845 2709 etiam
2884 2661 3200 2728 Apostolus:
3231 2640 3480 2730 Quoniam

1908 2731 2154 2784 neminem
2183 2734 2388 2802 habuit,
2421 2757 2510 2807 per
2557 2757 2702 2810 quem
2733 2745 2957 2814 juraret,
2988 2753 3249 2822 majorem,
3285 2759 3478 2826 juravit

1906 2837 1993 2888 per
2021 2824 2339 2892 semetipsum
2370 2828 2553 2897 (Hebr.
2584 2832 2636 2885 6.
2671 2834 2781 2903 l3).
2808 2835 2921 2892 Non
2964 2840 3120 2896 habet
3145 2824 3477 2920 ergo—majo-

1904 2926 2017 2965 rem
2046 2915 2134 2983 qui
2170 2915 2299 2971 dicit
2325 2935 2338 2971 :
2373 2919 2477 2974 Per
2499 2927 2839 2992 "temetipsum
2859 2930 3003 2997 jnro,
3034 2934 3079 2985 si
3103 2937 3302 3003 quidem
3330 2915 3474 3009 egre-

1902 3001 2066 3056 tlietur
2101 3004 2163 3057 de
2187 3023 2272 3059 ore
2293 3025 2400 3063 meo
2423 3012 2645 3080 justitia,
2671 3032 2920 3073 sermones
2944 3023 3040 3082 mei
3069 3041 3167 3078 non
3193 3039 3474 3085 averteiuur

1901 3093 2055 3160 (lsai.
2088 3097 2174 3151 45.
2205 3098 2320 3169 25).
2369 3102 2435 3156 Et
2476 3105 2601 3173 quid
2633 3107 2815 3176 iuras?
2848 3111 2977 3176 Quia
3022 3117 3145 3168 mihi
3191 3123 3472 3178 curvabitur

1899 3199 2044 3238 omne
2071 3203 2200 3255 genu
2223 3189 2321 3259 (ιι),
2355 3201 2399 3244 et
2439 3196 2598 3247 omnis
2639 3198 2812 3267 lingua
2857 3205 3174 3270 conﬁtebitur
3199 3208 3360 3265 Deum
3389 3229 3471 3268 ve-

1897 3289 2009 3326 rum
2049 3275 2200 3344 (Isai.
2234 3280 2320 3334 45.
2353 3282 2466 3352 24).
2492 3284 2620 3349 Quis
2651 3287 2766 3343 haec
2790 3290 2936 3356 dicit,
2984 3294 3270 3354 luerctice?
3313 3302 3470 3360 Pater

1897 3382 1961 3419 an
1990 3367 2190 3422 Filius?
2227 3373 2377 3441 Apud
2406 3389 2488 3429 me
2517 3377 2744 3445 ﬁdelem,
2774 3395 3098 3455 cunctosque
3133 3394 3265 3458 pios,
3296 3393 3468 3452 Patris

1896 3465 1977 3511 est
2005 3457 2251 3528 dignitas,
2281 3473 2334 3516 et
2383 3464 2501 3518 Filii
2547 3471 2852 3526 auctoritas.
2886 3473 2996 3530 lloc
3025 3457 3164 3532 enim
3215 3483 3468 3542 observes

1896 3550 2073 3613 velim,
2105 3553 2269 3608 multa
2310 3569 2490 3610 eorum
2527 3575 2644 3628 qua:
2683 3562 2931 3628 dicimus,
2962 3574 3323 3640 pugnantium,
3357 3594 3462 3634 non

1892 3639 2194 3698 docentium
2242 3663 2390 3702 more
2431 3651 2723 3719 prmdieari.
2759 3656 2881 3710 Mihi
2911 3661 3119 3715 ﬁrmum
3148 3671 3248 3719 stat
3270 3667 3459 3739 dogma

1892 3736 2120 3802 pietatis,
2160 3747 2213 3792 et
2252 3740 2468 3796 cuilibet
2495 3743 2656 3810 ﬁdeli,
2687 3763 2875 3818 nempe
2925 3753 3010 3806 ubi
3036 3755 3182 3809 solus
3228 3736 3461 3828 loquitur

1890 3825 2067 3889 Pater,
2115 3827 2183 3881 ibi
2233 3832 2612 3898 comprehendi
2661 3837 2821 3890 etiam
2867 3839 3053 3894 Filium
3103 3855 3156 3897 et
3206 3825 3457 3916 Spiritum

1888 3926 2148 3970 sanctum.
2177 3919 2268 3973 Ubi
2300 3921 2465 3977 Filius
2499 3924 2751 3994 loquitur,
2780 3928 2850 3982 ibi
2890 3929 3060 3985 Patris
3089 3933 3238 3989 adest
3273 3950 3457 3993 aut-to-

1887 4008 2049 4070 ritas;
2099 4010 2184 4061 ubi
2238 4011 2393 4064 Pater
2440 4016 2807 4070 auctoritatem
2856 4032 3089 4086 exercet,
3120 4025 3188 4078 ibi
3232 4028 3348 4083 Filii
3375 4042 3458 4085 est

1885 4105 2155 4162 potestas;
2210 4100 2296 4153 ubi
2327 4101 2556 4169 Spiritus
2587 4115 2801 4160 sanctus
2827 4119 3097 4176 operatur,
3128 4113 3300 4172 Patris
3328 4135 3456 4189 0pc-

1884 4187 2019 4240 ratio
2045 4198 2140 4242 est.
2176 4189 2288 4244 Non
2335 4192 2589 4248 scinditur
2617 4207 2815 4252 sancta:
2860 4199 3134 4258 Trinitatis
3168 4206 3333 4275 gloria
3354 4187 3451 4284 (b),

1944 4355 2189 4446 (a)”llllum
2222 4373 2411 4446 lex-uim
2457 4368 2559 4444 hor;
2588 4378 2728 4446 pacto
2743 4374 2938 4446 citatum
2963 4376 3186 4446 invenies
3210 4381 3449 4446 inopert-

1881 4421 2269 4500 ξξιιδςΑςΙίέιηξδίί,
2306 4428 2496 4500 pjalogo
2531 4427 2561 4478 5
2588 4421 2657 4479 'de
2693 4421 2940 4500 'lﬁnitate,

1880 4486 2060 4560 maximi
2083 4491 2131 4531 't‘.
2156 4486 2202 4541 Ξ,
2225 4500 2271 4546 p.
2296 4489 2421 4558 459.:
2439 4486 2540 4539 ’μεν
2565 4494 2887 4560 memetipsum
2897 4486 3033 4560 jura,
3053 4486 3192 4547 amen
3216 4486 3440 4560 3&5an

1879 4545 2046 4613 tunde
2067 4557 2148 4612 ore
2171 4560 2274 4614 nico
2287 4548 2512 4614 jnstitta;
2535 4564 2627 4599 non
2662 4545 2795 4602 exiiu
2829 4545 3188 4613 [laudabuntur
3206 4545 3447 4614 tigridi}:

1879 4604 2126 4675 ntei..‘quiu
2150 4605 2266 4675 mihi
2287 4604 2561 4675 curvabitur
2584 4625 2716 4675 omne
2738 4604 2876 4675 genu.
2905 4604 3113 4666 Coteler.

1941 4665 2141 4744 (bibqn
2169 4669 2231 4737 ita
2251 4671 2428 4744 pridem
2451 4673 2585 4744 edita
2608 4665 2804 4744 fuerIint
2826 4665 2938 4724 cura
2965 4685 3016 4744 et
3037 4665 3196 4744 studio
3219 4685 3441 4744 Stephani

1877 4726 2062 4780 Balnzii.
2090 4725 2302 4795 hominis
2324 4732 2380 4777 ad
2402 4732 2664 4795 editionum
2688 4731 2879 4784 labores
2901 4740 3016 4795 nati,
3044 4725 3188 4788 libi-li
3217 4725 3443 4793 iiiééieiilil

1874 4798 2108 4866 Πρω-ιλιι]ι
2129 4787 2224 4834 duo
2254 4790 2538 4866 Iheodoreti
2585 4791 2850 4866 fragmenta
2883 4787 3440 4866 aq_1'unnaieih";iéiii.

1875 4847 2054 4916 nentia.
2082 4853 2139 4892 Ea
2164 4850 2310 4916 gestit
2333 4853 2520 4916 animus
2540 4847 2714 4901 cursim
2748 4855 2824 4905 hic
2847 4858 3047 4907 meliora
3080 4847 3438 4916 mei-5.135%

1873 4907 2172 4978 σοι’]εςιυτοβ
2207 4908 2502 4978 soleantan
2542 4927 2826 4978 proponam,
2875 4907 3439 4978 contemnas-s31:

1875 4967 2212 5044 examinandas
2250 4967 2562 5044 diligentibus
2610 4967 2892 5044 relinquam.
2946 4967 3069 5044 Lego
3099 4967 3439 5044 figiturﬁinitit;

1872 5029 2048 5105 prioris
2061 5026 2313 5098 fragmenti
2335 5026 2514 5105 insulas
2550 5044 2708 5105 autem
2729 5026 2797 5086 e'st
2816 5026 3436 5105 scientiacexsifs‘len-tisre‘d;

1869 5087 2071 5157 sistentis
2090 5100 2197 5158 vero
2211 5088 2421 5150 scientia,
2441 5102 2508 5158 est
2537 5097 2656 5158 Dei;
2688 5105 2808 5146 Deus
2831 5087 2984 5148 autem
3002 5087 3323 5156 έὲῑίῖἰιὶίὶὶιῖἶ

1869 5147 2055 5228 initium
2092 5153 2253 5228 autem
2295 5147 2572 5228 posterioris
2603 5147 2714 5228 :_'t.t
2758 5147 3428 5228 (uitem

1867 5206 2087 5284 exemplo
2122 5206 2328 5276 quodam
2345 5215 2488 5284 .tenm'
2528 5217 2626 5275 (vel
2664 5221 2786 5281 lene)
2810 5206 3431 5284 istriis'giiziéraEEriiZsViil

1866 5281 1988 5316 sum.
2017 5272 2093 5340 ait
2121 5272 2248 5340 enim
2277 5272 2547 5340 trinitatem
2587 5272 2897 5338 persomirum
2937 5272 3410 5340 sitbsiStentium'essc

1867 5337 2039 5402 nomen
2067 5333 2344 5402 [Ἐνυὼ-ιιι
2353 5333 2654 5402 baptismate
2689 5353 2797 5389 vero
2837 5344 3068 5402 Andreas,
3106 5333 3428 5401 etin-mitiga

1869 5388 2078 5472 IT_hoImas.
2105 5397 2163 5472 Et
2181 5404 2224 5451 p.
2259 5394 2305 5449 ’5,
2331 5394 2415 5444 lin.
2539 5402 2588 5468 in
2623 5388 2784 5470 marg.
2817 5388 3084 5472 ηέέᾱένὶῗξί,
3107 5388 3161 5455 ἶ.

1865 5448 2068 5518 titulum,
2098 5448 2331 5525 Aduersus
2356 5448 2543 5525 Arrium
2571 5448 3008 5525 impinin,atqueva
3032 5448 3161 5514 linea
3180 5480 3192 5514 :
3219 5448 3311 5517 ἔδει
3337 5448 3426 5520 Ine-'-

1861 5514 2117 5588 fessarum:
2139 5514 2331 5584 quidem
2359 5523 2455 5588 est,
2471 5527 2520 5567 ut
2543 5514 2648 5568 tres'
2672 5514 2993 5588 subsistentias
3015 5514 3306 5588 conﬁtendo:
3324 5514 3422 5581 hii.

1863 5569 1956 5653 5”"!
1980 5579 2154 5653 δεςῖωη
2181 5575 2308 5623 Αντῆ
2345 5577 2380 5645 f
2376 5569 2608 5653 "950111115.
2627 5569 3400 5653 ⁸εοηιῖοᾶιῖὶιιιῆξ⁷ξἰιῦίίίέιιὸιξιᾘοῒῆλ

1861 5630 2070 5709 gaizanti
2092 5645 2290 5703 ρρνρθηξ
2312 5630 2450 5708 limit,
2468 5646 2511 5688 et
2534 5630 3076 5709 fugietmmouarchiam,
3100 5648 3149 5696 in
3167 5630 3425 5704 ηιιιᾶᾶνῖιῖιι

1857 5693 2075 5763 deerunt
2100 5695 2383 5760 paganicmn
2404 5693 2566 5763 _ii_iruit
2588 5693 2871 5760 "Opinionem
2905 5693 3424 5763 subsidentia—siina};

1863 5751 2115 5832 Trinitatis
2124 5751 2180 5800 in
2196 5769 2338 5832 unum
2361 5759 2566 5826 _deitatis
2600 5751 2922 5832 substitutions
2931 5751 3038 5832 abii

1859 5819 2050 5862 mirus
2073 5821 2115 5862 et
2141 5816 2422 5868 substumias
2445 5830 2695 5874 extraneas
2727 5825 2960 5886 sutjectas
2983 5816 3420 5893 αιιέιήὶιί-ξὲέᾙιῖᾱὶ
