4102 6468
623 447 736 501 423

618 540 741 610 quia
789 553 892 592 non
937 538 1193 592 scinditur
1240 536 1493 590 doctrina:
1539 533 1746 588 veritas.
1781 529 1856 587 Ne
1883 530 2185 585 confitearis

625 646 785 684 unum
833 644 1071 699 regnum.

683 721 735 776 6.
771 721 890 774 flare
918 735 946 772 a
976 735 1060 773 me
1089 719 1225 772 dicta
1258 726 1399 779 sunt,
1431 718 1549 786 quia
1591 715 1793 768 hostem
1834 726 2077 774 exerceo,
2107 725 2174 765 ne

621 815 758 868 forte
807 813 1018 882 quidam
1068 811 1406 880 syc0pbauta:
1458 808 1641 860 dicant
1686 822 1699 858 :
1745 804 1876 858 Vide
1923 802 2186 872 quomodo

618 905 829 961 dixerit.
863 901 1038 955 omnia
1069 915 1186 954 esse
1217 899 1354 962 Filii,
1388 907 1440 950 et
1468 897 1653 949 Filium
1681 894 1840 962 loqui,
1873 902 1925 947 et
1953 891 2184 945 ostendit

620 994 832 1063 quidem
881 992 1103 1044 alienam
1154 1004 1270 1042 esse
1318 988 1642 1055 prophetiam
1691 984 1889 1046 l’atris,
1923 982 2185 1051 propriam

621 1099 748 1139 vero
775 1083 910 1137 Filii.
939 1081 1052 1135 Stat
1076 1079 1201 1132 mihi
1229 1080 1538 1130 inconcussa
1567 1074 1681 1126 Filii
1724 1083 1880 1126 meta.
1908 1073 2186 1125 Certamen

614 1185 696 1227 est
719 1174 830 1226 hinc
849 1168 1174 1224 exercitatio.
1208 1166 1300 1219 llic
1328 1163 1548 1218 ostendo
1571 1162 1757 1216 Filium
1789 1161 2108 1228 loquentem,
2137 1167 2189 1211 ct

619 1279 738 1318 cum
769 1262 858 1314 tibi
889 1272 1217 1328 persuasero,
1247 1256 1375 1308 mihi
1401 1254 1557 1308 etiam
1604 1265 1934 1319 pcrsuascro,
1979 1248 2185 1301 Patrem

618 1354 784 1422 loqui,
804 1349 1313 1418 Filiumprzedicare,
1333 1345 1578 1413 Spiritum
1598 1350 1832 1395 sanctum
1854 1339 2061 1392 oracula
2079 1339 2189 1391 fun-

613 1443 769 1506 dere,
820 1459 838 1490 ι
863 1440 970 1508 Ego
1005 1438 1249 1505 primum,
1291 1449 1387 1503 ego
1412 1443 1465 1486 et
1498 1443 1614 1500 post
1644 1431 1777 1494 haec,
1797 1439 1848 1482 et
1895 1436 2084 1495 przetcr
2104 1441 2188 1480 me

617 1533 756 1587 Deus
774 1546 876 1584 non
895 1537 993 1583 est.
1013 1528 1113 1581 Per
1125 1526 1485 1593 memetipsum
1497 1524 1636 1592 juro.
1662 1542 1679 1574 ι
1697 1522 1822 1587 Quis
1838 1529 1918 1574 est
1934 1521 2020 1588 qui
2039 1518 2185 1582 dicit,

621 1643 640 1674 ι
653 1623 764 1693 Ego
779 1637 893 1676 sum
909 1629 961 1674 et
981 1633 1086 1671 non
1110 1627 1189 1672 cst
1210 1618 1338 1669 alius
1354 1616 1405 1667 ἲ»
1431 1623 1501 1676 et,
1527 1631 1544 1664 ‹
1560 1615 1629 1666 De
1649 1627 1740 1665 ore
1761 1625 1878 1664 meo
1894 1609 2190 1677 egredietur

611 1713 811 1782 iustitia
828 1729 841 1772 ;
858 1731 874 1761 ι
900 1721 970 1772 et,
995 1708 1308 1762 «Sermones
1326 1705 1427 1758 mei
1450 1719 1551 1756 non
1575 1711 1874 1755 avertentur
1894 1716 1906 1751 :
1927 1699 2044 1766 quia
2062 1697 2187 1751 mihi

614 1802 935 1858 curvabitse
981 1813 1136 1853 omne
1175 1811 1340 1865 genu,
1371 1803 1422 1849 et
1456 1794 1626 1848 omnis
1654 1793 1822 1860 lingua
1858 1788 2189 1843 confitebitur

618 1895 785 1952 Deum
803 1890 1022 1946 verum?
1046 1908 1063 1940 ι
1087 1886 1358 1956 Quomodo
1380 1889 1526 1955 ponis
1546 1883 1739 1936 dictum
1762 1883 1782 1933 ἲ
1802 1882 1850 1936 in
1871 1896 2023 1949 quem
2040 1895 2189 1932 assu-

617 1988 720 2040 mis
738 1982 961 2038 nomen?
979 1980 1084 2035 Sed
1105 1987 1160 2032 tu
1181 1993 1246 2031 ne
1264 1977 1408 2030 dicas
1425 1990 1484 2027 ea
1506 1989 1621 2041 quas
1641 1973 1877 2040 ignoras;
1904 1985 2070 2037 neque
2091 1983 2189 2036 ego

617 2074 757 2145 quod
798 2088 900 2126 non
931 2070 1053 2124 novi
1098 2067 1282 2122 effero.
1331 2064 1622 2132 Sequemur
1672 2060 1980 2128 magistrum
2028 2057 2186 2125 spiri-

617 2166 848 2227 tualcm,
879 2161 968 2230 qui
1012 2173 1108 2213 nos
1161 2156 1422 2211 deducere
1469 2153 1639 2205 valeat
1683 2150 1746 2203 ad
1798 2151 2063 2217 pietatem.
2115 2146 2190 2200 Ne

618 2256 777 2326 igitur
803 2269 866 2308 ex
897 2265 981 2305 me
1007 2249 1188 2302 audias
1209 2287 1222 2310 ,
1257 2246 1350 2298 sed
1375 2243 1494 2296 audi
1539 2255 1765 2295 mecum.
1797 2239 1903 2306 Ego
1942 2236 2190 2290 ecclesia—

624 2325 877 2400 sticorum
927 2341 1228 2408 dogmatum
1280 2333 1494 2388 Paulum
1546 2331 1666 2384 novi
1714 2328 2003 2381 doctorem.
2059 2325 2189 2379 Cum

620 2433 840 2490 Paulum
870 2404 1021 2493 dico,
1037 2426 1302 2480 Christum
1333 2421 1594 2492 praedico;
1629 2421 1740 2487 ipse
1767 2417 1906 2470 enim
1947 2404 2059 2469 erat
2100 2415 2189 2483 qui

620 2527 673 2580 iu
708 2523 870 2579 Paulo
895 2519 1224 2589 loquebatur,
1244 2513 1528 2569 secundum
1557 2511 1684 2565 illud
1707 2511 1903 2564 dictum
1931 2525 1943 2559 :
1971 2509 2078 2559 «An
2101 2523 2192 2559 ex-

623 2617 970 2688 perimentum
995 2609 1229 2679 qmcritis
1252 2607 1381 2675 ejus,
1403 2605 1559 2674 quiin
1582 2617 1664 2656 me
1682 2602 1910 2670 loquitur
1932 2596 2120 2653 Christi
2135 2597 2185 2649 ἲ»

624 2687 698 2776 (9..
718 2703 907 2759 ϐονΑὸ
921 2702 997 2768 .3)
1014 2700 1155 2752 lianc
1170 2696 1324 2766 igitur
1344 2695 1663 2763 prtemissam
1680 2690 1826 2745 Isaiae
1843 2687 2188 2758 prophetiam:

630 2816 648 2846 ι
684 2797 789 2864 Ego
810 2807 928 2846 sum
948 2801 1000 2845 ct
1027 2805 1128 2844 non
1154 2799 1233 2843 est
1268 2787 1435 2848 alius;
1469 2805 1485 2836 ι
1537 2793 1608 2847 et,
1661 2802 1678 2833 ι
1709 2782 1808 2835 Per
1828 2779 2193 2843 memetipsum

623 2889 763 2959 jura,
785 2886 904 2954 quia
928 2882 1052 2936 mihi
1073 2880 1308 2934 curvabit
1327 2893 1383 2932 se
1400 2891 1554 2930 omne
1580 2889 1735 2944 genu,
1755 2883 1804 2926 et
1825 2870 1994 2923 omnis
2021 2869 2192 2935 lingua

630 2977 965 3032 confitebitur
986 2974 1147 3027 Deum
1173 2985 1376 3033 verum,
1408 2988 1425 3020 ι
1454 2967 1646 3021 Paulus
1667 2964 1732 3016 de
1751 2962 1961 3016 Christo
1981 2959 2188 3026 accipit.

637 3067 705 3120 Et
758 3065 844 3118 ubi
895 3065 1028 3116 hanc
1070 3060 1272 3114 invenis
1323 3051 1865 3111 demonstrationem?
1895 3050 1972 3103 Ad
2000 3049 2196 3102 Roma-

631 3171 728 3210 nus
755 3153 990 3208 scribens
1033 3151 1142 3203 ait:
1174 3167 1191 3199 ι
1219 3147 1298 3202 Tu
1343 3154 1516 3199 autem
1563 3141 1687 3212 quid
1736 3139 1937 3209 judicas
1981 3136 2193 3190 fratrem

631 3244 814 3299 tuum?
866 3251 955 3295 aut
1026 3248 1078 3292 tu
1135 3251 1295 3306 quare
1347 3234 1552 3305 spernis
1605 3231 1816 3284 fratrem
1870 3227 2052 3280 tuum?
2103 3240 2196 3278 cur

629 3336 852 3390 invicem
895 3329 1176 3400 judicatis?
1213 3328 1406 3380 Omnes
1469 3323 1605 3376 enim
1657 3321 1910 3374 stabimus
1959 3325 2078 3370 aute
2105 3315 2196 3368 tri-

634 3423 795 3478 bnnal
837 3421 1049 3475 Christi.
1107 3418 1368 3485 Scriptum
1415 3422 1496 3466 est
1541 3412 1678 3465 enim
1713 3427 1724 3461 :
1755 3409 1886 3461 Vivo
1915 3423 2032 3475 ego,
2072 3404 2198 3458 dicit

631 3516 907 3574 Dominus,
959 3511 1201 3580 quoniam
1256 3505 1383 3559 mihi
1440 3504 1678 3557 flectetur
1733 3513 1889 3552 omne
1933 3512 2091 3566 genu,
2143 3503 2198 3549 et

632 3606 804 3661 omuis
824 3605 996 3672 lingua
1022 3598 1350 3655 confitebitur
1377 3596 1537 3649 Deum
1566 3607 1776 3646 verum»
1803 3589 1973 3660 (Rom.
2005 3589 2089 3642 14.
2110 3588 2196 3642 10.

634 3698 725 3750 15.
751 3695 804 3748 ii
832 3694 870 3763 ).
910 3693 999 3745 Ille
1031 3699 1113 3744 est
1152 3688 1237 3755 qui
1288 3686 1380 3749 ait,
1409 3701 1426 3734 ‹
1452 3683 1563 3752 Ego
1584 3697 1718 3745 sum,
1743 3691 1795 3733 et
1820 3695 1923 3732 non
1946 3689 2026 3734 est
2044 3679 2196 3745 alius;

639 3804 735 3857 per
793 3783 1162 3849 memetipsum
1200 3779 1353 3846 juro,
1381 3775 1502 3844 quia
1552 3772 1678 3826 mihi
1716 3770 2018 3825 curvabitur
2045 3783 2201 3824 omne

636 3893 794 3949 genu.
823 3895 841 3926 ς
870 3877 924 3930 Si
951 3888 1076 3941 ergo
1121 3870 1309 3923 Paulus
1361 3864 1687 3934 prophetiam
1735 3862 1946 3915 Christo
1997 3859 2196 3914 refert:

638 3972 725 4042 qui
765 3978 937 4023 autem
979 3964 1111 4033 apud
1160 3959 1469 4032 prophetam
1517 3954 1745 4024 loquitur
1793 3962 1873 4008 est
1920 3951 2197 4016 Christus;

639 4217 860 4269 magnum
887 4198 1117 4269 definiens
1138 4205 1179 4247 et
1199 4208 1395 4266 parvum
1417 4200 1466 4269 et
1489 4190 1762 4269 ntiniunnn;
1777 4197 1836 4269 ﬁt
1859 4187 2202 4269 infraLollega-

642 4250 1000 4326 uit—ignivoma
1019 4275 1038 4326 _:
1068 4260 1137 4326 ait
1161 4250 1284 4306 enim
1323 4254 1616 4326 cantiloquus
1777 4250 1854 4306 38,
1883 4251 1952 4317 7)_,
1986 4251 2130 4326 titiam
2157 4251 2204 4326 in

646 4309 854 4378 {Eddius
876 4309 1086 4372 ainihulat
1107 4321 1265 4378 homo,
1298 4329 1393 4378 non
1418 4323 1465 4362 ut
1490 4309 1707 4378 consistat
1737 4322 1881 4378 usque
1913 4311 1968 4378 in
1986 4309 2094 4378 liae,
2116 4311 2204 4378 sed

639 4369 1053 4452 jiEtflﬁtlr3nénte
1087 4394 1116 4428 a
1138 4369 1429 4452 sensiltilibua
1453 4375 1515 4452 ad
1553 4369 1883 4452 atiellig‘ibﬂi‘a.
1911 4369 2207 4452 P.“§':m("l'tr§-

643 4429 1094 4498 gignimus-autem
1115 4452 1222 4490 vere
1245 4444 1310 4487 cst
1333 4434 1524 4498 scientia
1548 4429 1876 4498 inenarrabilis
1898 4435 2076 4498 sancite
2105 4429 2205 4498 Tri-

649 4488 1099 4569 aee";'5e;ijaa
1121 4488 1330 4569 sanctam
1353 4493 1594 4569 scientiam
1618 4492 1675 4569 at;
1698 4489 1966 4569 quomque
1980 4488 2205 4569 liberatur

646 4550 807 4625 iam)",
823 4550 976 4630 git-ralia
1007 4563 1134 4630 ﬁli-us
1170 4561 1255 4610 Dei
1276 4565 1466 4630 vocatur
1504 4568 1531 4630 .'_
1549 4561 1599 4630 et
1631 4550 2204 4630 multis‘inte-rj'ec'ti‘sjlde

650 4609 1223 4678 iiB'itiiliS':7iEn"zitiém
1243 4628 1400 4669 autent
1438 4632 1467 4666 a
1499 4615 1581 4664 Dei
1620 4612 1874 4678 cognitione
1905 4616 1990 4666 est,
2015 4609 2121 4657 licet
2144 4622 2207 4678 ea;

647 4671 1118 4739 iiaﬁ'ée'seorlzwas;
1155 4684 1355 4732 donante
1385 4687 1622 4739 Creatore.
1663 4671 1927 4739 intellectus
1964 4677 2138 4739 autem,
2163 4676 2207 4718 et

649 4737 736 4801 iste
769 4737 1038 4798 secundum
1079 4737 1354 4793 interiorem
1373 4737 1642 4801 “hominem
1666 4747 1757 4801 non
1800 4738 1939 4801 extra
1979 4737 2207 4801 rationem

651 4793 1160 4874 docntib'usnfnamque
1185 4810 1248 4871 est
1267 4799 1526 4874 intellectus
1785 4793 1874 4874 sed
1897 4803 2046 4874 neque
2069 4795 2210 4874 ςςεινρ

651 4856 889 4932 siit-aiio;
906 4856 930 4917 :7
945 4874 1011 4932 est
1035 4856 1159 4932 enim
1199 4859 1461 4932 i‘vucllectus
1492 4856 1850 4932 intelligenste't
1875 4856 2208 4932 rati-oratioet

652 4912 1122 4990 ItZii-ii',"é¢'s};{ruta
1145 4923 1302 4990 palam
1326 4919 1588 4990 faciens,_et
1611 4912 1945 4982 contemplator
1959 4917 2210 4990 ietlunlum

655 4968 1467 5047 ξίῖὖέὶῖἶιιῖἶιῗὶἶὶδίῇνόᾗῆὲιίάἱὸιςδ.
1496 4968 1622 5047 Mens
1665 4968 1800 5047 enim;
1825 4986 1908 5047 seu
1929 4968 2208 5047 intellectus,

656 5031 1294 5104 Peterin-lii:italietVEnim
1324 5040 1539 5104 Verbum,
1575 5043 1668 5103 etc.
1715 5034 1835 5081 Vide
1852 5031 2211 5104 )‘lieodoretum

657 5095 830 5170 Quaest.
865 5095 933 5158 ΞΟ
1021 5107 1259 5155 Geuesim.
1302 5109 1422 5170 Atp
1449 5101 1515 5170 7_:
1537 5095 1814 5170 .Qu‘ia‘rere.
1847 5097 2072 5170 [rotorum
2098 5099 2211 5170 lier-

660 5158 784 5222 lulrii.
805 5158 880 5218 ilbi
901 5169 1028 5216 enim
1070 5180 1174 5216 vere
1198 5171 1265 5215 est
1290 5158 1443 5222 uniqu
1472 5158 1724 5208 Trinitatis,
1771 5161 1835 5222 et
1864 5158 2211 5222 Trinitasrere

661 5211 1291 5288 SimimidiSTP'rbpiqﬂa
1330 5221 1472 5288 enim.
1510 5223 1648 5287 [fater
1692 5213 1919 5288 assistens
1963 5211 2212 5288 subsilien-

659 5271 741 5352 ῖίῖί,
772 5271 1277 5352 éi'éiia'ifpdsiﬁiilis,
1314 5273 1894 5352 selectissimam_.jcientitc
1915 5271 2213 5352 profundita-

663 5335 754 5405 i5}:
771 5335 1093 5414 {denique
1111 5335 1290 5399 ultima,
1313 5342 1576 5414 Secundum
1599 5335 1896 5414 quidjunum
1919 5335 2114 5414 ,πέπερι
2141 5343 2216 5414 fe-

879 5391 1137 5474 'q'diiii'.7id
1149 5391 1321 5474 unum;
1345 5401 1522 5451 secwtd
1528 5412 1602 5446 um
1612 5391 1744 5474 lquod
1768 5392 2118 5474 uuinittabiliter
2137 5391 2216 5474 Ita-

668 5457 1161 5532 Ibctmudusejmetipsam
1193 5457 1392 5514 Trinitas
1420 5463 1724 5532 manatura
1738 5457 1994 5532 fa'sistem,
2027 5457 2216 5532 protr-ter

770 5515 925 5583 717m};
933 5515 1177 5593 Yffi-finitas
1201 5536 1340 5593 porro
1356 5521 1622 5593 secundum.
1637 5515 1977 5593 quodnonuna
1995 5524 2216 5593 persona,

774 5576 962 5646 irim:
975 5576 1113 5640 initas
1133 5576 1237 5637 vere
1272 5590 1340 5633 est
1379 5576 1672 5647 unitas,_etc.
1701 5576 1963 5644 Invenitur,
1992 5579 2215 5647 etcL‘Sap.

669 5631 804 5714 ἴέῗ
817 5631 967 5717 idque
977 5631 1194 5717 ἰἱῖἔέρῗπῆ
1216 5631 1335 5695 im
1352 5631 1891 5717 ‘digrcssigttﬁrnnfttntot‘l
1910 5631 2216 5717 legsaﬂw‘g-

1105 5692 1523 5760 stu-locondoa‘ari;
1549 5699 1683 5757 cujus
1709 5707 1824 5755 ergo
1847 5694 2030 5760 culpam
2048 5692 2124 5751 del
2143 5705 2218 5739 rc-

667 5721 890 5768 doretnni
915 5727 1023 5763 meo
1046 5726 1104 5773 po

671 5752 1426 5838 Ediiiié‘.'o;";i“c5i§5'é;t;suam
1449 5752 1586 5821 culpa
1606 5752 1795 5806 'vacare'.
1822 5752 2018 5802 cotclcr.

2093 415 2359 475 INCERTI

3753 425 3863 477 424

2292 529 2419 584 dicit
2458 541 2584 582 vero
2628 525 2888 588 Christus,
2916 523 3024 593 Ego
3047 539 3157 576 sum
3201 523 3355 584 solus,
3386 531 3431 573 et
3463 537 3561 572 non
3586 529 3657 572 rs!
3683 521 3810 572 alim
3841 535 3858 572 :

2293 634 2420 688 ergo
2443 618 2648 671 Patrem
2671 616 2814 682 ejicit
2838 614 3146 667 divinitate?
3169 612 3324 679 Atqui
3353 624 3457 663 non
3479 610 3653 676 ejicit;
3680 625 3860 662 revera

2295 724 2520 776 namque
2565 721 2668 759 non
2701 706 2876 773 ejicit;
2912 702 3175 755 individua
3205 702 3342 752 enim
3371 708 3452 752 est
3481 699 3671 768 gloria.
3721 698 3861 766 Ergo

2291 801 2436 854 clare
2465 798 2884 850 demonstratmn
2915 801 2995 846 est
3016 832 3030 856 ,
3058 790 3497 859 quemadmodum
3531 789 3697 842 Filius
3741 804 3860 840 cum

2291 889 2439 948 dicit,
2469 886 2578 955 Ego
2618 901 2728 938 sum
2768 885 2927 946 solus,
2980 896 3083 935 non
3114 880 3256 948 ejicit
3283 879 3525 941 Patrem;
3580 878 3648 928 ita
3697 892 3863 943 neque

2291 993 2410 1032 cmn
2443 978 2508 1031 de
2549 977 2702 1029 Patre
2756 974 2906 1037 dicit,
2954 971 3021 1025 Ut
3068 977 3363 1038 coguosraut
3403 978 3449 1020 te
3486 968 3647 1018 solum
3695 983 3863 1018 verum

2293 1069 2493 1131 Deum,
2530 1068 2762 1134 seipsum
2793 1065 3070 1132 sejungere
3101 1078 3127 1113 a
3161 1061 3397 1113 veritate.
3430 1059 3611 1126 Neque
3656 1059 3752 1111 hoc
3778 1073 3863 1110 so-

2293 1160 2401 1212 lum
2451 1156 2728 1209 salubriter
2773 1154 2990 1207 docetur
3034 1168 3046 1214 ;
3096 1150 3187 1204 sed
3233 1151 3387 1202 etiam
3427 1147 3699 1200 Christum
3744 1162 3864 1199 esse

2291 1262 2474 1300 verum
2514 1246 2677 1298 Deum
2716 1259 2780 1297 ex
2820 1243 2935 1309 ipso
2973 1240 3270 1294 testimonio
3315 1237 3554 1290 infertur.
3585 1236 3866 1306 Subjnngit

2295 1339 2454 1397 enim,
2486 1336 2548 1388 Et
2575 1352 2734 1388 omnis
2769 1335 2939 1404 lingua
2964 1333 3279 1399 conﬁtebitur
3307 1330 3466 1384 Deum
3493 1346 3683 1381 verum.
3733 1330 3863 1382 Pro-

2293 1429 2418 1482 inde
2440 1429 2527 1495 qui
2557 1425 2701 1489 dicit,
2732 1424 2845 1494 Ego
2872 1425 3028 1479 solus.
3054 1433 3096 1474 et
3117 1437 3206 1491 ego
3234 1436 3398 1482 verus,
3428 1419 3598 1472 Filius
3625 1429 3726 1473 e~t.
3757 1420 3865 1472 Cur

2295 1532 2420 1585 ergo
2437 1515 2707 1570 cnntendit
2721 1515 2786 1568 de
2807 1513 3001 1576 verbis,
3018 1512 3105 1565 ubi
3126 1511 3386 1564 consentit
3400 1510 3627 1562 veritas?
3647 1509 3753 1561 Cur
3779 1510 3866 1561 ita.

2293 1623 2398 1678 que
2426 1608 2632 1670 dixerit,
2667 1606 2735 1658 Te
2761 1607 2920 1658 solum
2945 1620 3110 1658 verum
3135 1601 3318 1663 Deum,
3344 1600 3537 1660 edisce,
3563 1609 3613 1652 ct
3645 1616 3709 1652 ne
3738 1615 3864 1652 cou-

2295 1709 2463 1753 certa.
2485 1697 2734 1751 Sen-ator
2761 1702 3051 1763 prmceptor
3076 1703 3157 1747 est
3186 1691 3385 1756 mundi,
3403 1700 3674 1744 corrector
3700 1690 3863 1751 orbis,

2293 1789 2383 1857 qui
2408 1789 2548 1856 lapsa
2571 1787 2743 1855 erigit,
2771 1783 2997 1838 errantia
3026 1782 3596 1837 reducitetinveterata
3627 1789 3862 1835 :eaorat.

2291 1883 2428 1947 Quia
2474 1887 2696 1933 noverat
2729 1892 3026 1932 sermonem
3074 1890 3226 1928 suum
3272 1887 3661 1941 processurum,
3692 1883 3742 1924 et
3773 1886 3867 1939 per

2296 1983 2462 2028 totum
2494 1973 2672 2026 orbem
2716 1968 3103 2038 propagandum
3142 1964 3206 2019 ad
3251 1965 3618 2033 corrigendum
3663 1963 3871 2031 gentili-

2297 2067 2424 2119 tium
2458 2076 2712 2124 errorem,
2739 2070 2788 2113 ct
2817 2058 2881 2112 ad
2909 2056 3289 2126 coarguendam
3317 2054 3589 2108 Judaieam
3617 2055 3870 2107 incredu-

2297 2154 2502 2206 litatem
2528 2193 2542 2216 ,
2574 2151 2822 2218 utrinque
2863 2157 3019 2202 acuto
3067 2161 3192 2200 usus
3215 2156 3294 2199 est
3320 2159 3600 2205 sermone;
3645 2154 3702 2196 ut
3741 2145 3868 2197 dum

2294 2242 2445 2305 dicit,
2486 2240 2665 2294 Verum
2695 2250 2740 2292 et
2769 2239 2931 2292 solum
2977 2236 3160 2299 Deum,
3197 2235 3372 2304 plures
3423 2233 3690 2301 falsosque
3739 2233 3871 2286 deos

2296 2331 2616 2394 traduceret,
2643 2343 2869 2396 cumque
2896 2327 3092 2390 subdit,
3128 2326 3192 2378 Et
3219 2342 3362 2393 quem
3388 2325 3567 2376 misisti
3591 2321 3870 2388 Christian,

2294 2421 2417 2476 illos
2437 2420 2524 2488 qui
2555 2419 2965 2473 incarnationem
2989 2425 3302 2484 negaverant
3329 2413 3644 2468 confutaret.
3671 2414 3872 2468 Praedi-

2296 2521 2380 2569 cat
2401 2512 2568 2566 solum
2594 2525 2774 2564 verum
2792 2510 2984 2571 Deum;
3011 2523 3113 2561 non
3132 2507 3424 2574 separando
3449 2521 3526 2570 se,
3551 2506 3643 2559 sed
3673 2506 3874 2558 instru-

2298 2611 2474 2656 menta
2514 2600 2709 2655 erroris
2760 2596 3111 2651 destruendo.
3160 2597 3329 2662 Atque
3361 2603 3415 2646 ut
3441 2593 3636 2656 discas,
3668 2593 3869 2658 frater,

2299 2696 2470 2763 ipsum
2495 2707 2613 2747 esse
2637 2700 2688 2744 et
2711 2704 2890 2744 verum
2916 2689 3098 2751 Deum,
3133 2696 3185 2739 et
3205 2687 3312 2738 veri
3344 2685 3434 2738 Dei
3465 2685 3680 2747 Filium,
3709 2684 3871 2737 Joan-

2298 2800 2397 2839 nes
2445 2783 2758 2852 evangelista
2803 2781 2854 2832 in
2906 2793 3010 2846 quo
3054 2777 3167 2830 lucc
3212 2775 3402 2844 scripta
3449 2784 3616 2830 sunt:
3651 2792 3769 2828 nam
3817 2776 3873 2829 in

2294 2870 2885 2945 Evangeliosccundum
2903 2869 3154 2922 Joannem
3182 2866 3403 2919 habetur
3427 2883 3440 2919 :
3471 2865 3538 2919 Ut
3562 2878 3873 2934 cognoscant

2299 2973 2348 3017 te
2372 2965 2529 3016 solum
2549 2977 2714 3014 verum
2741 2958 2900 3011 Deum
2923 2959 2940 3024 (
2956 2957 3111 3010 Joan.
3149 2957 3230 3008 i7.
3261 2956 3330 3023 5)
3353 2973 3366 3018 ;
3394 2955 3528 3007 idem
3558 2955 3644 3008 ille
3670 2969 3873 3023 praeco,

2300 3056 2389 3123 qui
2420 3053 2530 3106 hmc
2570 3050 2904 3119 praedicavit,
2937 3048 2988 3101 in
3020 3046 3253 3114 Epistola
3301 3061 3396 3100 sua
3441 3045 3625 3098 scribit
3655 3061 3667 3097 :
3700 3044 3873 3112 prima

2300 3153 2475 3196 autem
2505 3142 2735 3209 Epistola
2760 3141 2895 3193 inter
2924 3153 2986 3192 ea
3013 3153 3127 3207 qum
3167 3138 3217 3190 in
3259 3137 3490 3191 Ecclesia
3518 3136 3872 3203 recipiuntur,

2301 3249 2407 3287 non
2453 3233 2588 3285 inter
2617 3229 2915 3299 apocrypha
2941 3238 3246 3283 reccnsetur
3275 3225 3350 3297 (ο)
3383 3243 3397 3279 :
3429 3241 3550 3280 nam
3584 3226 3875 3280 secundam

2300 3333 2355 3377 et
2402 3323 2605 3376 tertiam
2655 3330 2828 3389 patres
2857 3329 3002 3372 extra
3061 3332 3313 3370 canoucm
3370 3326 3590 3383 ponunt.
3641 3317 3874 3370 Primam

2299 3427 2428 3465 vero
2481 3411 2769 3479 Epistolam
2824 3410 3039 3464 Joannis
3093 3421 3245 3469 esse,
3302 3421 3487 3460 omnes
3513 3409 3871 3460 consentiunt.

2300 3501 2437 3566 Quid
2470 3501 2622 3570 igitur
2648 3500 2736 3553 ille
2764 3509 2978 3553 sanctus
3003 3512 3095 3567 per
3117 3497 3394 3565 epistolam
3422 3496 3488 3550 de
3517 3497 3624 3549 Deo
3649 3498 3877 3565 loquens

2302 3591 2552 3661 prtedicet
2576 3589 2990 3642 animadvertere
3010 3601 3224 3641 necesse
3244 3596 3341 3640 est.
3367 3586 3653 3652 «Scimus,»
3680 3586 3876 3655 inquit,

2309 3699 2329 3732 ι
2359 3681 2602 3749 quoniam
2627 3679 2786 3732 Filius
2816 3677 2909 3732 Dei
2943 3678 3104 3739 venit,
3132 3684 3186 3730 et
3207 3675 3350 3729 dedit
3374 3675 3527 3729 nobis
3551 3690 3789 3740 sensum,
3820 3686 3880 3730 ut

2304 3783 2683 3839 cognoscamus
2711 3768 2856 3821 illum
2897 3768 2983 3836 qui
3010 3781 3164 3821 verus
3190 3775 3304 3828 est,
3337 3776 3390 3819 et
3434 3767 3597 3819 simus
3638 3767 3689 3820 in
3719 3781 3871 3829 vero,

2305 3861 2360 3914 in
2399 3861 2532 3914 Filio
2557 3862 2671 3927 ejus
2690 3859 2814 3912 .lesu
2837 3857 3065 3911 Christo.
3097 3857 3190 3910 Hic
3209 3863 3291 3908 est
3318 3870 3474 3909 verus
3495 3855 3651 3918 Deus,
3683 3865 3736 3908 et
3761 3856 3870 3908 vita

2305 3961 2501 4007 teterna
2533 3969 2551 4002 ι
2579 3952 2597 4018 (
2624 3951 2673 4004 i.
2700 3949 2854 4003 Joau.
2885 3951 2936 4004 5.
2961 3947 3084 4018 20).
3120 3949 3238 4009 Iste,
3270 3947 3461 4001 fratres
3480 3987 3494 4010 ,
3525 3956 3580 4000 et
3606 3947 3690 4000 illa
3716 3947 3870 4010 dixit,

2306 4051 2362 4098 et
2385 4044 2496 4096 haec
2523 4041 2844 4110 praedicavit.
2892 4038 3095 4102 Adhuc,
3128 4038 3171 4090 si
3203 4035 3392 4105 placet,
3423 4035 3492 4090 de
3537 4050 3667 4090 voce
3716 4036 3879 4090 Solus

2309 4131 2737 4201 philosophemur
2781 4137 2838 4183 et
2881 4127 3227 4195 disputemus.
3282 4125 3555 4180 Adversus
3599 4124 3873 4179 infidelem

2309 4223 2485 4276 multa
2511 4221 2713 4289 sagittae
2759 4219 3052 4281 mittantur,
3099 4230 3204 4269 non
3228 4223 3285 4268 ut
3311 4229 3534 4284 corpora
3573 4215 3878 4278 vulnerent,

2309 4310 2401 4364 sed
2450 4319 2507 4362 ut
2552 4308 2841 4362 sententias
2889 4305 3171 4373 corrigant.
3223 4302 3544 4357 Emittantur
3594 4303 3752 4355 verba
3806 4303 3878 4356 ad

2310 4399 2508 4460 fideles,
2534 4397 2735 4464 sagittae
2768 4409 2893 4449 vero
2932 4394 2995 4448 ad
3031 4392 3283 4447 infideles.
3306 4392 3436 4445 Nam
3467 4392 3678 4461 Sagittae
3705 4401 3884 4459 poten-

2311 4491 2372 4541 tis
2417 4497 2603 4549 acutae,
2634 4485 2806 4554 populi
2844 4484 2932 4535 sub
2973 4494 3018 4535 te
3051 4483 3225 4535 cadent
3271 4481 3381 4551 (b),
3410 4483 3464 4533 in
3511 4481 3660 4533 tarde
3704 4481 3880 4533 inimi-

2310 4595 2480 4632 corum
2511 4578 2528 4644 (
2552 4575 2698 4628 Psal.
2723 4576 2812 4628 M.
2845 4573 2876 4627 6
2901 4575 2938 4642 ).
2969 4573 3056 4626 Ait
3079 4588 3205 4641 ergo
3233 4572 3415 4626 beatus
3434 4571 3724 4634 Jeremias,
3765 4572 3880 4626 sive

2311 4670 2483 4736 potius
2511 4665 2734 4728 Baruch,
2759 4664 2842 4732 qui
2865 4662 3147 4730 discipulus
3174 4661 3311 4714 illius
3351 4660 3465 4724 fuit,
3496 4659 3630 4714 sicut
3657 4661 3882 4714 Elisarus

2314 4759 2478 4811 Elia}:
2513 4775 2529 4806 ι
2555 4757 2654 4821 Qui
2699 4756 3006 4823 praeparavit
3046 4761 3235 4806 terram
3276 4753 3326 4804 in
3360 4759 3614 4804 :eternum
3647 4761 3879 4818 tempus,

2313 4849 2537 4916 replevit
2586 4863 2701 4902 eam
2753 4847 3002 4916 jumentis
3050 4855 3104 4898 et
3153 4843 3580 4912 quadrupedibus
3631 4858 3644 4893 :
3701 4843 3883 4896 emisit

2316 4941 2510 5004 lumen,
2540 4949 2594 4992 et
2623 4937 2793 5000 vadit;
2836 4935 3040 4990 vocavit
3067 4933 3191 4989 illud
3211 4975 3226 4998 ,
3253 4941 3307 4987 et
3334 4933 3565 4987 obedivit
3593 4934 3662 4986 illi
3693 4934 3744 4985 in
3769 4942 3882 4986 tre-

2316 5048 2482 5086 more.
2519 5030 2695 5085 Stellaa
2736 5036 2909 5082 autem
2953 5026 3210 5079 fulserunt
3262 5025 3315 5078 in
3365 5023 3620 5079 custodiis
3664 5023 3793 5088 suis,
3826 5034 3883 5077 et

2317 5123 2504 5174 laetata:
2519 5128 2659 5181 sunt;
2683 5117 2885 5170 vocavit
2906 5117 3043 5184 ipsas
3059 5115 3285 5178 stellas,»
3303 5113 3495 5183 inquit,
3514 5112 3878 5172 cetdixeruut.

2318 5211 2623 5264 Adsumus:
2657 5216 2710 5261 et
2757 5204 3011 5259 fulserunt
3040 5204 3091 5258 in
3121 5203 3299 5258 laetitia
3341 5204 3388 5258 ei
3437 5203 3523 5271 qni
3565 5201 3688 5256 fecit
3729 5202 3876 5256 illas.

2384 5385 2454 5444 (η)
2489 5383 2609 5430 Vide
2634 5394 2775 5444 supra
2800 5380 3059 5444 inlitonitg.

2383 5434 2453 5505 (b3
2487 5445 2539 5491 In
2564 5434 2738 5505 mendo
2763 5447 2838 5505 est
2861 5439 2992 5505 locus
3013 5436 3168 5505 Cyrilli
3187 5435 3504 5505 _Alexandrini
3536 5434 3806 5505 comment.
3823 5434 3886 5482 ad

2322 5493 2584 5553 Zachariam
2603 5517 2650 5550 n.
2675 5503 2751 5560 60,
2773 5503 2822 5548 in
2846 5493 3167 5560 exquisitione
3187 5498 3326 5560 hujus
3341 5503 3507 5544 textus
3525 5509 3538 5543 :
3559 5493 3748 5560 sagitta
3763 5495 3886 5552 ejus.

2325 5566 2580 5627 lttystuqoqi
2599 5597 2614 5620 ,
2639 5574 2714 5627 eos
2738 5556 2819 5622 qui
2841 5556 3003 5609 errant
3027 5571 3186 5627 verum
3211 5556 3298 5627 Dei
3329 5562 3555 5627 naturain
3587 5556 3856 5627 itiner-mue;
3874 5586 3890 5609 ,

2325 5615 2611 5689 pth-"iitum
2633 5622 2729 5672 illis
2752 5615 2842 5670 non
2866 5615 3454 5689 mortemAan‘ere‘nteased
3477 5616 3754 5689 cliaritgtein
3783 5625 3895 5689 qua

2325 5676 2392 5735 est
2417 5687 2464 5733 in
2488 5676 2698 5737 Christo,
2734 5690 2782 5730 ut
2814 5680 2898 5743 sub
2932 5681 3033 5743 ipso
3063 5676 3232 5740 feriant
3276 5678 3520 5738 Quinimo,
3545 5676 3747 5734 cadant,
3771 5680 3898 5725 ςιαιι

2329 5755 2380 5796 et
2403 5759 2527 5795 c.eco
2552 5752 2696 5805 latet.
2724 5741 2921 5794 Coteler.
