4094 6488
627 415 739 469 425

624 495 813 561 ὢρθη.
841 489 937 543 καί
963 494 1082 554 τοῖς
1104 487 1429 553 ἀνθρώποις
1456 481 1917 551 συνανεστρὰρη
1948 495 1995 534 ι.
2019 475 2186 541 0610;

624 581 654 632 6
679 577 808 639 Θεὸς
835 575 1009 645 ἡμῶν,
1037 573 1168 642 πρὸς
1196 573 1253 624 ὃν
1281 573 1362 624 Οὐ
1382 569 1802 638 λογισθήσεται
1823 568 2018 634 ἕτερος
2048 566 2189 633 πρὸς

625 659 941 726 αὑτὸν,έπὶ
964 657 1068 723 τῆς
1095 657 1400 726 γῆςῶέρθη,
1427 653 1662 716 καὶτοῖς
1687 654 2013 720 ἀνθρώποις
2040 667 2212 711 συν-ν

627 745 968 813 ανεστράρη
991 743 1139 812 μετὰ
1177 743 1379 796 ταῦτα.
1427 741 1588 810 Ὁρᾷς
1617 739 1714 808 τὴν
1745 738 1997 807 ἀλήθειαν
2018 737 2189 804 ἠσφα-

628 836 886 904 λισμένην
908 851 921 897 ;
950 834 1090 902 Ὅρα
1113 831 1227 893 πῶς
1247 831 1307 883 ού
1328 829 1509 881 δίδωσι
1529 827 1879 894 παρείσδυσιν
1908 827 1973 893 τῇ
1996 825 2190 893 πλάνῃ,

630 923 715 975 ἵνα
735 921 808 990 μὴ
844 920 1094 980 Ἰουδαῖος
1109 917 1480 984 συκοφαντήσῃ
1507 913 1604 983 τὴν
1627 912 1902 981 ἀλήθειαν,
1927 910 2020 962 καὶ
2043 909 2190 977 είπη,

633 1009 712 1060 ὅτι
745 1009 772 1058 6
804 1006 934 1067 Θεὸς
965 1004 1118 1073 ὤφθη
1140 1003 1216 1072 τῷ
1247 1001 1467 1070 Μωῦσῇ’
1499 999 1648 1068 ὤφθη
1679 999 1785 1067 γάρ
1807 997 1937 1058 Θεὸς
1969 999 2025 1048 ἐν
2057 995 2191 1062 ὄρει.

634 1092 770 1161 Παρ⁹
807 1089 967 1143 αὑτὸν
1001 1089 1099 1141 οὐκ
1146 1088 1290 1139 ἐστιν
1320 1086 1499 1147 ἄλλος’
1545 1086 1639 1136 καὶ
1679 1085 1780 1135 υύκ
1824 1081 2072 1134 ἐκϐάλλει
2106 1079 2197 1130 τὸν

636 1176 853 1246 Πατέρα
878 1175 977 1243 τῆς
1005 1173 1188 1242 θεῖκῆς
1233 1172 1406 1236 ἀξίας.
1436 1171 1624 1240 Πατὴρ
1672 1171 1766 1221 ἐὰν
1809 1166 1980 1236 κληθῇ
2018 1164 2196 1234 μόνος,

636 1264 863 1334 ἐξορίζει
901 1263 991 1314 τὸν
1038 1260 1162 1313 Υίὸν
1205 1260 1301 1327 τῆς
1347 1261 1403 1312 ἐν
1447 1256 1520 1325 τῷ
1562 1254 1831 1323 ἀξιώματι
1877 1251 2197 1312 κοινωνίας;

639 1351 805 1404 Ὀταν
829 1349 960 1418 λέγῃ
982 1349 1010 1399 6
1037 1347 1188 1408 Θεὸς,
1214 1344 1374 1396 αὑτὸν
1404 1338 1540 1395 εἶναι
1571 1341 1663 1393 καὶ
1699 1340 1858 1410 μόνον
1882 1338 2006 1402 ἕνα,
2036 1338 2064 1388 6
2092 1336 2201 1388 Πα-

637 1436 759 1506 τὴρ,
787 1435 819 1505 ἦ
851 1436 880 1486 6
928 1433 1071 1495 Υίὸς,
1101 1433 1162 1484 οὑ
1190 1431 1286 1500 τὴν
1315 1430 1449 1483 ἰδίαν
1477 1429 1718 1498 ἀρνεῖται
1743 1426 1840 1494 τῆς
1881 1425 2092 1492 φύσεως
2125 1423 2200 1473 οί-

639 1521 1191 1593 κειότητα.ἱ451]ούχ
1216 1521 1244 1571 6
1272 1520 1461 1588 Πατὴρ
1481 1517 1568 1568 τὸν
1597 1516 1724 1567 Υίὸν
1755 1513 2022 1573 ἐκϐάλλει,
2055 1510 2153 1578 οὐχ
2171 1509 2201 1560 6

641 1611 767 1673 Υἱὸς
785 1609 966 1664 ἀθετεῖ
985 1609 1075 1660 τὸν
1091 1606 1325 1676 Πατέρα·
1346 1604 1458 1657 ἀλλ’
1479 1604 1605 1655 ὅταν
1621 1601 1689 1654 τὰ
1720 1600 1941 1652 τοιαῦτα
1959 1598 2200 1665 λέγηται,

641 1699 778 1767 πρὸς
801 1697 898 1767 τὴν
933 1696 1139 1764 πλάνην
1171 1695 1268 1762 τὴν
1297 1693 1407 1744 τῶν
1437 1689 1667 1743 εἰδώλων
1697 1690 1726 1740 6
1754 1687 1930 1753 λόγος.
1962 1685 2028 1736 Τί
2067 1682 2206 1735 κατὰ

640 1784 735 1837 τοῦ
758 1781 1087 1849 Μονογενοῦς
1109 1779 1450 1849 βλασφημίαν
1475 1774 1898 1835 κατασκευάζεις
1921 1789 1934 1834 ;
1957 1769 2206 1829 Εἱδώλοις

641 1871 702 1923 οὑ
738 1869 948 1921 δίδωσιν
972 1869 1001 1920 6
1024 1867 1153 1920 Θεὸς
1177 1865 1274 1935 τὴν
1303 1864 1458 1927 δόξαν
1490 1860 1672 1919 αὑτοῦ,
1703 1860 1736 1929 ἢ
1763 1859 1880 1912 οὐδὲ
1911 1857 1988 1926 τῷ
2026 1857 2084 1919 ἐξ
2114 1855 2207 1908 a6-

643 1955 737 2008 105
764 1953 1072 2024 γεννηθέντι
1105 1951 1319 2014 δίδωσι;
1356 1949 1465 2003 Καὶ
1496 1947 1703 2000 δίδωσιν
1729 1945 1755 1984 b
1777 1983 1791 2008 ,
1823 1943 1882 1995 06
1933 1943 2070 1993 κατὰ
2109 1939 2208 2008 χά-

649 2059 750 2103 ριν,
781 2041 914 2093 ἀλλὰ
944 2040 1038 2093 καὶ
1077 2038 1217 2091 κατά
1254 2039 1352 2106 τὴν
1389 2035 1488 2102 τῆς
1528 2032 1736 2100 φύσεως
1770 2027 2068 2082 κοινωνίαν.
2102 2025 2209 2078 Καὶ

647 2129 808 2183 πόθεν
856 2129 889 2197 ἠ
925 2124 1191 2188 ἀπόδειξις
1220 2123 1300 2174 ὅτι
1327 2120 1586 2190 λαμϐάνει
1608 2116 1762 2180 δόξαν
1797 2114 2006 2184 Πατρὸς
2034 2114 2061 2164 6
2083 2112 2211 2179 Χρι-

649 2214 801 2276 016;;
832 2196 966 2265 Είπε
999 2211 1105 2278 γάρ
1128 2226 1141 2238 ·
1183 2208 1384 2275 Ἐτέρῳ
1415 2206 1528 2271 τὴν
1557 2205 1744 2266 δόξαν
1769 2219 1886 2269 μου
1921 2202 1992 2252 οὐ
2020 2196 2208 2250 δώσω.

721 2300 788 2361 ζ’.
837 2301 1032 2351 ’Λκουε
1069 2296 1181 2359 πῶς
1228 2295 1386 2355 αὐτὸς
1419 2295 1446 2344 6
1475 2291 1664 2358 Σωτὴρ
1703 2287 2076 2354 διαλεγόμενος
2103 2285 2213 2341 τοῖς

650 2383 987 2445 ’Λποστόλοις
1009 2382 1159 2451 φησί·
1187 2381 1370 2432 Ὅταν
1395 2379 1539 2441 ἔλθῃ
1569 2379 1600 2427 ό
1625 2373 1752 2436 Υἱὸς
1776 2370 1881 2424 τοῦ
1904 2367 2213 2435 ἀνθρώπου

650 2473 720 2524 ἐν
754 2469 827 2536 τῇ
857 2468 1002 2534 δόξῃ
1039 2466 1141 2519 τοῦ
1175 2465 1402 2531 Πατρός
1429 2459 1635 2521 αὑτοῦ,
1664 2457 1867 2510 ἐκείνου
1893 2451 2216 2523 προειρηκό-

655 2576 764 2625 ὀς,
784 2559 865 2610 ὅτι
897 2560 1012 2622 Τὴν
1033 2553 1218 2616 δόξαν
1245 2569 1354 2618 μου
1378 2549 1551 2616 ἑτέρῳ
1574 2549 1646 2600 οὐ
1672 2545 1860 2599 δώσω.
1897 2540 2218 2611 Ἐρεύνησον

652 2646 711 2695 τὸ
738 2643 907 2714 ῥῆμα,
930 2640 1022 2692 καὶ
1042 2639 1291 2708 εὑρήσεις
1312 2637 1370 2687 16
1391 2635 1482 2704 νόη
1493 2651 1585 2702 μα.
1617 2633 1733 2700 Τὴν
1750 2631 1937 2694 δόξαν
1956 2647 2096 2698 μου,
2121 2627 2219 2678 06x

655 2711 799 2789 εἷπε,
818 2727 895 2796 τῷ
921 2725 1035 2793 Υίῷ
1059 2741 1159 2792 μου
1179 2723 1240 2775 06
1264 2720 1436 2781 δώσω,
1456 2719 1590 2783 ἀλλ’,
1607 2717 1816 2784 Ἐτέρῳ
1840 2718 1911 2770 οὺ
1936 2714 2124 2767 δώσω.
2149 2711 2221 2762 Τὸ

656 2817 714 2867 δὲ
737 2813 918 2884 ἕτερόν
942 2814 1056 2864 ἐστι
1080 2811 1141 2862 τὸ
1165 2811 1264 2879 τῆς
1286 2806 1614 2873 οἰκειότητος
1651 2802 1952 2870 ἀλλότριον,
1999 2799 2094 2850 καὶ
2121 2796 2223 2863 τῆς

657 2898 870 2966 φύσεως
899 2895 1393 2965 ἀπεσχοινισμένον
1420 2893 1447 2942 6
1479 2890 1535 2943 δὲ
1569 2888 1695 2950 Υἱὸς
1722 2889 1821 2940 οὐκ
1850 2886 1994 2938 ἐστιν
2017 2885 2220 2952 ἐτεροςο

673 2986 818 3056 ἐγὼ
840 2986 946 3055 γὰρ
968 2984 1064 3037 καί
1096 2986 1127 3035 ό
1159 2979 1355 3046 Πατὴρ
1376 2979 1444 3031 ἓν
1461 2979 1663 3040 ἐσμεν.
1706 2973 2098 3027 Ἀποδέδεικται
2118 2969 2225 3021 τοί-

660 3092 754 3130 νυν
774 3070 1184 3140 σαφῶς,τὸ,”1να
1199 3064 1378 3134 τινὼσ
1387 3064 1534 3117 κωσί
1545 3078 1617 3114 σε
1634 3056 2226 3127 τὸνμόνονάληθινὸν

665 3161 831 3216 Θεὸν.
860 3158 956 3210 οὐκ
987 3157 1226 3224 ἀναιρεῖν
1255 3152 1316 3204 τὸ
1345 3147 1482 3202 εἶναι
1519 3148 1606 3200 τὸν
1648 3147 1770 3197 Υίὸν
1797 3144 1926 3196 Θεὸν
1954 3140 2220 3211 ἀληθινόν.

661 3246 756 3316 Μὴ
784 3243 1111 3313 συνεκϐἀλῃς
1137 3241 1225 3292 τὸν
1242 3239 1395 3305 λόγον
1417 3239 1494 3298 εἰς
1518 3233 1786 3300 διαϐολὴν,
1813 3231 1885 3293 ὼς
1911 3229 2005 3281 τοῦ
2031 3231 2226 3297 νοήμαο

663 3315 755 3392 10;
785 3328 1057 3398 μετεώρου
1085 3322 1547 3391 καταλειφθέντος·
1590 3321 1724 3388 ὅπερ
1755 3315 2050 3368 πεπόνθασί
2085 3329 2227 3373 τινες

665 3397 1046 3481 ἰνῖινγάδελφγῶν
1083 3412 1209 3478 περὶ
1248 3411 1338 3461 τοῦ
1371 3406 1649 3474 ποτηρίου.
1694 3405 1778 3463 Ὠς
1814 3402 1919 3468 γάρ
1963 3401 2111 3451 λύσιν
2153 3397 2227 3464 μὴ

666 3501 918 3561 λαϐόντος
957 3497 1048 3551 τοῦ
1075 3498 1370 3565 νοήματος,
1411 3492 1580 3552 οὕτως
1619 3489 1895 3556 ἐπήγαγον
1931 3485 1999 3536 τὰ
2030 3482 2226 3549 ἐγκλή-

672 3604 834 3661 ματα.
877 3583 1153 3654 Ἐκκρεμῆ
1186 3581 1292 3650 γὰρ
1314 3619 1328 3638 ,
1364 3578 1496 3647 φησὶ
1516 3616 1528 3638 ,
1557 3576 1648 3628 καὶ
1683 3573 1950 3643 μετέωρον
1975 3568 2227 3620 κατέλιπε

668 3652 766 3747 τὴν
801 3652 1060 3737 ἐξέτασιν.
1085 3652 1166 3721 Τί
1217 3667 1273 3719 δέ
1314 3662 1404 3735 ἦν,
1435 3661 1684 3729 ἀδελφοὶ,
1729 3659 1888 3710 πλέον
1926 3658 2130 3718 είπεῖν;
2178 3652 2227 3704 τί

671 3739 804 3830 πρὸς
830 3757 1100 3820 ἀπόδειξιν
1129 3755 1231 3806 ἔδει
1256 3755 1363 3814 τοῖς
1391 3750 1838 3818 προειρημένοις;
1877 3742 2096 3812 Πρῶτον
2133 3739 2230 3808 μὲν

671 3824 801 3920 γάρ,
841 3846 907 3898 El
953 3841 1229 3900 δυνατὸν,
1277 3834 1615 3903 παρελθάτω
1647 3833 1746 3885 ἀπ’
1785 3829 1928 3896 ἐμοῦ
1954 3830 2015 3880 τὸ
2050 3824 2230 3889 ποτή-

666 3913 818 4000 100)"
872 3929 963 3981 καὶ
1007 3927 1140 3996 πρὸς
1183 3925 1241 3976 τὸ
1287 3923 1388 3974 ὑπὸ
1424 3921 1522 3988 τῆς
1563 3918 1758 3983 λέξεως
1805 3913 2232 3980 ὑποϐαλλόμενον

676 4021 841 4086 (δοκεῖ
871 4019 978 4088 γάρ
1004 4033 1119 4077 πως
1156 4017 1188 4080 ἡ
1227 4012 1369 4078 λέξις
1411 4011 1499 4078 ὑφ’
1529 4008 1716 4075 ἐτέραν
1752 4003 1993 4068 ἐξουσίαν
2025 4001 2234 4052 τάττειν

673 4085 763 4160 τὸν
799 4085 1136 4169 ἱκετεύοντα)
1172 4096 1517 4167 παρεθέμεθα
1558 4093 1655 4160 τὴν
1685 4090 1864 4157 φωνὴν
1897 4086 2109 4152 ἐκείνην
2137 4085 2235 4169 τὴν

676 4193 768 4245 τοῦ
796 4191 995 4261 Κυρίου
1016 4229 1029 4251 ,
1062 4168 1240 4254 πάσης
1267 4185 1340 4242 ὼς
1371 4180 1582 4249 ἀληθῶς
1613 4176 1797 4242 θεῖκῆς
1829 4171 2111 4231 αύθεντίας
2141 4168 2235 4234 γέ-

683 4296 904 4348 μουσαν,
957 4276 1048 4328 καὶ
1082 4275 1180 4343 τὴν
1225 4270 1318 4323 τοῦ
1363 4269 1606 4333 λέγοντος
1650 4261 1805 4325 ἀξίαν
1845 4256 2194 4330 παριστῶσαν
2220 4271 2233 4284 ο

693 4364 1006 4428 Ὲξουσίαν
1031 4341 1146 4428 ἔχω
1171 4357 1353 4412 θεῖναι
1391 4352 1503 4419 τὴν
1535 4348 1743 4418 ψυχήν
1765 4363 1904 4414 μου,
1943 4343 2042 4394 καὶ
2073 4341 2236 4428 6601)-

680 4425 824 4506 σιαν
847 4449 963 4515 ἔχω
993 4425 1198 4502 λαϐεῖν
1223 4441 1414 4506 αὑτήν
1439 4456 1451 4468 ·
1485 4437 1576 4490 καὶ
1595 4437 1676 4487 ὅτι
1699 4432 1760 4484 τὸ
1788 4431 1904 4500 μὲν,
1936 4429 2108 4515 Ἕχω,
2139 4425 2235 4515 τῆς

681 4513 927 4605 θεότητος
955 4534 1104 4595 ἴδιον,
1138 4531 1199 4582 τὸ
1227 4531 1281 4582 δὲ
1303 4567 1317 4590 ,
1355 4529 1421 4579 Εἰ
1450 4521 1728 4582 δυνατὸν,
1756 4514 2098 4584 παρελθάτω
2133 4513 2233 4605 ἀπ’

679 4621 824 4691 ἐμοῦ
855 4619 918 4671 τὸ
941 4616 1224 4682 ποτήριον
1257 4613 1460 4670 τοῦτο,
1503 4611 1565 4661 ἐκ
1594 4605 1880 4676 προσώπου
1912 4602 2008 4669 τῆς
2039 4597 2236 4668 σαρκὸς

684 4685 918 4776 ἐλέγετο,
950 4705 1042 4756 καὶ
1061 4703 1158 4753 οὐκ
1183 4701 1246 4751 ἐκ
1274 4697 1562 4766 προσώπου
1587 4695 1684 4761 τῆς
1717 4691 1962 4758 θεότητος
1988 4703 2000 4716 ·
2033 4685 2124 4738 καὶ
2149 4685 2240 4735 ἐπὶ

684 4794 886 4844 τούτων
919 4788 1084 4856 αὐτὴν
1113 4785 1272 4838 πάλιν
1296 4783 1391 4853 τὴν
1415 4777 1740 4844 Δεσποτικὴν
1765 4775 2068 4841 ἐστήσαμεν
2104 4786 2241 4838 μαρ-

683 4877 872 4943 τυρίαν
900 4855 1389 4941 ὲπισῲραγίζουσαν
1414 4885 1424 4895 ο
1453 4865 1531 4916 διὸ
1553 4864 1719 4928 ἔλεγε,
1749 4859 1819 4912 Τὸ
1843 4857 2074 4923 πνεῦμα
2103 4855 2241 4920 πρό-

686 4940 892 5027 θυμον,
929 4959 964 5021 ἡ
1002 4940 1250 5022 ὁὲνσὰρε
1290 4950 1580 5014 ἀσθενής’
1625 4946 1716 4998 καὶ
1746 4940 2239 5011 ἐπεσημηνάμεθα,

686 5048 766 5098 ὅτι
795 5044 858 5110 δὴ
888 5041 994 5092 τῶν
1021 5041 1382 5094 ἀτοπωτάτων
1413 5036 1580 5093 ἐστὶν.
1610 5031 1768 5086 αὑτοῦ
1796 5030 1886 5081 τοῦ
1917 5029 2117 5097 Κυρίου
2147 5027 2245 5092 τῆς

690 5128 886 5203 σαρκός
917 5126 1324 5195 ἐπιγράφοντος,
1356 5127 1497 5192 ἡμᾶς
1520 5123 1584 5189 τῇ
1613 5118 1860 5186 αὑθεντίᾳ
1880 5117 1974 5183 τῆς
1998 5115 2245 5179 θεότητος

689 5216 1027 5286 ἐπιῤῥίπτειν
1062 5210 1153 5262 τοῦ
1192 5211 1427 5277 ῥήματος
1459 5209 1554 5273 τὴν
1603 5203 1888 5255 εὐτέλειαν.
1935 5199 2070 5251 Ἀλλ’
2109 5199 2247 5248 ὥστε

693 5305 782 5362 καὶ
829 5301 917 5352 τὸν
964 5295 1161 5348 σκοπὸν
1206 5292 1298 5344 τοῦ
1345 5291 1546 5358 Κυρίου
1598 5302 2053 5359 παραστησωμεν,
2105 5281 2248 5341 τίνος

757 5467 779 5491 ⁵
816 5457 1172 5510 Ιηιοιρι-ειιάυιη
1197 5451 1444 5502 mendum,
1491 5445 2046 5510 0‘)vava19tz;6g£vo;,min
2068 5443 2252 5510 paena

699 5502 1100 5579 “aréitjdwéﬁp.
1142 5517 1342 5580 2,0115.
1390 5511 1458 5556 ιυ.
1506 5510 1644 5580 Apud
1685 5502 1915 5580 Cyrillum
1961 5502 2096 5572 lib.§
2137 5515 2252 5580 con:

697 5564 1069 5633 ιδ’]’ίιιῗυιιυιιῖ
1103 5591 1146 5636 p.
1177 5564 1296 5636 98173,
1342 5564 1776 5636 06‘35019ripnm9rq
1803 5564 2169 5624 σ’νδανεστράῖση,
2203 5568 2252 5607 Pl

700 5627 1046 5703 (5629763101qu
1069 5627 1116 5685 ili
1143 5627 1530 5703 fl}0d|nn}_li‘b.:.’:.;
1548 5645 1591 5688 ρ.
1618 5627 1720 5674 296.
1747 5627 1973 5676 Comm.

759 5692 1090 5766 k'Lé-‘genddm
1118 5697 1306 5744 \ixlelur
1330 5694 1435 5748 Ναὶ,
1464 5692 1669 5737 ἐίίωοτν.

2128 385 2404 448 ιΝοειιτι

3699 387 3820 437 420

2291 499 2473 549 ἕνεκεν
2509 497 2655 564 ἔλεγε
2678 534 2691 557 ,
2735 494 3083 562 Παρελθάτω
3114 493 3213 546 ἀπ’
3245 491 3387 560 ἐμοῦ
3422 489 3486 542 τὸ
3521 487 3813 556 ποτήριον
3839 504 3854 515 ·

2287 583 2361 645 ὡς
2393 584 2451 634 0")
2483 582 2695 650 φεύγων
2719 581 2808 632 τοῦ
2839 581 3068 648 σταυροῦ
3098 580 3194 648 τὴν
3222 576 3527 646 οἰκονομίαν
3553 576 3862 644 παρῃτεῖτο

2288 669 2377 721 τὸν
2407 668 2651 724 θάνατον,
2679 667 2811 719 ἀλλά
2833 666 2922 717 διά
2947 665 3006 717 16
3037 667 3160 726 106;
3193 663 3445 732 ἀπείρους
3469 664 3534 729 τῇ
3570 657 3861 725 οίκονομία

2294 754 2502 823 μέλλειν
2527 754 2618 806 ἐπὶ
2636 753 2713 822 τῷ
2739 748 2954 821 σταυρῷ
2982 748 3438 810 σκανδαλίζεσθαι.
3460 744 3629 814 ταύτῃ
3654 744 3860 811 κέχρη-

2290 859 2377 894 ται
2407 844 2473 910 τῇ
2496 843 2665 910 φωνῇ.
2693 839 2803 892 Καὶ
2834 839 2990 892 πάλιν
3017 835 3344 904 ἠκολούθησε
3370 833 3540 902 ταύτῃ
3569 834 3635 900 τῇ
3669 831 3859 897 ἐννοίᾳ

2293 931 2324 998 ὴ
2360 925 2644 998 μαρτυρία,
2684 926 3097 992 Προσεύχεσθε
3120 963 3135 986 ,
3177 923 3276 974 ἵνα
3303 920 3387 988 μὴ
3417 917 3726 982 εἰσέλθητε
3767 917 3862 980 εὶς

2295 1014 2642 1080 πειρασμόν.
2689 1013 2904 1080 Ἐτεροι
2948 1010 3002 1062 δὲ
3051 1009 3510 1075 ἐσυκοφάντησαν,
3567 1002 3640 1064 ὡς
3693 1001 3863 1070 ἡμῶν

2296 1100 2622 1170 εἰρηκότων
2655 1099 2701 1150 εί
2743 1097 3007 1165 ἐνδέχεται
3058 1095 3229 1162 ἑτέρῳ
3268 1092 3452 1162 τρόπῳ
3491 1089 3717 1142 θανάτου
3751 1087 3865 1155 τὴν

2295 1184 2599 1253 οἰκονομίαν
2638 1183 3004 1251 ἐκπληρῶσαι.
3034 1179 3203 1232 Τοῦτο
3219 1178 3286 1230 ’δὲ
3315 1177 3436 1229 061s
3467 1178 3698 1245 εἴρηται,
3730 1172 3861 1225 061a

2298 1268 2637 1338 λεχθήσεται.
2674 1268 2785 1330 Ούκ
2837 1263 3006 1326 εἷπον,
3056 1265 3225 1333 ἑτέρῳ
3257 1263 3500 1330 θανάτῳ·
3536 1259 3648 1312 ἀλλ’
3679 1260 3863 1322 εἷπον,

2300 1357 2470 1424 ἐτέρῳ
2516 1355 2699 1424 τρόπῳ
2722 1356 2818 1422 τὴν
2845 1351 3148 1420 οἰκονομίαν
3173 1348 3536 1418 πληρωθῆναι·
3559 1345 3863 1404 τουτέστιν,

2301 1440 2454 1502 ἐκτὸς
2487 1439 2736 1492 θανάτου.
2781 1439 2853 1490 Τὸ
2880 1438 2986 1506 γὰρ
3023 1438 3280 1506 ποτήριον
3314 1435 3630 1503 ἡρμήνευσα
3653 1447 3667 1460 ο
3701 1430 3766 1480 τὸ
3803 1428 3867 1480 δὲ

2303 1526 2519 1594 ἑτέρως,
2541 1526 2615 1587 ὡς
2642 1525 2703 1576 16
2722 1524 2877 1586 ἐκτὸς
2905 1523 3150 1575 θανάτου,
3180 1522 3287 1572 Καὶ
3309 1519 3466 1572 τοῦτο
3493 1517 3723 1584 ἐγένετο,
3761 1515 3868 1582 οὐχ

2303 1612 2376 1674 ὡς
2418 1612 2628 1680 ἀληθῶς
2665 1610 3090 1680 παραιτουμένου
3135 1607 3227 1660 τοῦ
3269 1605 3470 1673 Κυρίου
3509 1608 3599 1655 16v
3632 1603 3870 1654 θάνατον

2306 1698 2444 1768 ὑπὲρ
2475 1697 2566 1750 τοῦ
2595 1697 2820 1764 κόσμου.
2860 1694 3006 1766 [432]
3035 1693 3171 1746 ἀλλά
3213 1693 3309 1761 τὴν
3337 1691 3434 1758 τῆς
3468 1688 3665 1757 σαρκὸς
3699 1686 3871 1740 ἀσθέ-

2305 1801 2451 1836 νειαν
2481 1783 2860 1850 πιστουμένου,
2895 1782 2976 1833 ὅτι
3008 1778 3143 1849 σάρξ
3173 1775 3240 1846 ἦν
3269 1776 3483 1845 ἀληθῶς
3515 1775 3577 1826 16
3606 1771 3870 1836 δειλιοῦν,

2305 1870 2364 1921 16
2401 1869 2811 1939 ταραττόμενον.
2857 1866 2926 1920 Τὸ
2955 1866 3061 1934 γάρ
3093 1863 3325 1930 πνεῦμα
3362 1863 3686 1928 πρόθυμον,
3715 1859 3755 1924 ἠ
3801 1857 3874 1909 δὲ

2307 1955 2458 2022 σὰρξ
2493 1953 2775 2018 ἀσθενής.
2814 1953 2892 2022 Τῇ
2934 1951 3096 2018 σαρκὶ
3121 1949 3190 2001 τὰ
3219 1952 3432 2019 ῥήματα
3465 1947 3559 2014 τῆς
3583 1946 3874 2003 ἀσθενείας

2309 2039 2635 2110 ἐπέγραψεν,
2683 2040 2744 2091 ού
2773 2040 2869 2108 τῆς
2913 2037 3161 2106 θεότητος
3191 2035 3284 2104 τὴν
3316 2033 3596 2086 αύθεντίαν
3637 2030 3870 2099 ἔτρωσε.

2310 2129 2372 2180 Τί
2401 2126 2703 2188 διαϐάλλεις
2747 2124 2783 2177 ἃ.
2814 2125 2887 2192 μὴ
2919 2123 3089 2189 λέγω;
3117 2121 3166 2173 τί
3196 2120 3544 2185 συκοφαντεῖς
3589 2117 3624 2169 ἃ.
3663 2118 3737 2186 μὴ
3773 2133 3878 2184 κη-

2315 2215 2491 2284 ρύττω
2516 2229 2530 2276 ;
2560 2213 2744 2278 ἓτερον
2774 2209 2969 2278 τρόπον
3004 2205 3154 2259 εἷπον
3177 2223 3188 2235 ο
3214 2207 3274 2258 06
3302 2205 3552 2264 θανάτου,
3590 2203 3704 2254 ἀλλ’
3733 2204 3880 2253 οίκοο

2313 2298 2522 2368 νομίας.
2568 2297 2641 2349 O6
2669 2295 2775 2366 γὰρ
2825 2295 3056 2364 εἴρηται·
3093 2293 3154 2343 Εἰ
3182 2291 3430 2349 δυνατὸν,
3462 2288 3784 2358 ἁμειφθήτω
3813 2287 3878 2338 τὸ

2317 2388 2570 2455 ποτήριον
2601 2382 2776 2436 τοῦτο.
2824 2381 2931 2448 Τῆς
2969 2377 3165 2448 σαρκὸς
3193 2380 3226 2447 ἡ
3272 2377 3518 2428 ἀσθένεια
3545 2414 3560 2434 ,
3592 2376 3691 2444 τῆς
3722 2377 3879 2426 ἐναν-

2315 2471 2644 2543 θρωπήσεως
2683 2468 2743 2518 16
2777 2466 2966 2526 πάθος.
3014 2464 3311 2530 Φθέγγεται
3358 2463 3423 2514 τὰ
3449 2461 3545 2529 τῆς
3587 2460 3878 2520 ἀσθενείας

2319 2558 2533 2627 ῥήματα
2557 2593 2571 2616 ,
2605 2555 2691 2605 ἵνα
2719 2551 2866 2622 δείξῃ
2900 2551 2980 2602 ὃτι
3010 2548 3214 2615 ταύτην
3243 2546 3510 2598 ἐνδέδυται
3551 2544 3648 2615 τὴν
3691 2543 3875 2612 φύσιν,

2317 2644 2412 2714 τὴν
2440 2640 2719 2695 δειλιῶσαν
2745 2637 2836 2690 16v
2863 2637 3107 2688 06wa10v.
3137 2635 3252 2684 'lva
3273 2633 3329 2684 δέ
3357 2632 3428 2701 μὴ
3450 2632 3606 2684 πάλιν
3639 2634 3704 2700 τῇ
3735 2630 3882 2694 λέξει

2319 2729 2637 2798 δουλεύσῃς,
2668 2727 2730 2778 ἐκ
2770 2723 3083 2793 περιουσίας
3128 2723 3346 2773 κάκεῖνο
3399 2721 3738 2788 παρήγαγον,
3797 2717 3881 2768 ὅτι

2322 2819 2468 2877 ποῖος
2498 2814 2670 2881 λόγος,
2699 2813 2822 2872 106;
2856 2811 2952 2879 μὲν
3006 2808 3329 2867 ἀποστόλους
3366 2805 3624 2872 γενναίως
3655 2802 3746 2853 τὸν
3779 2801 3883 2852 θά-

2321 2918 2476 2953 νατον
2509 2900 2860 2958 καταπατεῖν,
2894 2895 2984 2946 τὸν
3012 2893 3067 2945 δὲ
3101 2893 3208 2944 τῶν
3234 2890 3536 2943 ἀποστόλων
3570 2886 3771 2955 Κύριον
3793 2885 3883 2936 δε-

2321 2988 2485 3039 διέναι
2515 2985 2606 3036 καὶ
2631 2983 2850 3052 τρέμειν
2874 2981 2971 3048 τὴν
2996 2977 3089 3029 τοῦ
3127 2976 3351 3028 θανάτου
3383 2977 3608 3042 πεῖραν;
3654 2969 3794 3039 Ἐρῶ
3825 2968 3885 3021 δὲ

2327 3074 2420 3126 καὶ
2450 3071 2620 3123 ταῦτα
2653 3068 2746 3119 νῦν
2766 3108 2780 3130 ,
2812 3063 3047 3130 ἀδελφοί.
3088 3061 3292 3122 Παῦλος
3341 3060 3400 3111 06
3436 3059 3591 3127 μόνον
3627 3056 3843 3123 δεθῆναι
3865 3093 3883 3117 ,

2326 3161 2462 3215 ἀλλά
2488 3162 2582 3213 καὶ
2613 3157 2898 3211 ἀποθανεῖν
2929 3153 3070 3222 ὑπὲρ
3098 3150 3190 3203 τοῦ
3220 3150 3478 3218 ὀνόματος
3520 3147 3613 3198 τοῦ
3642 3143 3884 3214 Χριστοῦ

2325 3250 2651 3304 νεανιεύεται
2679 3287 2693 3309 ,
2725 3245 2819 3298 καὶ
2865 3245 2892 3295 6
2935 3241 3146 3295 Παύλου
3180 3239 3379 3308 Κύριος
3417 3238 3758 3305 παραιτεῖται
3795 3234 3886 3285 τὸν

2328 3341 2584 3400 θάνατον;
2620 3337 2725 3389 Καὶ
2757 3333 2964 3386 Παύλου
2991 3331 3088 3400 μὲν
3109 3330 3168 3381 οὺ
3200 3326 3590 3398 συνθρύπτεται
3612 3326 3644 3393 ἡ
3667 3324 3884 3395 καρδία,

2330 3429 2360 3494 ὴ
2387 3427 2442 3476 δὲ
2470 3425 2562 3477 τοῦ
2585 3422 2816 3491 Χριστοῦ
2841 3420 2986 3488 ψυχὴ
3014 3418 3362 3486 ταράττεταις
3392 3415 3519 3467 Νῦν
3542 3415 3671 3480 γὰρ,
3699 3412 3886 3481 φησὶν,

2329 3517 2366 3580 ἠ
2392 3513 2558 3582 ψυχή
2590 3529 2707 3580 μου
2734 3511 3093 3574 τετάρακται.
3128 3504 3308 3560 Ταῦτα
3341 3506 3514 3556 πάντα
3543 3503 3647 3555 ὑπὸ
3679 3503 3888 3570 μάρτυ-

2332 3622 2414 3656 σιν
2437 3605 2563 3672 ὑμῖν
2592 3601 2956 3670 ἐφθεγξάμην.
3003 3597 3140 3649 Ἀλλ’
3161 3596 3220 3649 06
3243 3595 3417 3647 πείθει
3441 3611 3500 3645 σε
3525 3592 3696 3645 ταῦτα
3715 3610 3731 3658 ;
3753 3592 3887 3644 ἀλλὰ

2329 3697 2407 3757 16,
2434 3697 2500 3746 El
2530 3694 2804 3752 δυνατὸν.
2833 3693 2910 3744 ἔτι
2935 3688 3267 3752 σκανδαλίζει
3299 3703 3392 3750 σε;
3422 3687 3547 3749 Ναὶ,
3579 3685 3730 3753 φησί.
3755 3686 3888 3737 Συν-

2331 3788 2588 3854 έ).θωμεν,
2625 3783 2859 3850 ἀδελφοὶ,
2889 3782 2962 3850 τῷ
3006 3781 3309 3848 φιλονείκῳ,
3335 3778 3798 3847 φιλονεικήσωμεν
3820 3778 3887 3847 τῇ

2331 3876 2554 3945 δυνάμει
2574 3874 2670 3942 τῆς
2692 3871 2943 3940 ἀληθείας
2969 3873 3176 3940 ἐγεῖραι
3200 3871 3322 3932 106;
3350 3870 3609 3928 πεσόντας
3634 3869 3700 3935 τῇ
3725 3866 3888 3917 ἀσθεο

2334 3967 2450 4035 νείᾳ.
2474 3965 2569 4032 τῆς
2597 3963 2868 4023 ἀπιστίας.
2907 3962 2966 4012 Εί
2997 3957 3142 4029 εἶχεν
3176 3958 3417 4024 ἐξουσίαν
3450 3959 3478 4009 6
3502 3958 3731 4024 Χριστὸς
3751 3995 3765 4017 ,
3793 3956 3890 4006 οὐκ

2337 4057 2401 4109 ἂν
2429 4051 2546 4106 εἷπε
2567 4054 2645 4114 τὸ,
2670 4055 2737 4105 Εἰ
2767 4051 3046 4112 δυνατὸν,
3073 4047 3430 4116 παρελθάτω.
3456 4044 3662 4097 Οὐκοῦν
3691 4046 3784 4096 καὶ
3802 4045 3893 4094 τὸν

2335 4145 2467 4196 Θεὸν
2500 4144 2759 4204 αίτίασαι,
2796 4141 2882 4193 διὰ
2909 4139 3000 4192 105
3033 4140 3194 4208 νόμου
3227 4136 3560 4206 κεχρημένον
3583 4136 3688 4186 τινὶ
3717 4134 3889 4198 λέξει,

2337 4236 2470 4288 πολὺ
2504 4236 2603 4301 τῆς
2647 4232 2808 4285 αὑτοῦ
2858 4231 3102 4295 ἐξουσίας
3133 4227 3529 4298 κεχωρισμένῃ.
3575 4225 3737 4290 Λέγει
3785 4226 3894 4295 γὰρ

2338 4327 2470 4395 πρὸς
2495 4326 2584 4378 16v
2613 4325 2844 4377 Μωῦσέα
2866 4362 2879 4382 ,
2915 4324 3000 4374 ὅτε
3030 4320 3202 4373 ἐλάλει
3227 4321 3290 4370 ἐκ
3313 4317 3405 4370 τοῦ
3433 4317 3588 4385 6906;
3620 4317 3750 4368 Σινᾶ
3769 4357 3781 4377 ,
3807 4316 3892 4370 διὰ

2337 4417 2436 4484 τῆς
2487 4415 2724 4484 μεγάλης
2766 4413 2976 4480 ἐκείνης
3009 4411 3101 4463 καὶ
3141 4408 3373 4476 φοϐερᾶς
3427 4407 3774 4473 ἐπιφανείας·
3808 4407 3893 4458 ὅτε

2342 4508 2447 4567 πᾶς
2472 4507 2500 4557 6
2525 4505 2652 4564 λαὸς
2693 4504 2940 4572 έτρεμεν,
2976 4499 3186 4552 ἀκούων
3212 4499 3394 4566 φωνὴν
3425 4495 3559 4548 Θεοῦ
3601 4495 3800 4558 ζῶντος
3821 4514 3834 4527 ·
3866 4497 3894 4546 6

2341 4595 2558 4648 πάντων
2596 4594 2732 4662 ἔχων
2770 4593 2868 4661 τὴν
2913 4590 3156 4656 ἐξουσίαν
3177 4627 3190 4650 ,
3222 4589 3313 4640 καὶ⁸
3363 4587 3534 4639 πάντα
3564 4585 3762 4637 διέπων
3791 4587 3896 4648 τοῖς

2342 4689 2504 4746 πᾶσι,
2535 4683 2680 4750 λέγει
2711 4681 2788 4750 τῷ
2830 4682 3056 4749 Μωῦσῇ,
3090 4680 3118 4730 6
3149 4678 3278 4740 Θεὸς
3314 4679 3342 4730 6
3381 4678 3447 4728 τά
3483 4677 3658 4728 πάντα
3686 4673 3854 4734 διδούς
3878 4688 3894 4703 ο

2349 4777 2440 4838 Τίς
2466 4773 2639 4825 δώσει
2670 4772 2855 4833 οὕτως
2893 4766 3043 4822 εἶναι
3067 4768 3178 4834 τὴν
3209 4767 3457 4833 καρδίαν
3480 4763 3676 4816 αὐτῶν
3701 4764 3770 4815 ἐν
3796 4763 3898 4815 αὑ·

2342 4862 2464 4926 τοῖς
2485 4903 2498 4925 ,
2542 4860 2697 4911 ὥστε
2732 4857 3040 4925 φοϐεῖσθαί
3059 4873 3133 4921 με
3161 4855 3255 4905 καὶ
3288 4850 3667 4920 φυλάξασθαι
3703 4849 3898 4914 πάσας

2343 4949 2448 5011 τὰς
2477 4948 2720 5015 ἡμέρας,
2753 4946 2851 4996 ἵνα
2873 4939 2940 4996 εὖ
2975 4938 3011 5010 ᾖ
3039 4941 3240 5003 αὐτοῖς
3263 4939 3357 4992 καί
3394 4936 3516 5002 τοῖς
3539 4937 3772 5002 τέκνοις
3799 4939 3900 4989 αὑ-

2345 5041 2490 5101 τών;
2521 5039 2679 5104 Λέγει
2713 5038 2740 5088 6
2763 5036 2888 5094 Θεός
2907 5050 2919 5062 ·
2961 5033 3058 5096 Τίς
3089 5031 3263 5083 δώσει
3293 5029 3370 5093 τῷ
3407 5027 3532 5091 λαῷ
3556 5029 3742 5089 τούτῳ
3763 5043 3898 5092 καρ-

2346 5130 2518 5193 δίαν;
2541 5129 2648 5181 Καὶ
2680 5127 2783 5187 τίς,
2807 5119 2850 5175 ὦ
2879 5123 3140 5183 Δέσποτα,
3161 5120 3300 5190 ὑπὲρ
3333 5120 3391 5172 σέ
3419 5119 3650 5188 στερεὸς,
3680 5118 3765 5168 ἵνα
3793 5115 3894 5183 δῷς

2348 5220 2408 5270 06
2443 5220 2506 5269 06
2547 5214 2596 5268 εἷ
2639 5219 2666 5267 6
2701 5215 2871 5274 διδους
2900 5212 3094 5270 πάντα,
3146 5210 3238 5261 καὶ
3272 5209 3500 5278 μάλιστα
3545 5209 3611 5258 τὰ
3654 5209 3730 5267 είς
3756 5205 3899 5256 εὐσέ-

2351 5309 2500 5361 ϐειαν
2532 5303 2904 5361 συντείνοντα;
2938 5299 3000 5351 Εἰ
3038 5298 3110 5368 μὴ
3152 5299 3215 5350 06
3243 5294 3386 5367 ἦσθα
3413 5299 3442 5349 6
3471 5296 3638 5356 διδοὺς
3680 5293 3896 5360 καρδίαν

2351 5399 2556 5466 ἀγαθὴν
2576 5397 2684 5456 τοῖς
2707 5391 2960 5459 ἀγαπώσί
2987 5365 3068 5451 σέ,
3095 5365 3141 5440 ει
3172 5387 3245 5457 μὴ
3267 5365 3330 5440 ἀει
3354 5382 3403 5438 εί
3423 5387 3449 5437 ὁ
3469 5385 3660 5445 διδοὺς,
3685 5383 3796 5443 πῶς
3821 5399 3900 5434 σοι
3966 5365 3975 5374 ’

2352 5488 2511 5541 Δαυῖδ
2552 5483 2943 5553 προσεύχεται,
2988 5479 3248 5545 Καρδίαν
3285 5476 3541 5540 καθαρὰν
3586 5472 3794 5524 κτίσον
3833 5472 3901 5522 ὧν

2351 5579 2552 5647 ἐμοὶ,ό
2581 5575 2758 5636 Θεός;
2803 5570 3041 5639 Καρδίαν
3071 5567 3313 5636 καθαρὰν
3349 5563 3495 5630 παρὰ
3541 5560 3634 5612 σοῦ
3668 5560 3900 5612 αἰτοῦσιν

2354 5671 2400 5721 οἱ
2437 5666 2705 5737 προοῆται
2728 5703 2741 5727 ,
2777 5661 2868 5712 καὶ
2902 5661 2968 5711 τὰ
3000 5659 3130 5712 ἄλλα
3173 5657 3316 5726 δῶρα
3348 5653 3412 5704 τὰ
3453 5649 3631 5716 ἀγαθὰ
3653 5689 3665 5711 ,
3697 5651 3786 5702 καὶ
3811 5648 3904 5722 τῆς
