4102 6520
272 426 388 482 425

279 538 296 584 t
326 534 543 596 Baruch.
569 534 624 587 5.
656 531 900 600 52.οὸ5).
950 532 1014 585 Et
1034 539 1151 598 post
1176 540 1370 583 tantam
1395 528 1708 597 theologiam
1734 526 1839 578 ait:

284 641 302 673 ι
331 623 425 676 Hic
444 632 527 676 est
550 622 690 675 Deus
726 632 925 685 noster,
946 637 1048 673 non
1072 618 1413 674 mstimabitnr
1436 619 1572 672 alius
1591 619 1654 670 ad
1680 634 1797 672 eum
1823 636 1841 669 ο

277 711 442 779 (Ibid.
465 729 512 765 υ.
544 713 781 782 ὅδιοὸὃ).
832 711 1204 765 Animadverte
1233 709 1531 779 diligenter,
1560 724 1664 779 quo
1695 720 1847 778 pacto

274 802 503 855 alterum
526 800 789 855 excludat.
828 820 846 852 ‹
893 800 1005 855 Νοη
1035 798 1387 854 azstimabitur
1428 799 1563 852 alius
1604 799 1669 851 ad
1701 815 1842 852 eum.

276 890 486 943 Invenit
529 905 740 944 omnem
786 890 925 944 viam
977 890 1232 953 scientim,
1271 899 1324 942 et
1367 888 1509 943 dedit
1539 904 1652 941 eam
1681 889 1845 943 .lacob

274 996 445 1049 puero
469 995 587 1047 suo,
610 989 663 1035 et
688 979 848 1034 Israel
882 981 1072 1034 dilecto
1103 997 1199 1035 suo
1220 982 1319 1051 (a).
1346 983 1470 1036 Post
1496 982 1607 1035 haec
1632 982 1680 1033 in
1705 990 1841 1034 terra

272 1073 425 1125 visus
450 1080 569 1133 est,
602 1078 657 1123 et
691 1084 809 1124 eum
838 1069 1136 1125 hominibus
1179 1083 1523 1127 conversatus
1562 1080 1661 1125 est.
1694 1089 1712 1122 ›
1750 1069 1844 1122 llic

275 1160 417 1215 Deus
444 1169 626 1214 noster
658 1160 721 1214 ad
760 1176 915 1229 quem
944 1176 1045 1213 non
1072 1162 1419 1215 mstimabitur
1446 1162 1599 1224 alius,
1628 1162 1677 1213 in
1702 1170 1840 1214 terra

274 1249 422 1304 visus
448 1256 530 1304 est
555 1257 611 1303 et
636 1264 754 1304 cum
784 1250 1086 1304 hominibus
1133 1260 1474 1305 conversatus
1516 1261 1594 1305 est
1639 1261 1840 1319 postea.

279 1337 442 1391 Vides
464 1340 738 1393 veritatem
765 1339 1171 1393 continuatam?
1200 1339 1333 1393 Vide
1366 1350 1421 1393 ut
1443 1341 1608 1393 errori
1640 1340 1838 1392 aditum

272 1430 611 1495 intercludat,
635 1447 700 1484 ne
719 1430 931 1484 Judazus
950 1433 1221 1486 veritatem
1242 1433 1591 1485 calumnietur
1606 1441 1659 1486 et
1678 1431 1838 1496 dicat,

275 1520 420 1574 Deus
467 1521 611 1575 visus
648 1530 729 1574 est
778 1536 808 1574 a
859 1521 1071 1591 Moyse;
1125 1522 1366 1590 apparuit
1408 1523 1548 1575 enim
1600 1522 1736 1575 Deus
1789 1521 1841 1574 in

270 1622 477 1665 monte.
512 1612 709 1666 Praeter
736 1628 855 1667 eum
886 1627 988 1666 non
1016 1624 1097 1667 est
1118 1614 1254 1667 alius
1281 1632 1293 1665 :
1323 1629 1420 1667 nec
1464 1614 1606 1681 ejicit
1632 1614 1838 1668 Patrem

268 1716 300 1756 a
329 1701 507 1755 divina
536 1701 808 1772 dignitate.
862 1704 1017 1757 Pater
1043 1704 1087 1757 si
1125 1704 1269 1757 solus
1317 1707 1613 1759 nominatus
1664 1706 1838 1770 fuerit,

268 1792 711 1847 exterminabitne
745 1792 933 1846 Filium
960 1808 988 1846 a
1020 1795 1285 1847 communi
1316 1794 1837 1864 dignitatc?Quando

268 1882 407 1937 dicit
432 1884 566 1937 Deus
586 1924 600 1947 ,
632 1884 746 1936 sive
777 1883 965 1947 Pater,
997 1884 1107 1938 sive
1148 1882 1311 1936 Filius
1332 1925 1346 1947 ,
1379 1900 1435 1936 se
1461 1884 1629 1937 solum
1679 1900 1839 1938 unum

266 1988 417 2040 esse,
447 1989 550 2026 non
574 1981 730 2041 negat
758 1983 959 2026 natura:
980 1988 1088 2026 suae
1108 1975 1452 2027 consortium.
1476 1974 1632 2028 Pater
1652 1974 1837 2029 Filium

265 2078 379 2116 non
406 2062 567 2130 ejicit,
597 2061 761 2115 Filius
784 2077 886 2115 non
918 2072 1068 2131 negat
1105 2063 1346 2127 Patrem;
1381 2063 1473 2117 sed
1505 2079 1622 2118 cum
1650 2064 1838 2119 similia

265 2156 540 2221 dicuntur,
571 2164 753 2209 contra
795 2156 1054 2210 idolorum
1083 2172 1318 2212 errorem
1368 2175 1547 2213 sermo
1594 2161 1835 2215 habetur.

266 2247 379 2301 Cur
406 2256 591 2300 contra
616 2245 951 2314 Unigenitum
982 2248 1360 2318 blasphemiam
1390 2265 1617 2319 apparas
1633 2252 1655 2304 1’
1682 2252 1838 2305 ldolis

268 2336 415 2394 Deus
441 2351 544 2391 non
574 2336 665 2390 dat
699 2337 920 2406 gloriam
959 2351 1140 2402 suam;
1179 2355 1244 2392 an
1272 2356 1442 2409 neque
1481 2342 1528 2394 ei
1562 2341 1653 2394 dat
1681 2357 1836 2411 quem

266 2426 496 2496 genuit?
526 2426 623 2479 Dat
661 2435 806 2480 certe
830 2440 931 2479 non
957 2428 1243 2480 secundum
1264 2430 1505 2497 gratiam,
1529 2430 1620 2484 sed
1651 2444 1840 2483 secun-

266 2515 399 2569 dum
450 2522 648 2568 naturae
692 2516 1035 2569 consortium.
1077 2516 1225 2571 Unde
1273 2534 1400 2571 vero
1448 2519 1839 2575 demonstratur

266 2604 539 2658 Christum
586 2604 803 2672 gloriam
851 2604 1020 2657 Patris
1060 2606 1340 2673 accipere?
1381 2609 1465 2660 Ait
1495 2610 1635 2662 enim
1666 2626 1679 2663 :
1709 2608 1833 2663 (ilo-

266 2693 400 2747 riam
429 2709 587 2746 meam
628 2694 775 2747 alteri
802 2709 899 2747 non
933 2694 1059 2747 dabo
1086 2695 1104 2764 (
1128 2694 1251 2748 Isai.
1281 2697 1367 2749 4‘2.
1395 2696 1483 2766 8).

341 2786 397 2839 τ.
441 2783 575 2837 Audi
612 2783 736 2852 quid
774 2784 887 2851 ipse
924 2784 1172 2839 Servator
1208 2802 1326 2839 cum
1371 2790 1623 2856 apostolis
1660 2790 1834 2844 disse-

270 2890 402 2930 rens
423 2874 563 2929 dicat
587 2896 599 2929 :
623 2874 746 2928 Cum
770 2877 957 2928 venerit
980 2875 1143 2929 Filius
1172 2876 1384 2931 hominis
1409 2880 1460 2931 in
1486 2880 1644 2949 gloria
1669 2879 1837 2934 Patris

265 2966 348 3019 sui
376 2963 564 3032 (Marc.
591 2965 645 3019 8.
673 2966 806 3029 58);
842 2974 1115 3033 postquam
1149 2966 1234 3019 ille
1264 2967 1405 3034 prius
1431 2968 1679 3033 dixisset,
1712 2968 1835 3022 Glo-

266 3056 403 3106 riam
431 3069 589 3106 meam
623 3053 767 3106 alteri
797 3069 893 3107 non
920 3054 1064 3106 dabo.
1095 3052 1341 3109 Serutare
1369 3055 1586 3119 dictum,
1617 3067 1668 3110 et
1695 3058 1839 3112 inve-

268 3146 389 3199 nies
419 3158 654 3198 sensum.
690 3143 916 3197 Gloriam
962 3162 1155 3211 meam,
1188 3161 1290 3199 non
1336 3147 1499 3213 dixit,
1550 3148 1685 3202 Filio
1720 3163 1837 3202 meo

269 3250 382 3290 non
407 3234 563 3295 dabo.
591 3234 703 3298 scd,
727 3234 884 3287 Alteri
914 3251 1011 3288 non
1039 3236 1186 3289 dabo.
1216 3237 1448 3290 Alterum
1478 3248 1648 3292 autem
1678 3250 1757 3293 est
1785 3240 1834 3293 id

269 3324 417 3391 quod
438 3333 518 3377 est
539 3324 765 3376 alienum
794 3339 822 3376 a
847 3325 1133 3389 consortio,
1163 3334 1215 3378 et
1240 3340 1267 3377 a
1296 3336 1476 3380 natura
1505 3338 1834 3395 separatum;

269 3416 445 3471 Filius
473 3423 649 3468 autem
690 3430 795 3468 non
822 3426 901 3469 est
927 3416 1061 3469 alter
1093 3434 1103 3467 :
1138 3417 1265 3470 Nam
1298 3416 1406 3487 Ego
1432 3430 1478 3470 et
1504 3418 1837 3483 Paterunum

269 3519 468 3557 sumus.
503 3502 655 3555 Clare
677 3517 804 3573 ergo
831 3502 1244 3558 demonstratum
1268 3514 1368 3569 est,
1400 3507 1545 3571 illud,
1573 3507 1639 3561 Ut
1658 3525 1839 3578 cogno-

268 3601 474 3647 scantte
498 3593 659 3645 soluat
685 3608 851 3645 verum
873 3592 1031 3646 Deum
1053 3594 1222 3664 (Joan.
1254 3594 1336 3649 lO.
1360 3595 1472 3664 30),
1498 3612 1600 3650 non
1632 3598 1839 3653 auferre

267 3697 301 3737 ει
327 3682 500 3742 Filio,
534 3697 652 3736 esse
682 3698 859 3735 verum
910 3684 1092 3736 Deum.
1139 3683 1213 3737 Ne
1260 3686 1504 3753 repudies
1541 3702 1837 3741 sermonem

266 3785 391 3824 cum
420 3770 705 3835 calumnia,
736 3772 880 3839 quasi
910 3786 1097 3825 sensus
1123 3783 1395 3840 suspectus
1422 3775 1634 3829 relictus
1654 3776 1723 3830 sit
1749 3795 1761 3829 :
1788 3778 1841 3831 id

265 3861 412 3931 quod
458 3862 594 3929 passi
639 3872 759 3915 sunt
795 3862 1005 3931 quidam
1049 3880 1079 3918 e
1124 3863 1372 3919 fratribus
1418 3868 1555 3921 circa
1598 3871 1832 3923 calicem.

266 3956 346 4007 Ac
372 3953 419 4005 si
449 3951 589 4005 enim
633 3954 888 4005 sententia
919 3955 1232 4007 solutionem
1266 3970 1368 4007 non
1411 3958 1730 4024 accepisset.
1763 3961 1838 4012 sic

265 4044 664 4098 accusationem
704 4045 1011 4098 intulerunt.
1046 4045 1173 4098 Nam
1201 4047 1445 4100 dixerunt
1472 4066 1485 4100 :
1516 4047 1836 4117 Suspensam

265 4142 321 4186 et
348 4132 635 4186 sublimem
664 4133 870 4200 reliquit
896 4133 1333 4201 disquisitiooem.
1353 4136 1487 4200 Quid
1512 4144 1708 4201 autem,
1740 4139 1841 4189 fra-

271 4233 405 4284 tres,
439 4220 664 4288 amplius
684 4221 959 4274 dicendum
990 4222 1340 4291 suppetebat?
1370 4224 1491 4291 quid
1521 4226 1663 4292 prius
1688 4226 1841 4279 dictis

264 4310 459 4364 deerat
484 4309 550 4362 ad
576 4310 1075 4365 demonstrationem
1098 4312 1120 4364 ?
1165 4312 1340 4364 Primo
1365 4312 1596 4381 quidem,
1632 4314 1691 4367 Si
1722 4330 1840 4382 pos-

264 4401 413 4455 sibile
443 4408 537 4461 est,
566 4410 783 4453 transeat
807 4418 839 4453 a
866 4417 944 4453 me
971 4403 1103 4455 calix
1129 4402 1220 4454 iste
1250 4400 1469 4473 (Matth.
1495 4403 1583 4458 26.
1608 4405 1676 4459 59
1700 4408 1716 4474 )
1746 4424 1758 4458 :
1789 4417 1842 4461 et

264 4491 330 4545 ad
364 4491 417 4544 id
450 4490 589 4558 quod
620 4505 715 4559 per
760 4492 899 4543 illam
945 4491 1228 4546 dictionem
1274 4494 1567 4561 suggeritur
1593 4493 1611 4565 (
1636 4496 1841 4551 videtur

261 4582 410 4636 enim
442 4580 609 4634 dictio
634 4580 1011 4649 Supplieantem
1042 4583 1139 4635 sub
1164 4584 1316 4635 aliam
1346 4593 1661 4652 potestatem
1693 4588 1839 4641 redi—

260 4671 432 4739 gere)
460 4709 477 4734 ,
522 4670 793 4723 attulimus
826 4685 1006 4723 vocent
1055 4671 1196 4724 illam
1242 4671 1487 4737 Domini,
1535 4689 1652 4741 qua:
1695 4678 1839 4731 omni

260 4772 410 4816 certe
442 4760 618 4813 divina
648 4764 957 4815 auctoritate
988 4763 1138 4831 plena
1165 4771 1275 4825 est,
1310 4764 1638 4833 dicentisque
1665 4767 1835 4836 digni—

262 4861 429 4905 tatem
477 4850 697 4907 exhibet
743 4869 755 4903 :
802 4850 1102 4905 Potestatem
1150 4852 1303 4903 habeo
1356 4856 1572 4919 ponendi
1619 4857 1838 4909 animam

262 4959 449 5005 meam,
476 4951 522 4995 et
549 4951 834 5010 potestatem
860 4942 1012 4995 habeo
1033 4943 1260 4994 sumendi
1285 4959 1391 4994 eam
1420 4942 1594 5012 (Joan.
1622 4946 1835 5015 10.18),

262 5032 609 5099 diximusque
634 5032 761 5084 illud
782 5070 795 5091 ,
832 5030 1036 5095 Habeo,
1066 5032 1352 5085 divinitatis
1383 5036 1651 5102 proprium
1680 5050 1797 5090 esse
1822 5054 1836 5101 ;

261 5120 392 5178 illud
424 5138 560 5177 vero
594 5141 606 5176 :
634 5122 695 5176 Si
734 5124 965 5191 possibile
992 5133 1061 5175 est
1082 5164 1095 5187 ,
1126 5134 1341 5177 transeat
1382 5142 1413 5176 a
1452 5144 1527 5179 me
1556 5127 1691 5181 calix
1727 5130 1833 5195 iste,

263 5214 476 5267 ratione
505 5212 679 5265 carnis
708 5212 904 5265 dictum
934 5226 1052 5265 esse
1075 5252 1088 5274 ,
1136 5228 1238 5265 non
1282 5216 1483 5268 ratione
1513 5216 1796 5272 divinitatis
1821 5260 1835 5283 ,

261 5311 423 5371 atque
483 5301 701 5368 insuper
754 5302 957 5355 Domini
1014 5302 1370 5356 testimonium
1420 5304 1735 5364 adduximus
1786 5310 1836 5364 in

260 5389 727 5446 confirmationem
756 5406 770 5455 ;
815 5391 1157 5459 quamobrem
1200 5393 1331 5445 dixit
1368 5411 1378 5445 :
1413 5394 1633 5463 Spiritus
1664 5415 1837 5466 prom-

322 5504 402 5567 (u)_
434 5501 492 5551 In
515 5508 709 5557 Graeco,
742 5515 966 5561 smptu...
993 5501 1160 5567 Itaque
1183 5501 1330 5552 electo
1366 5506 1486 5567 apud
1522 5506 1838 5567 Augustinum

261 5563 342 5612 lib.
385 5564 407 5611 1
450 5568 621 5629 contra
640 5567 877 5629 _Faustum
901 5563 1212 5629 _atanieha‘um
1234 5578 1373 5629 ,__cap.
1398 5563 1490 5621 65,
1518 5575 1568 5629 et
1592 5563 1636 5614 iii
1665 5569 1839 5629 Vigilio

258 5622 493 5683 Tarsensi
522 5621 605 5683 lib.
634 5620 655 5667 1
681 5623 1092 5683 eontraHArt'ium,
1120 5620 1374 5671 Sabelliuin
1416 5620 1485 5673 et?
1505 5620 1751 5676 I'lmtinutﬁ
1787 5644 1834 5677 η.

262 5681 339 5740 iii,
366 5690 419 5732 ct
456 5683 542 5730 lib.
574 5682 590 5728 l
636 5689 799 5729 contra
839 5681 1157 5742 Yartmadum,
1184 5696 1287 5744 cap.
1311 5684 1355 5743 2,
1382 5686 1629 5736 manifesta
1677 5702 1836 5739 corru-

262 5746 359 5791 utio
385 5752 479 5791 est.
510 5740 719 5791 Coteler.

262 5746 359 5807 ptio
385 5752 479 5794 est.
510 5746 719 5791 (older.

1228 416 1291 471 IN
1330 414 1530 470 lLLUD
1571 454 1584 471 .
1617 411 1686 467 IN
1725 412 1862 480 QUA
1903 411 2323 480 POTESTATE,
2366 415 2519 471 ETC.

3428 450 3541 502 426

1960 535 2072 593 plus
2101 537 2191 592 est,
2218 544 2336 582 caro
2364 542 2530 584 autem
2552 533 2755 601 inﬁrma
2776 535 2987 604 (Matth.
3015 538 3102 592 26.
3132 541 3222 611 Η)
3249 560 3261 595 :
3290 555 3340 597 et
3364 560 3539 600 anno-

1960 616 2185 669 tavimus
2215 633 2326 671 rem
2356 634 2477 674 esse
2500 620 2957 690 absurdissimam,
2986 643 3104 682 cum
3134 630 3248 699 ipse
3274 634 3527 691 Dominus

1956 708 2101 759 carni
2132 708 2426 776 adscribat,
2460 727 2557 766 nos
2595 714 2644 766 in
2674 715 2904 770 divinam
2937 721 3264 786 majestatetn
3294 725 3419 779 dicti
3452 731 3533 781 vi-

1957 794 2158 849 litatem
2180 798 2464 866 conjicere.
2491 802 2592 856 Sed
2617 814 2673 858 ut
2696 804 2903 861 Domini
2931 822 3149 878 scopum
3170 812 3523 884 declaramus,

1955 900 2050 939 cur
2094 903 2285 958 nempe
2333 890 2558 957 dixerit,
2601 894 2847 951 Transeat
2874 916 2905 951 a
2934 917 3012 953 me
3048 903 3183 955 calia:
3206 920 3224 957 :
3253 922 3355 959 non
3385 910 3524 974 quod

1956 975 2222 1047 refugeret
2262 983 2434 1034 crucis
2462 982 2928 1052 dispensationem,
2958 1000 3181 1045 mortem
3213 997 3519 1057 recusabat;

1954 1067 2048 1121 sed
2071 1069 2191 1134 quia
2216 1069 2445 1139 imperiti
2466 1072 2605 1126 circa
2626 1073 3073 1143 dispensationem
3099 1081 3262 1148 illam,
3289 1085 3339 1136 iu
3366 1100 3531 1140 cruce.

1953 1157 2256 1212 scandalum
2284 1162 2490 1230 passuri
2518 1172 2670 1217 erant
2690 1204 2703 1228 ,
2735 1164 2834 1219 hac
2861 1180 2986 1220 usus
3014 1180 3094 1223 est
3122 1187 3268 1226 voce.
3301 1174 3523 1228 lterum-

1954 1263 2057 1316 que
2086 1248 2220 1303 hanc
2248 1253 2563 1306 sententiam
2591 1264 2868 1323 sequutum
2895 1265 2977 1311 est
3007 1258 3104 1312 hoc
3128 1263 3481 1318 testimonium
3505 1285 3517 1320 :

1956 1337 2137 1404 Orate,
2169 1349 2222 1391 ut
2248 1356 2348 1393 non
2376 1340 2577 1395 intretis
2596 1343 2647 1394 in
2677 1345 2997 1398 tentationem
3026 1346 3230 1417 (Ibid;).
3261 1351 3363 1404 Alii
3393 1369 3521 1407 vero

1952 1428 2255 1483 calumniati
2281 1441 2435 1495 sunt,
2464 1447 2527 1486 ac
2550 1433 2593 1486 si
2623 1433 2939 1489 dixissemus
2970 1458 2983 1491 :
3016 1437 3070 1492 Si
3114 1439 3222 1493 fieri
3254 1454 3430 1509 posset
3463 1456 3525 1498 nt—

1950 1517 2056 1570 alio
2089 1521 2273 1573 mortis
2302 1535 2495 1589 genere
2522 1525 2869 1577 teconomiam
2899 1526 3161 1594 impleret.
3209 1529 3321 1585 Hoc
3349 1547 3536 1599 «ρωπο-

1951 1623 2049 1662 nec
2079 1608 2274 1662 dictum
2301 1613 2415 1674 fuit,
2449 1628 2545 1667 nec
2571 1614 2777 1668 dicetur
2802 1631 3071 1684 umquam.
3104 1618 3215 1672 Non
3245 1620 3387 1685 dixi,
3415 1623 3520 1675 alia"

1949 1707 2155 1761 morte,
2186 1697 2277 1753 sed
2307 1700 2410 1752 alio
2439 1701 2596 1754 modo
2620 1705 2969 1757 meonomiam
3002 1707 3203 1774 impleri
3229 1725 3243 1771 ;
3288 1710 3387 1764 hoc
3411 1722 3513 1775 est,

1951 1789 2080 1839 citra
2122 1799 2367 1842 mortem.
2395 1789 2524 1842 Nam
2555 1791 2770 1845 calicem
2802 1794 3175 1863 interpretatus
3199 1813 3315 1852 sum
3342 1818 3355 1852 :
3388 1802 3514 1856 illud

1948 1885 2123 1929 autem
2164 1877 2351 1940 aliter,
2398 1888 2683 1947 tamquam,
2728 1881 2858 1935 citra
2903 1893 3147 1938 mortem.
3198 1890 3369 1955 Atque
3416 1890 3513 1944 hoc

1951 1965 2144 2021 factum
2175 1976 2275 2030 est,
2311 1983 2414 2021 non
2442 1970 2581 2037 quod
2608 1986 2728 2025 vere
2756 1972 3007 2028 Dominus
3034 1981 3353 2033 recusaverit
3379 1983 3525 2035 mori-

1952 2070 2048 2124 pro
2075 2056 2271 2111 mundo
2296 2074 2309 2120 ;
2343 2058 2433 2112 sed
2460 2060 2598 2128 quod
2642 2061 2800 2116 fidem
2828 2061 3000 2118 facere
3027 2066 3251 2121 voluerit
3288 2070 3512 2124 inﬁrmi-

1949 2146 2037 2199 tati
2082 2147 2290 2210 carnis,
2340 2159 2498 2217 atque
2538 2151 2819 2206 ostendere
2847 2168 3059 2208 carnem
3092 2172 3214 2210 vere
3258 2159 3418 2214 fuisse
3460 2163 3509 2216 id

1947 2235 2087 2305 quod
2115 2237 2359 2303 timebat,
2391 2247 2444 2292 et
2476 2240 2782 2295 turbabatur
2812 2262 2826 2297 :
2856 2259 2974 2296 nam
3005 2244 3224 2309 Spiritus
3254 2260 3510 2318 promptus

1944 2336 2037 2390 est,
2076 2342 2194 2379 caro
2237 2336 2401 2379 autem
2446 2330 2669 2397 inﬁrma.
2699 2331 2853 2384 Carni
2883 2334 3044 2387 verba
3075 2335 3390 2391 infirmitatis
3420 2341 3515 2392 atl-

1945 2417 2163 2478 scribit,
2197 2417 2483 2472 divinitatis
2512 2420 2841 2487 majestatem
2872 2437 2976 2475 non
3011 2424 3161 2477 Imsit.
3196 2425 3302 2479 Cur
3325 2430 3508 2482 crimi-

1945 2506 2088 2559 naris
2116 2521 2231 2573 qua:
2270 2521 2374 2559 non
2401 2507 2563 2559 dico?
2600 2523 2696 2562 cur
2732 2510 3066 2564 calunmiaris
3095 2529 3211 2581 qum
3238 2530 3345 2568 non
3372 2532 3507 2583 prav-

1944 2595 2108 2650 dico?
2149 2597 2321 2650 Alium
2356 2598 2567 2651 modum
2595 2599 2701 2651 dixi
2726 2616 2741 2662 ;
2786 2615 2889 2652 non
2917 2606 3101 2654 mortis
3121 2645 3136 2667 ,
3168 2605 3261 2658 sed
3290 2620 3508 2660 (Econo-

1946 2687 2086 2741 mize.
2109 2686 2289 2755 Neque
2310 2689 2449 2741 enim
2472 2688 2666 2741 dictum
2691 2698 2789 2753 est,
2811 2689 2863 2743 Si
2888 2692 3135 2757 possibile
3158 2703 3257 2756 est,
3276 2704 3511 2750 mutetur

1943 2777 2077 2830 calix
2126 2778 2245 2830 iste.
2296 2777 2481 2830 Carnis
2527 2787 2608 2831 est
2653 2779 2962 2845 infirmitas,
3012 2781 3386 2838 incarnationis
3428 2796 3509 2840 est

1944 2864 2140 2933 passio.
2170 2864 2375 2918 Profert
2404 2865 2724 2919 infirmitatis
2752 2866 2941 2931 verba,
2975 2879 3031 2921 ut
3053 2872 3298 2925 ostendat
3322 2888 3384 2926 se
3413 2874 3511 2928 hac

1946 2956 2182 3010 indutum
2214 2970 2333 3011 esse
2380 2966 2564 3010 natura
2585 2999 2599 3021 ,
2631 2974 2748 3026 qua:
2778 2968 2999 3012 mortem
3048 2960 3311 3016 formidat.
3346 2964 3415 3019 Ut
3443 2982 3509 3019 ne

1946 3057 2122 3100 autem
2167 3061 2375 3099 rursum
2418 3047 2635 3101 dictioni
2684 3048 2918 3115 servias,
2951 3065 3014 3104 ex
3056 3051 3342 3107 abundanti
3384 3054 3507 3108 illud

1945 3153 2154 3209 quoque
2200 3138 2390 3192 adduxi
2437 3161 2449 3194 :
2490 3156 2609 3208 qua:
2651 3151 2732 3196 est
2774 3142 2947 3209 ratio,
2988 3146 3254 3211 apostolos
3301 3146 3509 3202 fortiter

1946 3239 2166 3283 mortem
2197 3232 2509 3285 conculcare
2529 3272 2542 3297 ,
2574 3232 2931 3301 apostolorum
2973 3250 3098 3288 vero
3132 3236 3408 3291 Dominum
3441 3240 3510 3291 ti-

1944 3319 2139 3373 muisse
2165 3327 2218 3373 et
2246 3319 2515 3373 horruisse
2556 3322 2738 3373 mortis
2782 3322 3096 3375 accessum?
3142 3325 3262 3379 llme
3289 3336 3340 3379 et
3373 3343 3529 3381 nunc

1944 3408 2147 3468 dicam,
2179 3409 2387 3463 fratres.
2428 3412 2619 3463 Paulus
2648 3427 2751 3465 non
2777 3414 2947 3465 solum
2979 3414 3201 3482 alligari,
3232 3416 3323 3469 sed
3351 3417 3510 3470 etiam

1947 3499 2079 3551 mori
2112 3507 2327 3566 propter
2355 3514 2544 3553 nomen
2572 3500 2766 3554 Christi
2799 3512 3034 3569 paratum
3062 3519 3117 3557 se
3148 3516 3362 3560 strenue
3391 3524 3512 3575 pro-

1948 3591 2185 3650 nuntiat,
2221 3590 2367 3643 Pauli
2396 3606 2523 3644 vero
2549 3591 2802 3647 Dominus
2841 3594 2973 3646 mori
3005 3605 3211 3648 recusat
3244 3597 3387 3665 (Act.
3418 3598 3508 3652 21.

1948 3679 2016 3732 i5
2037 3677 2101 3748 )?
2134 3679 2198 3732 Et
2230 3680 2371 3733 Pauli
2403 3680 2613 3749 quidem
2643 3696 2736 3734 cor
2781 3697 2886 3735 non
2932 3694 3150 3747 mmret,
3182 3687 3355 3739 anima
3386 3704 3512 3743 vero

1946 3767 2144 3821 Christi
2177 3769 2454 3823 turbatur?
2485 3770 2615 3824 Nam
2647 3773 2718 3824 ait
2749 3789 2760 3824 :
2791 3771 2942 3824 Nunc
2969 3775 3140 3826 anima
3170 3792 3276 3829 mea
3315 3777 3513 3829 turbata

1946 3871 2015 3913 est
2037 3860 2211 3928 (Joau.
2238 3861 2323 3913 12.
2347 3862 2461 3931 27).
2497 3861 2619 3915 Ilzrc
2645 3863 2817 3914 omnia
2843 3864 2989 3916 vobis
3018 3865 3238 3918 testibus
3265 3866 3510 3932 loquutus

1948 3967 2083 4004 sum.
2116 3952 2308 4005 Verum
2342 3953 2423 4006 liis
2458 3968 2561 4006 non
2592 3954 2972 4022 olitcmperas?
3002 3955 3093 4008 sed
3121 3956 3270 4022 illud,
3303 3958 3363 4010 Si
3391 3974 3511 4025 pos-

1946 4041 2087 4093 sibile
2111 4051 2201 4103 est,
2244 4041 2416 4095 adhuc
2458 4042 2775 4095 offendicnlo
2812 4052 2892 4096 est
2934 4045 3066 4096 tibi?
3111 4044 3249 4098 Sane
3274 4047 3509 4114 quidem,

1946 4132 2037 4184 ait.
2066 4132 2496 4201 Congrediamnr,
2517 4132 2725 4197 fratres,
2744 4149 2861 4187 cum
2882 4137 3231 4200 contentioso,
3251 4138 3513 4205 simulque

1948 4222 2175 4275 nitamur
2214 4223 2262 4275 vi
2309 4224 2547 4275 veritatis
2591 4223 2711 4275 illos
2754 4224 2957 4291 erigere
2998 4226 3085 4293 qui
3132 4227 3513 4281 incredulitatis

1950 4311 2251 4365 infirmitate
2294 4312 2423 4380 lapsi
2466 4321 2607 4365 sunt.
2638 4312 2692 4365 Si
2724 4322 3039 4380 potestatem
3068 4314 3335 4369 habuisset
3363 4316 3517 4370 Chri-

1948 4412 2060 4455 stus
2082 4442 2096 4465 ,
2130 4417 2237 4455 non
2273 4403 2526 4467 dixisset,
2559 4401 2618 4456 Si
2648 4403 2881 4471 possibile
2906 4413 3012 4469 est,
3045 4414 3279 4458 transeat.
3309 4407 3513 4461 Accusa

1949 4504 2075 4558 ergo
2102 4490 2259 4543 etiam
2287 4490 2474 4554 Deum,
2504 4493 2592 4559 qui
2620 4492 2670 4544 in
2700 4492 2815 4560 lege
2842 4493 2905 4545 iis
2924 4494 3099 4548 verbis
3121 4510 3245 4547 usus
3267 4506 3368 4561 est,
3397 4514 3515 4564 qua:

1948 4582 2014 4634 ab
2039 4580 2151 4648 ejus
2175 4588 2436 4649 potestate
2464 4581 2617 4649 longe
2639 4580 2854 4634 distent.
2885 4583 2971 4635 Ait
2996 4583 3135 4636 enim
3162 4583 3326 4653 Moysi
3353 4585 3513 4650 Deus,

1948 4685 2065 4724 cum
2114 4672 2419 4739 loqueretur
2466 4670 2516 4723 in
2550 4680 2731 4724 monte
2776 4670 2899 4725 Sina
2927 4711 2941 4734 ,
2989 4688 3082 4740 per
3110 4688 3357 4742 magnum
3387 4675 3514 4729 illud

1950 4760 2288 4829 terribileque
2308 4768 2570 4812 ostentum
2600 4777 2612 4811 :
2642 4776 2760 4812 cum
2789 4762 2961 4814 omnis
2991 4768 3240 4816 tremeret
3269 4765 3513 4833 populus,

1948 4849 2165 4903 audiens
2194 4863 2376 4902 vocem
2408 4849 2497 4902 Dei
2527 4850 2752 4901 viventis
2780 4868 2792 4900 :
2822 4852 2910 4918 qui
2937 4852 3170 4904 omnium
3197 4862 3513 4920 potestatem

1950 4939 2139 5001 habet,
2172 4947 2224 4990 et
2251 4939 2427 4992 omnia
2469 4938 2714 4991 omnibus
2740 4937 3042 5007 dispensat,
3075 4940 3142 4993 ait
3185 4942 3349 5011 Moysi
3380 4943 3517 4997 Deus

1947 5030 2181 5081 omnium
2213 5028 2428 5095 largitor
2460 5044 2473 5079 :
2516 5026 2638 5091 Quis
2667 5027 2803 5079 dabit
2824 5044 2931 5081 esse
2956 5045 3042 5082 car
3067 5046 3236 5082 eorum
3264 5032 3314 5082 in
3342 5032 3431 5096 eis,
3462 5043 3517 5083 ut

1950 5118 2155 5169 timeant
2195 5132 2276 5167 me
2295 5156 2309 5180 ,
2341 5126 2386 5168 et
2416 5117 2696 5168 custodiant
2724 5118 2950 5171 omnibus
2989 5119 3163 5172 diebus
3182 5160 3195 5184 ,
3226 5132 3278 5173 ut
3310 5121 3427 5174 bene
3454 5124 3517 5173 sit

1948 5207 2035 5269 eis,
2062 5217 2107 5258 et
2140 5206 2259 5273 ﬁliis
2288 5220 2456 5255 eorum
2487 5204 2658 5273 (Deut.
2685 5207 2737 5259 5.
2764 5205 2901 5275 29)?
2933 5207 3062 5260 Dicit
3091 5209 3249 5273 Deus,
3282 5211 3405 5276 Quis
3426 5213 3519 5264 da-

1949 5297 2014 5348 bit
2043 5296 2229 5365 populo
2258 5295 2372 5347 huic
2399 5296 2529 5348 cor?
2560 5296 2626 5349 Et
2654 5296 2792 5363 quis,
2820 5296 3073 5362 Domine,
3103 5308 3155 5352 te
3187 5300 3428 5363 validior,
3464 5310 3519 5354 ut

1945 5386 2074 5441 det?
2105 5400 2281 5440 nonne
2309 5395 2360 5437 tu
2390 5400 2451 5440 es
2487 5387 2575 5454 qui
2617 5396 2803 5440 cuncta
2834 5386 2949 5451 das,
2984 5392 3277 5455 praesertim
3304 5408 3421 5458 qua:
3451 5393 3517 5445 ad

1947 5479 2193 5543 pietatem
2241 5476 2525 5542 spectant?
2572 5475 2680 5529 Nisi
2732 5486 2784 5528 tu
2828 5492 2884 5529 es
2914 5478 3001 5545 qui
3049 5496 3142 5532 cor
3186 5481 3380 5534 bonum
3424 5483 3519 5534 das

1945 5564 2284 5633 diligentibus
2326 5572 2376 5617 te
2397 5604 2411 5627 ,
2441 5564 2539 5617 nisi
2572 5574 2625 5618 tu
2656 5579 2713 5618 es
2751 5566 2838 5635 qni
2884 5568 3093 5637 largiris
3116 5612 3131 5633 ,
3162 5586 3328 5639 quare
3358 5572 3520 5626 David

1948 5652 2049 5705 hoc
2078 5666 2104 5703 a
2148 5662 2197 5704 te
2225 5652 2391 5720 petit,
2425 5653 2521 5705 Cor
2562 5655 2800 5707 mundum
2832 5673 2945 5710 crea
2984 5664 3034 5712 in
3065 5676 3157 5721 me,
3174 5661 3304 5714 Deus
3332 5661 3516 5732 (Psal.

1948 5743 2031 5798 50.
2062 5742 2202 5811 12)?
2231 5741 2332 5799 Car
2359 5745 2609 5802 mundum
2641 5764 2668 5800 a
2699 5758 2746 5802 te
2778 5752 3041 5818 postulant
3071 5755 3365 5826 proplietar,
3390 5758 3519 5812 alia.
