4102 6472
606 363 718 417 427

613 469 717 521 que
746 454 879 505 bona
908 465 1148 517 munera,
1175 460 1334 520 alque
1363 450 1537 503 cordis
1567 449 1846 518 puritatem
1873 466 1885 502 :
1918 458 1972 502 et
2002 448 2187 501 huma-

618 558 681 596 aa
711 551 863 597 utens
891 556 1021 595 voce
1056 539 1210 604 dicis,
1256 540 1378 608 Quis
1421 539 1557 593 dabit
1587 539 1773 607 populo
1803 539 1917 593 huic
1956 537 2082 593 cor?
2117 537 2183 590 Et

612 632 732 698 quis
781 632 899 700 plus
944 632 1037 685 dat
1084 646 1240 699 quam
1287 631 1386 683 tu?
1420 628 1788 684 Verumtamen
1822 629 1943 681 licet
1988 636 2041 679 tu
2073 641 2181 694 prae

613 721 849 774 bonitate
887 720 965 774 sic
1005 720 1251 789 loquutus
1280 720 1353 773 sis
1372 756 1387 780 ,
1420 727 1474 770 at
1511 718 1699 772 beatus
1722 718 1929 786 Moyses
1952 731 2060 769 non
2088 714 2182 767 ad-

611 808 764 863 haesit
802 808 1035 863 sermoni
1065 818 1154 861 tuo
1173 850 1187 872 ,
1216 807 1312 861 sed
1341 806 1624 875 publicavit
1652 806 1981 872 majestatem
2012 814 2178 866 tuam,

610 900 843 953 ostendit
872 900 1277 962 auctoritatem,
1311 898 1557 965 patefecit
1586 898 1896 966 potentiam.
1927 897 2063 950 Dicit
2090 908 2181 962 p0-

608 991 735 1059 pul)
770 991 823 1043 in
853 989 1260 1044 Deuteronomio
1290 988 1476 1042 :Dedit
1505 988 1637 1042 vobis
1663 987 1909 1042 Dominus
1936 987 2073 1042 Deus
2097 1005 2182 1042 cor

618 1081 687 1131 ad
715 1080 990 1144 sciendum,
1017 1088 1063 1132 et
1088 1079 1259 1132 oculos
1281 1078 1349 1133 ad
1384 1078 1649 1129 uidendum
1668 1118 1683 1142 ,
1711 1088 1758 1130 et
1798 1094 1945 1131 aures
1982 1078 2050 1130 ad
2089 1094 2181 1130 au-

608 1169 844 1221 diendum
870 1184 1023 1237 usque
1050 1169 1103 1221 in
1126 1168 1258 1219 diem
1286 1171 1417 1219 hanc
1447 1165 1629 1237 (Dent.
1658 1166 1746 1220 29.
1773 1167 1806 1221 4
1824 1168 1865 1235 ).

680 1258 734 1310 8.
779 1256 937 1310 Vides
963 1256 1110 1310 illum
1141 1256 1268 1310 dare
1293 1270 1386 1309 cor
1406 1295 1419 1318 ,
1459 1257 1640 1310 oculos
1658 1295 1672 1318 ,
1705 1269 1859 1307 aures
1886 1263 1940 1307 et
1964 1253 2179 1306 omnia?

609 1347 710 1415 Qui
738 1362 865 1414 ergo
894 1349 937 1401 is
963 1347 1051 1414 qui
1077 1346 1253 1399 omnia
1295 1345 1385 1398 dat
1411 1346 1649 1408 dicebat,
1680 1344 1803 1409 Quis
1827 1343 1962 1395 dabit
1993 1344 2179 1411 populo

608 1438 723 1491 huic
765 1454 851 1491 cor
891 1437 1033 1490 tale?
1061 1452 1166 1505 quo
1194 1444 1347 1504 pacto
1387 1448 1587 1495 rursus,
1622 1433 1720 1486 nisi
1751 1434 1863 1501 ipse
1888 1447 1981 1487 cor
2004 1434 2176 1497 daret,

608 1532 808 1585 diceret
842 1543 934 1597 per
957 1526 1290 1581 Ezechielem
1326 1542 1339 1578 :
1375 1523 1441 1578 Et
1470 1524 1727 1578 extraham
1754 1540 1817 1576 ex
1840 1524 1909 1575 eis
1937 1539 2022 1575 cor
2048 1523 2179 1590 lapi-

610 1622 778 1683 deum,
808 1629 854 1672 et
884 1619 1013 1669 dabo
1037 1616 1109 1669 eis
1132 1630 1219 1668 cor
1240 1630 1495 1678 corneum,
1523 1622 1568 1664 et
1593 1613 1807 1665 scribam
1836 1612 1992 1681 legem
2017 1628 2177 1663 nteam

609 1713 661 1764 in
692 1710 927 1763 cordibus
956 1724 1127 1761 eorum
1158 1705 1367 1779 (Ezech.
1395 1706 1481 1759 11.
1505 1703 1599 1769 19;
1623 1703 1735 1756 Jer.
1761 1704 1848 1758 51.
1873 1704 2002 1770 '55)?
2031 1702 2179 1755 Sicut

608 1816 739 1871 ergo
761 1802 865 1855 illic
892 1802 1006 1867 ipse
1032 1800 1191 1861 Deus,
1213 1798 1302 1867 qui
1323 1796 1453 1851 dare
1476 1804 1649 1864 potest
1673 1810 1767 1849 cor
1788 1795 2005 1858 bonum,
2028 1794 2174 1858 dicit,

610 1891 737 1956 Quis
760 1890 941 1942 dabit?
968 1890 1038 1943 ita
1057 1897 1111 1943 et
1128 1887 1436 1957 Unigenitus
1458 1886 1649 1948 Patris,
1676 1887 1764 1954 qui
1795 1893 2054 1954 potestate
2079 1899 2175 1937 sua

608 1981 782 2049 replet
825 1980 1008 2032 orbem
1056 1987 1354 2041 terrarum,
1401 1975 1631 2044 dicitque
1677 1990 1795 2028 cum
1824 1976 2173 2028 auctoritate:

607 2070 915 2125 Potestatem
944 2070 1099 2121 habeo
1130 2068 1347 2137 ponendi
1371 2068 1591 2120 animam
1612 2082 1794 2130 nteant,
1818 2075 1863 2118 et
1888 2075 2177 2135 potestatem

608 2164 763 2216 habeo
789 2162 1013 2216 sumendi
1030 2159 1330 2229 eam(.loan.
1361 2158 1449 2212 10.
1474 2158 1565 2227 18)
1597 2173 1611 2217 ;
1644 2156 1816 2211 adhuc
1836 2156 2099 2224 responde
2123 2164 2177 2209 et

609 2269 676 2307 ex
709 2255 934 2306 humana
966 2253 1133 2303 forma
1162 2259 1215 2303 et
1240 2249 1445 2303 ratione
1469 2247 1698 2302 carnalis
1728 2247 2065 2309 inﬁrmitatis,
2094 2246 2175 2299 his

608 2344 786 2396 verbis
821 2358 833 2393 :
867 2342 928 2397 Si
957 2341 1189 2409 possibile
1213 2349 1285 2393 est
1306 2378 1322 2405 ,
1361 2346 1575 2391 transeat
1604 2354 1635 2388 a
1661 2353 1737 2389 me
1777 2337 1909 2389 calix
1943 2334 2172 2406 (Matth.

610 2433 701 2486 9.6.
732 2432 797 2485 59
824 2433 862 2500 ).
894 2431 971 2484 Ne
998 2432 1154 2499 igitur
1196 2428 1589 2482 calumniemiui
1619 2427 1758 2478 circa
1801 2440 1862 2478 ea
1891 2440 2008 2492 quae
2037 2424 2175 2477 dicta

612 2540 720 2578 non
752 2525 993 2583 fuerunt,
1035 2519 1127 2572 sed
1156 2518 1408 2571 inhaerete
1436 2519 1498 2569 iis
1518 2555 1533 2577 ,
1564 2530 1678 2583 quae
1708 2514 1986 2582 prindicata
2012 2522 2133 2565 sunt
2159 2531 2174 2566 :

609 2630 677 2668 ne
697 2610 1051 2668 criminemini
1072 2610 1389 2673 doctrinam,
1412 2609 1499 2676 qui
1522 2621 1734 2661 sensum
1757 2620 1861 2660 non
1884 2605 2172 2674 percipitis.

610 2706 734 2758 Scio
771 2703 909 2756 unde
954 2702 1006 2755 in
1047 2701 1363 2755 calumniam
1408 2711 1719 2767 prorumpas
1748 2714 1760 2750 :
1788 2696 1898 2750 scio
1926 2694 2063 2749 unde
2100 2695 2177 2747 sic

609 2796 828 2848 allectus
855 2793 952 2849 sis.
995 2792 1265 2846 Humauus
1299 2798 1382 2844 est
1409 2788 1660 2851 allectus,
1694 2786 1902 2840 invidia:
1936 2785 2173 2841 morbus.

609 2884 740 2940 Nam
784 2892 841 2938 ut
882 2884 1066 2937 oculus
1104 2882 1147 2934 si
1194 2894 1355 2949 purus
1398 2879 1485 2941 sit,
1531 2886 1717 2931 cuncta
1759 2887 1902 2930 recte
1931 2875 2073 2929 videt
2113 2889 2176 2929 ac

609 2976 905 3038 discernit;
953 2975 1033 3027 sin
1083 2973 1256 3027 fumus
1300 2971 1588 3035 invaserit,
1636 2979 1689 3023 et
1734 2966 2175 3037 pulchritudinem

611 3065 757 3118 visus
796 3063 1157 3126 labefactarit,
1188 3070 1277 3113 aut
1320 3061 1363 3115 si
1410 3058 1576 3127 pulvis
1621 3056 1899 3121 inciderit,
1934 3054 2176 3111 obtundit

608 3156 779 3209 visum
804 3171 818 3218 ;
867 3169 1037 3221 neque
1067 3161 1209 3206 recte
1239 3150 1381 3204 videt
1409 3158 1468 3204 ut
1504 3157 1627 3201 ante
1659 3166 1672 3201 :
1705 3147 1775 3199 ita
1802 3160 1941 3199 nunc
1967 3159 2177 3214 quoque

609 3245 880 3299 auditores
905 3243 1121 3312 singuli,
1150 3242 1323 3295 donec
1350 3255 1539 3309 purum
1571 3239 1769 3292 habent
1794 3236 1913 3290 ﬁdei
1943 3235 2172 3299 oculum,

609 3350 796 3406 puram
824 3335 1064 3388 caritatis
1092 3332 1414 3402 palpebram,
1449 3339 1592 3384 recte
1619 3342 1853 3397 pureque
1880 3326 2059 3380 vident
2082 3343 2097 3390 ;
2124 3336 2177 3379 at

612 3428 656 3482 si
688 3428 860 3480 fumus
888 3424 1231 3493 blasphemia:
1256 3422 1394 3475 dicta
1422 3421 1688 3483 invaserit,
1716 3428 1807 3472 aut
1834 3417 2041 3471 invidia:
2064 3417 2178 3485 pul-

609 3520 688 3570 vis
712 3518 944 3569 animum
975 3514 1214 3573 subierit,
1251 3512 1428 3565 turbat
1454 3511 1722 3573 intuitum,
1756 3509 2051 3575 mentisque
2080 3523 2176 3573 pu-

609 3611 820 3664 ritatem
849 3607 982 3659 tollit
1008 3623 1026 3669 ;
1055 3619 1117 3657 ac
1150 3618 1269 3671 quae
1300 3617 1403 3655 non
1433 3602 1663 3664 audivit,
1706 3600 1969 3653 audivisse
2010 3606 2174 3665 putat,

610 3712 832 3769 qumque
873 3695 1105 3757 audivit,
1153 3708 1260 3747 non
1305 3691 1469 3759 probe
1518 3690 1796 3744 intellexit.
1844 3688 2179 3755 QuaprOpter

612 3804 731 3844 eum
762 3787 1077 3855 praevideret
1119 3784 1293 3837 divina
1332 3780 1603 3847 Scriptura
1639 3778 1954 3831 offendicula
1994 3792 2177 3830 eorum

611 3878 701 3947 qui
727 3877 778 3929 iu
818 3876 983 3929 sacris
1014 3873 1179 3927 literis
1204 3870 1520 3938 cogitatione
1543 3869 1836 3922 oberraturi
1863 3875 2036 3929 erant,
2065 3866 2181 3934 qui-

614 3967 735 4020 dam
779 3981 842 4019 ex
883 3962 1158 4032 pmplietis
1195 3959 1439 4013 clamavit
1476 3967 1595 4027 post
1633 3959 1900 4025 impletam
1943 3956 2179 4009 divinam

616 4056 1045 4124 przedieatlonem
1078 4068 1092 4103 :
1125 4050 1250 4115 Quis
1280 4050 1497 4117 sapiens,
1526 4058 1570 4101 et
1597 4047 1836 4117 intelliget
1863 4048 1967 4100 haec
1989 4047 2013 4099 7
2036 4055 2082 4099 et
2108 4046 2181 4098 vir

615 4145 832 4214 prudens
856 4183 871 4204 ,
914 4152 960 4194 et
1005 4149 1262 4209 cognoscet
1293 4145 1398 4189 hac
1419 4140 1444 4190 ν
1488 4136 1621 4199 Quia
1650 4145 1797 4188 recta:
1835 4137 1927 4189 uite
1952 4134 2179 4199 Domini,

614 4234 735 4304 iusti
761 4231 1085 4283 ambulabunt
1113 4229 1163 4280 in
1190 4225 1426 4295 eis(0see
1464 4226 1549 4279 14.
1580 4226 1690 4291 10).
1724 4225 1798 4277 Ne
1829 4226 2004 4292 itaque
2025 4265 2039 4284 ,
2072 4222 2181 4276 fra-

615 4333 726 4383 ter,
770 4320 927 4374 verba
973 4327 1253 4371 convertas
1296 4316 1346 4368 in
1392 4313 1723 4368 oll‘endicula.
1774 4312 1955 4366 Nudus
1984 4325 2180 4374 sermo,

616 4411 753 4466 nuda
785 4410 999 4462 veritas.
1032 4406 1144 4460 Non
1174 4419 1307 4459 unus
1329 4444 1344 4470 ,
1378 4418 1480 4455 non
1510 4402 1615 4455 duo
1635 4442 1648 4465 ,
1682 4415 1783 4454 non
1819 4400 2001 4454 decem
2023 4440 2036 4463 ,
2079 4413 2182 4452 non

616 4511 827 4557 centum
859 4500 1137 4551 audierunt
1165 4538 1179 4559 ,
1211 4494 1489 4549 multitudo
1518 4500 1599 4545 est
1639 4493 1892 4545 immensa
1936 4498 1990 4543 et
2032 4488 2184 4541 inuu-

618 4607 784 4645 mera.
837 4590 1058 4656 Pelagus
1102 4586 1308 4653 pietatis
1351 4594 1431 4637 est
1475 4582 1748 4644 Ecclesia,
1796 4596 1898 4633 non
1943 4579 2185 4632 ﬂuctibus

615 4685 888 4753 agitatum,
936 4680 1028 4734 sed
1075 4678 1177 4731 ﬁde
1224 4677 1456 4745 plenum.
1503 4672 1655 4741 Apud
1698 4687 1795 4725 nos
1838 4686 1940 4724 non
1988 4670 2184 4737 patitur

618 4773 945 4838 naufragium
985 4766 1180 4836 scapha
1210 4765 1495 4826 doctrinae,
1526 4778 1627 4813 non
1671 4761 1902 4829 pellitur,
1937 4774 2038 4812 non
2073 4767 2184 4810 tur-

619 4868 771 4924 batur
800 4906 811 4928 ,
845 4876 949 4917 non
979 4856 1381 4925 tempestatibus
1423 4852 1681 4923 agitatur;
1727 4850 1820 4903 sed
1858 4859 1911 4901 ut
1952 4847 2015 4901 ad
2045 4856 2186 4901 tran-

2119 330 2390 398 INCERTI

3755 368 3868 422 428

2296 456 2515 523 quillum
2544 469 2749 528 portum
2775 460 2826 515 in
2854 461 3055 516 animas
3078 461 3400 532 diligentium
3424 463 3592 518 Deum
3619 466 3852 534 appellit.

2289 544 2463 612 Atque
2518 546 2628 601 lizec
2680 548 2953 603 hactenus.
3008 551 3267 605 Caeterum
3334 552 3462 605 illud
3516 554 3858 609 considerare

2287 643 2514 702 oportet,
2541 647 2752 692 sanctos
2781 640 2871 694 Dei
2906 641 2959 693 in
2986 641 3277 695 calumnias
3307 642 3560 697 incidere.
3592 643 3728 709 Quid
3758 647 3856 698 mi-

2287 738 2402 776 rum
2430 725 2473 777 si
2512 741 2612 779 nos
2643 727 2776 780 viles
2796 768 2809 791 ,
2857 728 3102 793 humiles,
3146 732 3233 797 qui
3261 730 3389 785 nihil
3417 746 3602 785 sumus
3625 774 3642 797 ,
3684 742 3741 787 ut
3781 735 3854 788 ita

2285 810 2479 876 dicam,
2511 815 2785 869 calumniis
2817 818 3161 885 impetimur?
3205 821 3393 873 Annon
3417 822 3608 874 audisti
3644 822 3855 878 Davidis

2286 901 2465 965 verba,
2494 902 2647 971 Eripe
2673 921 2751 957 me
2776 922 2805 957 a
2829 906 3095 960 calumniis
3125 908 3379 961 hominum
3409 908 3484 981 (α)
3516 908 3699 981 (Ρωι.
3725 912 3847 967 118.

2290 990 2390 1045 134
2422 991 2485 1057 )?
2513 993 2835 1047 Calumniam
2882 996 3020 1064 passi
3062 1006 3185 1050 sunt
3210 998 3366 1051 etiam
3407 1001 3573 1054 sancti
3600 1000 3853 1055 Servato-

2285 1080 2360 1133 ris
2389 1082 2644 1147 apostoli,
2690 1094 2747 1136 ut
2787 1086 2860 1137 ait
2900 1094 2956 1139 et
2998 1085 3182 1139 beatus
3211 1087 3403 1141 Paulus
3442 1105 3457 1144 :
3498 1089 3564 1142 Et
3598 1107 3697 1143 non
3721 1092 3850 1144 sicut

2284 1166 2708 1235 blaspltemamur,
2736 1182 2782 1225 et
2804 1174 2931 1225 sicut
2958 1174 3099 1226 aiunt
3125 1176 3327 1243 quidam
3354 1192 3443 1228 nos
3472 1177 3653 1241 dicere,
3680 1179 3847 1247 facia-

2283 1272 2393 1308 mus
2423 1257 2577 1321 mala,
2606 1268 2657 1311 ut
2686 1262 2883 1313 veniant
2911 1262 3039 1314 bona
3066 1262 3251 1328 (Rom.
3280 1264 3332 1318 3.
3356 1264 3449 1332 8).
3477 1265 3593 1318 Non
3622 1282 3842 1331 nucleo,

2283 1358 2401 1396 eum
2451 1346 2645 1399 sanctis
2693 1348 2953 1401 calumnia
3002 1351 3259 1416 affectus;
3309 1353 3407 1406 etsi
3454 1352 3698 1422 indignus
3744 1358 3845 1410 sim

2282 1442 2583 1488 sanctorum
2606 1439 2897 1491 consortio.
2920 1438 3132 1494 .lndices
3154 1454 3247 1494 vos
3269 1456 3458 1497 omnes
3479 1444 3667 1507 habeo,
3689 1452 3851 1513 atque

2281 1534 2406 1579 ante
2428 1540 2520 1579 vos
2546 1540 2730 1582 omnes
2754 1542 3088 1583 communem
3114 1531 3325 1587 Patrem
3347 1542 3606 1595 nostrum,
3630 1535 3716 1601 qui
3740 1549 3846 1590 non

2282 1629 2347 1667 ex
2379 1615 2714 1682 prazjudicata
2742 1618 3010 1685 opinione,
3044 1618 3137 1673 sed
3164 1635 3222 1673 re
3247 1622 3455 1689 cognita
3485 1622 3704 1690 judicat.
3734 1622 3845 1675 No-

2281 1704 2353 1756 vit
2377 1706 2725 1772 cogitationes
2754 1719 2961 1761 nostras
2980 1749 2995 1773 ,
3028 1710 3300 1778 cognoscit
3321 1720 3374 1764 et
3402 1713 3583 1776 verba,
3612 1712 3750 1778 quod
3777 1714 3846 1768 ab

2280 1793 2395 1861 ipso
2426 1796 2536 1848 haec
2578 1796 2748 1851 edocti
2798 1798 3072 1853 fuerimus.
3122 1801 3456 1856 Postulamus
3485 1818 3513 1855 a
3544 1804 3691 1857 vobis
3717 1819 3846 1857 num

2280 1884 2684 1951 reprehenderit
2712 1887 2849 1943 dicta
2871 1930 2887 1955 ,
2932 1904 3098 1958 eaque
3126 1892 3416 1946 correxerit
3452 1909 3466 1945 :
3502 1908 3680 1947 verum
3712 1894 3844 1948 nihil

2279 1977 2575 2045 suspicatus
2602 1987 2702 2033 est.
2734 1978 2891 2034 Certe
2931 1981 2975 2033 si
3018 1981 3387 2046 emendasset,
3421 1998 3523 2036 non
3554 1983 3680 2038 odio
3702 2024 3718 2049 ,
3749 1984 3843 2039 sed

2278 2070 2500 2124 caritate
2528 2080 2701 2126 motus
2731 2072 2780 2125 id
2811 2072 3045 2128 fecisset.
3087 2074 3253 2140 Quem
3294 2075 3434 2129 enim
3478 2075 3644 2143 diligit
3672 2084 3841 2143 pater,

2278 2162 2449 2229 arguit
2473 2178 2486 2225 ;
2519 2178 2673 2232 quem
2705 2178 2831 2217 vero
2860 2178 2963 2217 non
2991 2165 3238 2231 corrigit,
3265 2173 3533 2218 aversatur
3563 2164 3752 2235 (Prov.
3780 2168 3832 2220 5.

2281 2251 2392 2321 12).
2416 2251 2776 2308 Admirandus
2800 2263 2975 2306 autem
3005 2253 3091 2306 hie
3119 2262 3271 2321 pater
3296 2263 3348 2308 et
3372 2264 3515 2309 recte
3538 2255 3674 2308 dicta
3699 2271 3843 2309 com-

2279 2340 2498 2408 probat,
2541 2350 2596 2395 et
2623 2358 2834 2396 errores
2877 2342 3141 2396 emendat.
3175 2343 3287 2396 Hoc
3326 2345 3465 2396 enim
3513 2346 3676 2412 patris
3714 2359 3843 2413 pro-

2279 2433 2446 2500 prium
2475 2442 2576 2497 est,
2606 2444 2748 2487 recte
2768 2433 2904 2487 dicta
2932 2449 2993 2487 ac
3014 2449 3133 2487 cum
3165 2434 3265 2487 ﬁde
3294 2436 3574 2502 praedicata
3603 2436 3843 2490 laudibus

2278 2521 2567 2575 celebrare.
2601 2522 2804 2577 Sufﬁcit
2852 2537 2975 2590 ergo
3023 2524 3257 2575 omnium
3299 2524 3463 2575 instar
3502 2525 3618 2590 ejus
3656 2524 3845 2577 suffra-

2278 2610 2419 2677 gium
2450 2648 2465 2674 ,
2492 2619 2649 2678 atque
2676 2611 2727 2663 in
2757 2609 2942 2677 primis
2979 2609 3293 2663 sanctissimi
3320 2610 3432 2665 Dei.
3459 2609 3718 2663 Caeterum
3745 2612 3846 2679 pize

2281 2696 2647 2753 adhaereamus
2676 2699 2938 2767 religioni,
2967 2713 3240 2752 servemus
3271 2698 3424 2753 ﬁdem
3455 2699 3844 2753 intemeratam.

2279 2787 2492 2843 Credite
2520 2788 2770 2854 veritati,
2813 2802 2879 2842 ne
2907 2786 3252 2842 eontradicite
3287 2787 3513 2841 veritati.
3560 2787 3639 2841 Ne
3688 2788 3848 2841 ﬁdem

2278 2877 2543 2933 adulteres
2563 2919 2578 2943 ,
2610 2878 2839 2931 divinam
2865 2886 3103 2930 naturam
3135 2892 3203 2931 ne
3239 2875 3443 2930 curiose
3470 2876 3713 2944 explores
3731 2916 3747 2941 ,
3776 2890 3847 2929 ne

2278 2969 2588 3025 mortalibus
2629 2969 2919 3023 ratiociniis
2968 2969 3317 3022 immortalem
3351 2967 3655 3036 dignitatem
3684 2968 3849 3035 subji-

2278 3060 2406 3113 cias.
2438 3059 2737 3113 Periculosa
2763 3068 2844 3113 est
2865 3058 3319 3112 ratiocinationum
3342 3058 3457 3121 via;
3489 3067 3597 3110 tuta
3618 3067 3672 3111 et
3693 3056 3847 3111 firma

2279 3150 2621 3219 intelligentia
2676 3149 3021 3205 confessionis
3076 3149 3218 3203 ﬁdei.
3278 3149 3408 3203 Vera
3459 3150 3715 3217 sapientia
3762 3158 3850 3202 est

2279 3240 2432 3294 ﬁdes.
2464 3241 2598 3294 Audi
2641 3240 2764 3309 quid
2808 3238 2948 3293 dicat
2987 3239 3221 3293 divinum
3251 3238 3519 3291 oraculum
3552 3255 3565 3289 :
3595 3238 3729 3291 Nam
3756 3249 3849 3292 etst

2277 3331 2387 3395 quis
2417 3332 2508 3382 erit
2538 3334 2787 3398 perfectus
2815 3330 2943 3382 inter
2982 3329 3118 3396 filios
3158 3328 3446 3390 hominum,
3480 3326 3523 3379 si
3549 3326 3613 3379 cb
3638 3328 3727 3379 illo
3754 3326 3849 3377 ab.

2279 3421 2427 3490 fuerit
2457 3437 2516 3473 ea
2545 3436 2656 3488 qua:
2684 3436 2714 3471 a
2742 3429 2787 3471 te
2812 3429 2881 3473 est
2909 3420 3175 3487 sapientia,
3204 3419 3272 3469 ad
3300 3418 3510 3469 nihilum
3534 3419 3850 3485 reputabitur

2279 3510 2433 3578 (Sap.
2464 3510 2515 3563 9.
2542 3508 2619 3576 6).
2653 3508 2795 3577 Fuge
2821 3508 3160 3576 qumstiones,
3190 3521 3359 3574 neque
3378 3506 3535 3559 verba
3562 3505 3687 3559 ﬁdei
3714 3519 3852 3573 prte-

2280 3599 2439 3653 l‘eras.
2473 3599 2689 3652 Paulum
2727 3599 2860 3651 habe
2887 3598 3216 3664 magistrum,
3248 3596 3456 3649 Petrum
3485 3595 3579 3648 tibi
3606 3595 3852 3649 adscribe

2286 3698 2665 3757 prmceptorem
2703 3705 2714 3739 :
2753 3688 2961 3740 illorum
3001 3685 3159 3739 ﬁdem
3205 3693 3423 3737 sectare.
3457 3685 3593 3737 Audi
3636 3685 3849 3738 Petrum

2283 3778 2547 3831 dicentem
2582 3794 2593 3829 :
2624 3775 2703 3830 Tu
2730 3792 2779 3830 es
2804 3775 3053 3839 Christus,
3084 3774 3248 3827 Filius
3277 3773 3370 3827 Dei
3399 3774 3495 3826 vivi
3522 3773 3734 3843 (Matth.
3759 3775 3848 3828 16.

2282 3868 2314 3920 6
2335 3867 2373 3934 ).
2405 3866 2636 3933 Sequere
2665 3865 2881 3918 Paulum
2909 3872 3088 3932 aperte
3121 3862 3306 3916 Filium
3340 3862 3431 3916 Dei
3458 3862 3843 3924 celebrantem,

2284 3971 2344 4010 ac
2372 3956 2529 4010 modo
2555 3955 2767 4025 quidem
2808 3954 3069 4008 dicentem
3096 3970 3108 4006 :
3132 3952 3388 4023 Loquutus
3426 3962 3497 4006 est
3540 3952 3683 4006 nobis
3710 3952 3850 4007 Deus

2284 4049 2334 4100 in
2362 4046 2517 4110 Filio,
2549 4063 2636 4115 per
2659 4062 2802 4114 quem
2826 4046 2941 4115 fecit
2960 4054 3007 4098 et
3032 4048 3217 4098 swcula
3242 4060 3259 4096 :
3282 4046 3496 4111 quicum
3525 4044 3589 4097 sit
3615 4044 3855 4109 splendor

2284 4139 2460 4208 gloriw
2484 4178 2498 4201 ,
2528 4146 2575 4189 et
2614 4137 2779 4205 ﬁgura
2826 4136 3143 4197 substantias,
3174 4142 3471 4201 portansque
3512 4136 3684 4185 omnia
3711 4132 3858 4185 uerbo

2286 4228 2481 4282 virtutis
2510 4243 2615 4279 sua:
2643 4226 2837 4296 (Hebr.
2864 4228 2914 4279 1.
2937 4226 2991 4277 9..
3015 4224 3081 4291 5)
3108 4241 3119 4273 :
3150 4222 3306 4276 modo
3334 4223 3523 4275 iterum
3560 4224 3859 4292 praedican-

2287 4330 2392 4374 tem
2416 4360 2432 4386 ,
2465 4319 2552 4372 ubi
2593 4319 2659 4371 de
2695 4317 2891 4371 Judreis
2919 4318 3065 4385 agit:
3095 4316 3320 4381 Quorum
3360 4325 3526 4383 patres
3570 4316 3749 4378 nostri,
3791 4331 3862 4367 ea:

2287 4413 2462 4480 quibus
2506 4419 2578 4463 est
2623 4408 2852 4463 Christus
2897 4408 3167 4461 secundum
3196 4422 3430 4471 carnem,
3473 4406 3558 4474 qui
3597 4415 3669 4458 est
3709 4420 3863 4471 super

2289 4502 2455 4555 omnia
2499 4499 2633 4552 Deus
2676 4499 2954 4552 benedictus
2996 4498 3048 4549 in
3094 4496 3278 4549 sa'cula
3316 4494 3638 4548 sa‘culorum.
3677 4495 3837 4546 Amen

2291 4593 2461 4664 (Rom.
2492 4592 2539 4646 9.
2580 4588 2655 4657 5).

2355 4790 2425 4847 (a)
2448 4787 2517 4833 Ita
2542 4780 2897 4847 quoquebilus.
2916 4786 2981 4828 De
3003 4777 3208 4828 diversis
3230 4776 3451 4839 malignis
3475 4775 3869 4838 oogitatimibus.

2290 4841 2375 4912 cap
2386 4884 2396 4895 .
2410 4841 2596 4895 ultimo.
2622 4841 2824 4891 Cblcler.
