4094 6492
210 414 325 467 427

213 507 440 578 καρδίας
470 508 843 579 καθαρότηταο
892 512 984 565 καὶ
1026 512 1201 580 λέγεις
1235 509 1547 580 ἀνθρωπίνῃ
1579 526 1777 576 κεχρη-

213 589 375 654 μένος
420 592 609 658 φωνῇ,
650 592 742 656 Τίς
773 590 949 645 δώσει
985 590 1065 656 τῷ
1112 591 1238 656 ,1αῷ
1271 594 1455 652 τούτῳ
1495 588 1776 656 καρδίανῖ

211 667 325 719 Καὶ
348 668 429 731 τίς
455 672 483 721 6
510 670 689 723 πλεῖόν
720 688 809 724 σου
837 672 1009 733 διδούς
1033 690 1046 735 ;
1076 674 1221 743 Πλὴν
1252 674 1297 725 εί
1330 674 1422 724 καὶ
1448 673 1510 722 σὺ
1536 671 1609 732 ῶς
1642 671 1778 734 ἀγα-

210 746 304 810 θὸς
344 748 516 811 οὕτως
564 750 839 819 ἐφθέγξω,
872 753 984 805 ἀλλ’
1014 753 1042 803 6
1081 754 1347 823 μακάριος
1397 754 1633 819 Μωῦσῆς
1680 750 1777 801 οῦκ

207 829 546 899 ἡκολούθησέ
576 848 667 883 σου
689 836 755 902 τῇ
786 833 947 898 λέξει,
977 835 1337 907 ἀλλ’ὲκήρυξέ
1365 851 1456 887 σου
1477 834 1575 903 τὴν
1602 829 1774 896 ἀξίαν,

207 910 378 974 ἱδειξε
405 913 504 980 τὴν
538 913 842 978 αὐθεντίαν,
885 918 1147 985 ἐγνώρισέ
1178 935 1271 970 σου
1314 918 1410 988 τὴν
1438 914 1772 968 δυναστείαν.

209 994 370 1059 Λέγει
403 994 481 1064 τῷ
516 994 628 1064 λαῷ
669 997 726 1049 έν
754 997 831 1067 τῷ
872 1001 1269 1070 Δευτερονομίῳ
1302 1018 1315 1031 ·
1348 999 1606 1052 Ἔδωκεν
1637 997 1779 1064 ὑμῖν

207 1078 425 1143 Κύριος
457 1079 490 1130 6
533 1077 675 1143 Θεὸς
706 1080 957 1147 καρδίαν
1003 1082 1217 1135 ειδέναι
1238 1124 1252 1148 ,
1308 1082 1405 1135 καὶ
1434 1080 1778 1149 ὀφθαλμοὺς

201 1158 480 1220 βλέπειν,
509 1159 603 1211 καί
626 1155 745 1213 ὦτα
774 1162 1035 1228 ἀκούειν,
1052 1163 1160 1229 ἕως
1172 1164 1281 1231 τῆς
1294 1164 1331 1230 ἠ
1334 1163 1517 1232 μέρος
1538 1164 1772 1228 ταύτης.

277 1246 349 1308 η’.
398 1242 560 1310 Ὀρᾷς
597 1242 676 1295 ὅτι
707 1244 959 1312 καρδίαν,
1008 1248 1100 1299 καὶ
1136 1247 1477 1317 ὀφθαλμοὺς,
1507 1246 1600 1300 καὶ
1627 1241 1774 1308 ὦτα,

207 1321 301 1372 καὶ
334 1320 401 1373 τὰ
435 1324 609 1376 πάντα
642 1326 671 1376 6
718 1326 878 1388 αὐτὸς
908 1326 1127 1395 δίδωσι;
1168 1328 1290 1391 Πῶς
1318 1325 1411 1381 οὖν
1442 1329 1469 1379 6
1501 1328 1569 1381 τὰ
1601 1328 1777 1380 πάντα

203 1401 381 1464 διδοὺς
414 1404 602 1471 ἔλεγε,
656 1407 750 1471 Τίς
785 1406 962 1460 δώσει
1012 1408 1091 1473 τῷ
1123 1409 1249 1474 λαῷ
1296 1413 1482 1476 τούτῳ
1530 1410 1778 1476 καρδίαν

206 1487 526 1552 τοιαύτην;
560 1486 709 1561 [455]
742 1488 859 1551 πῶς
890 1488 946 1541 δὲ
972 1490 1154 1553 πάλιν,
1180 1495 1226 1544 εί
1259 1494 1331 1563 μὴ
1356 1494 1513 1555 αὐτὸς
1541 1488 1606 1561 ἦν
1632 1495 1657 1543 6
1694 1492 1775 1543 δι-

202 1565 327 1629 δοὺς
351 1567 597 1636 καρδίαν,
628 1568 778 1637 ἔλεγε
802 1570 887 1623 διά
916 1572 1007 1624 τοῦ
1047 1571 1304 1643 Ἰεξεκιήλ
1323 1592 1335 1605 ο
1364 1575 1471 1627 Καὶ
1490 1574 1776 1625 ἐκσπάσω

202 1648 271 1711 ἐξ
314 1648 513 1701 αὐτῶν
560 1649 674 1716 τὴν
719 1652 964 1719 καρδίαν
1010 1654 1123 1722 τὴν
1161 1658 1419 1723 λιθίνην,
1468 1657 1565 1709 καὶ
1607 1654 1777 1707 δώσω

203 1729 409 1796 αὐτοῖς
446 1731 693 1799 καρδίαν
738 1736 1053 1802 σαρκίνην,
1093 1737 1189 1790 καί
1224 1738 1429 1807 γράψω
1458 1738 1561 1791 τὸν
1592 1741 1777 1805 νόμον

196 1830 319 1881 μου
356 1814 423 1867 ἐν
450 1814 577 1880 ταῖς
606 1815 873 1884 καρδίαις
904 1818 1133 1882 αὑτῶν;
1161 1820 1370 1891 Ὥσπερ
1410 1817 1503 1873 οὖν
1541 1824 1655 1873 ἐκεῖ
1682 1821 1770 1872 αὑ-

203 1895 297 1958 τὸς
325 1898 353 1949 6
380 1897 531 1960 Θεὸς,
564 1900 591 1950 6
624 1897 921 1968 δυνάμενος
956 1899 1135 1953 δοῦναι
1172 1904 1394 1972 καρδίαν
1424 1902 1651 1973 ἀγαθὴν,
1694 1904 1778 1956 λέ-

202 1996 291 2044 γει
314 1994 328 2007 ’
372 1981 466 2044 Τίς
486 1980 665 2034 δώσει
688 1998 703 2047 ;
738 1981 908 2045 οὕτως
937 1984 1031 2035 καὶ
1052 1985 1079 2035 6
1100 1984 1401 2055 Μονογενὴς
1422 1984 1513 2037 τοῦ
1543 1985 1775 2055 Πατρὸς,

203 2064 267 2113 ὲν
299 2062 516 2131 ἐξουσία
547 2063 771 2133 πληρῶν
800 2064 898 2134 τήν
926 2066 1269 2136 οίκουμένην,
1298 2068 1391 2119 καὶ
1435 2068 1605 2135 λέγων
1638 2068 1777 2137 μετά

202 2141 511 2206 αὐθεντίας,
556 2144 877 2205 Ἐξουσίαν
900 2146 1018 2212 ἔχω
1043 2147 1229 2201 θεῖναι
1257 2149 1371 2216 τὴν
1400 2149 1611 2218 ψυχήν
1632 2168 1775 2218 μου,

203 2224 305 2277 καί
343 2225 631 2288 ἐξουσίαν
659 2228 777 2294 ἔχω
805 2228 1011 2281 λαϐεῖν
1037 2231 1251 2297 αὐτὴν,
1294 2234 1645 2301 ἀποκρίνεται
1682 2234 1779 2288 πά-

202 2309 286 2361 λιν
313 2308 391 2378 τῷ
434 2309 756 2379 ἀνθρωπίνῳ
790 2312 1058 2381 σχήματι,
1088 2314 1153 2365 ὲκ
1183 2314 1474 2382 προσώπου
1502 2316 1599 2384 τῆς
1639 2316 1778 2369 κατά

205 2390 387 2460 σάρκα
420 2390 701 2455 ἀσθενείας
740 2392 939 2459 λέγων’
976 2396 1042 2446 El
1091 2393 1389 2459 δυνατὸν,
1431 2396 1778 2463 παρελθάτω

202 2473 307 2525 ἀπ’
330 2472 475 2541 ἐμοῦ
512 2474 576 2526 τὸ
611 2473 915 2541 ποτήριον.
958 2475 1049 2545 Μὴ
1078 2476 1256 2529 τοίνυν
1302 2480 1683 2545 συκοφαντεῖτε
1708 2478 1777 2531 τά

206 2554 282 2623 μὴ
330 2554 625 2624 λεγόμενα,
670 2556 804 2609 ἀλλά
846 2562 1104 2628 στοιχεῖτε
1152 2562 1263 2623 τοῖς
1314 2562 1733 2629 κηρυττομένοις
1760 2578 1773 2592 ·

208 2637 281 2705 μὴ
308 2636 617 2689 διαϐάλλετε
641 2638 735 2707 τήν
764 2638 1127 2704 διδασκαλίαν,
1165 2642 1239 2711 μὴ
1270 2643 1779 2711 καταλαμϐάνοντες

211 2720 301 2789 τὴν
334 2720 553 2774 έννοιαν.
598 2717 728 2773 Οἶδα
761 2722 921 2774 πόθεν
962 2724 1041 2786 είς
1069 2724 1321 2795 διαϐολὴν
1356 2725 1733 2789 ὲξολισθαίνεις
1759 2744 1772 2757 ·

207 2797 319 2855 οἶδα
347 2802 516 2855 ταῦτα
561 2804 724 2856 πόθεν
768 2804 1016 2875 πάσχεις.
1066 2806 1427 2877 Ἀνθρώπινον
1475 2810 1535 2861 τὸ
1583 2810 1773 2872 πάθος,

207 2883 471 2952 βασκανία
514 2887 546 2953 ἡ
584 2886 760 2947 νόσος.
813 2888 1020 2957 ’Ὠσπερ
1053 2889 1161 2959 γὰρ
1208 2892 1236 2941 6
1268 2890 1575 2959 ὀφθαλμὸς,
1608 2892 1701 2942 ὲάν
1737 2887 1770 2961 ᾖ

206 2967 473 3036 καθαρὸς,
513 2968 685 3019 πάντα
722 2968 855 3036 ὀρθά
908 2969 1093 3037 βλέπει
1124 2973 1218 3023 καί¹
1251 2971 1549 3039 διακρίνει,
1585 2973 1678 3023 ὲάν
1711 2972 1768 3023 δὲ

207 3050 409 3111 καπνὸς
430 3048 733 3119 ἐπεισέλθῃ,
753 3050 843 3101 καὶ
855 3049 1158 3121 λυμήνηται
1178 3054 1246 3105 τὰ
1267 3052 1435 3123 κάλλη
1459 3053 1557 3121 τῆς
1577 3054 1773 3122 ὅψεως,

204 3130 236 3199 ἢ
272 3130 547 3199 κονιορτὸς
581 3132 792 3201 ἐμπέσῃ
812 3171 827 3196 ,
853 3132 1117 3201 ἀμϐλύνει
1146 3134 1245 3203 τὴν
1266 3133 1410 3203 ϐψιν,
1445 3135 1539 3188 καὶ
1564 3136 1625 3187 οὐ
1652 3134 1775 3204 βλέ-

205 3227 293 3262 πει
320 3212 521 3275 καλῶς,
549 3212 623 3275 ὡς
645 3212 749 3283 πρὸ
772 3212 958 3266 τούτου
987 3214 1212 3271 ἔϐλεπεν
1236 3217 1410 3287 ὀρθῶς
1434 3234 1447 3249 ο
1483 3216 1655 3279 οὕτως
1680 3216 1773 3269 καὶ

204 3291 297 3344 νῦν
344 3295 451 3345 τῶν
486 3294 765 3365 ἀκροατῶν
808 3296 1057 3361 ἕκαστος,
1090 3297 1194 3361 ἕως
1240 3299 1478 3369 καθαρὸν
1508 3299 1619 3368 ἔχει
1674 3300 1768 3351 πί-

208 3390 375 3437 στεως
405 3376 555 3444 ὄμμα
576 3416 590 3437 ,
629 3377 864 3447 καθαρὸν
889 3378 1108 3448 ἀγάπης
1148 3379 1411 3450 βλέφαρον
1430 3420 1444 3444 ,
1471 3382 1644 3449 ὀρθῶς
1680 3384 1773 3435 καὶ

206 3456 460 3526 καθαρῶς
497 3459 628 3527 ὁρᾷ·
659 3459 754 3511 ὲάν
783 3460 837 3512 δὲ
866 3460 1071 3523 καπνὸς
1105 3460 1450 3531 βλασφημίας
1482 3463 1771 3533 ἐπεισέλθῃ

205 3542 313 3601 τοῖς
364 3540 706 3609 λεγομένοις,
735 3540 767 3610 ἢ
800 3543 1071 3611 κονιορτὸς
1118 3544 1415 3613 βασκανίας
1462 3548 1560 3617 τὴν
1595 3546 1773 3617 ψυχήν

207 3620 493 3693 ὑποδρά;ιῃ
515 3662 529 3685 ,
575 3621 715 3674 θολοῖ
758 3623 855 3692 τήν
884 3624 1024 3691 ὄψιν,
1057 3625 1150 3678 καὶ
1170 3626 1419 3693 ἀφανίζει
1455 3628 1514 3679 :6
1534 3628 1771 3698 καθαρὸν

205 3702 299 3771 τῆς
338 3703 601 3767 διανοίας,
651 3705 742 3757 καὶ
786 3705 822 3758 ἀ
874 3708 948 3777 μὴ
994 3708 1243 3775 ήκουσεν,
1289 3710 1536 3778 ήκουσεν,
1592 3712 1685 3763 καὶ
1736 3713 1771 3766 ἀ

204 3786 466 3854 ήκουσεν,
495 3786 554 3837 οὐ
586 3787 762 3848 καλῶς
783 3788 1019 3857 ἐνόησεν.
1073 3790 1231 3842 Ὀθεν
1276 3792 1555 3861 προειδυῖα
1588 3796 1619 3863 ή
1651 3793 1769 3847 θεία

206 3867 394 3937 Γραφὴ
429 3868 496 3920 τά
540 3868 943 3939 προσκόμματα
986 3871 1094 3924 τῶν
1127 3872 1427 3941 μελλόντων
1468 3878 1531 3944 τῇ
1560 3876 1770 3947 διανοίᾳ

206 3950 567 4019 προσκόπτειν
595 3953 702 4013 τοῖς
745 3955 907 4022 ίεροῖς
940 3959 1248 4025 γράμμασι,
1278 3956 1371 4009 καί
1418 3957 1518 4009 πού
1554 3976 1637 4020 τις
1662 3959 1769 4011 τῶν

205 4033 497 4103 προφητῶν
528 4034 674 4097 ἐϐόα,
702 4038 837 4104 μετὰ
857 4038 916 4089 :6
940 4037 1222 4108 πληρῶσαι
1243 4041 1301 4092 τὸ
1324 4041 1463 4093 θεῖον
1486 4045 1554 4111 κή
1566 4059 1765 4111 ρυγμα·

209 4117 300 4180 Τίς
330 4115 544 4184 σοφὸς,
578 4116 674 4170 καὶ
711 4118 970 4183 συνήσει
1009 4120 1225 4182 ταῦτα;
1251 4123 1348 4174 καὶ
1386 4123 1539 4189 ἀνὴρ
1569 4128 1771 4191 φρόνι-

198 4216 330 4266 μος,
359 4199 457 4251 καί
474 4198 757 4267 γνώσεται
780 4201 962 4258 ταῦτα
986 4218 1003 4264 ;
1032 4204 1159 4257 Ὀτι
1181 4205 1397 4258 εὐθεῖαι
1417 4210 1470 4259 οὶ
1500 4207 1622 4259 ὁδοί
1652 4211 1768 4260 Κυ-

199 4284 355 4348 ρίου,
392 4282 609 4336 δίκαιοι
643 4285 1037 4350 πορεύσονται
1078 4289 1147 4340 ἐν
1188 4287 1414 4353 αὑταῖς.
1452 4290 1542 4359 Μὴ
1567 4290 1763 4351 τοίνυν,

206 4364 422 4432 ἀδελφὲ,
452 4363 769 4433 μεθάρπαζε
806 4367 1026 4435 ῥήματα
1060 4370 1138 4431 είς
1172 4370 1594 4439 προσ-κόμματα.
1661 4372 1765 4425 Γυ-

204 4446 328 4512 μνὸς
361 4448 389 4498 6
417 4446 587 4513 λόγος,
613 4446 791 4515 γυμνὴ
812 4450 843 4516 ή
868 4449 1109 4517 ἀλήθεια.
1142 4453 1251 4515 Οὐχ
1279 4446 1377 4515 εἷς,
1407 4454 1466 4503 οὑ
1497 4452 1761 4523 δεύτερος,

202 4528 257 4578 οῦ
284 4528 509 4589 δέκατος
533 4566 547 4589 ,
586 4528 682 4597 οὐχ
722 4529 1010 4593 ὲκατοστὸς
1035 4534 1062 4583 6
1091 4532 1355 4595 ἀκούσας,
1388 4534 1589 4604 πλῆθός
1618 4537 1764 4588 ἐστιν

200 4609 426 4679 ἄπειρον
453 4621 500 4670 ⁸,
535 4609 732 4678 πλῆθος
754 4610 1138 4681 ἀναρίθμητον.
1169 4614 1406 4682 Πέλαγός
1439 4619 1583 4668 ἐστιν
1610 4618 1763 4668 εὐσε-

202 4692 348 4755 ϐείας
387 4694 421 4762 ή
453 4692 762 4762 Ἐκκλησία,
789 4695 849 4746 οὺ
878 4696 1132 4765 κυμάτων
1160 4698 1603 4769 πεπληρωμένον,
1628 4699 1763 4751 ἀλλά

260 4867 283 4895 ⁸
308 4865 450 4915 Hunc
468 4865 524 4913 ad
564 4878 723 4915 sacras
744 4866 1003 4915 conciones
1030 4881 1315 4918 concursum
1357 4873 1626 4919 auditorum
1652 4874 1761 4919 ὠθι-

200 4928 330 4986 σμὸν,
352 4928 863 4993 θλίψιν,στενοχωρίαν,
889 4942 1018 4993 saepe
1037 4931 1759 4993 memoramPatrcs,pr:ecipue

202 4995 562 5053 p_oster;_eoq_pe
586 4989 647 5034 de
673 5002 805 5053 mpre
827 5002 932 5035 cum
958 4989 1227 5053 Christiano
1256 4992 1389 5052 Lupo
1411 4989 1591 5053 accipio
1612 4989 1759 5053 γένος]

201 5046 409 5116 Nestor-ii
435 5067 445 5094 :
474 5049 631 5113 Pareo
659 5046 1050 5116 erait-utquoniam
1071 5057 1115 5116 ει
1138 5064 1224 5113 ego
1245 5046 1381 5116 valde
1404 5046 1759 5116 sum'quigqlus

198 5113 239 5173 ει
253 5120 340 5173 pos
362 5112 557 5173 omnino
577 5112 944 5173 constricqigsgu
958 5122 1020 5157 ex
1045 5112 1137 5159 alia
1162 5112 1401 5167 iersione.
1422 5112 1759 5173 constipu'lioue

201 5167 440 5226 laboratis,
455 5182 614 5231 grece
637 5170 968 5231 proculdubio
984 5173 1296 5233 σφιγγόμενοι.
1326 5167 1593 5223 Ιηιίοηιιιιὲι
1622 5175 1756 5223 Pauli

1171 386 1237 441 1N
1276 385 1509 455 ILLUD,
1551 388 1617 443 1N
1649 389 1789 456 QUA
1835 388 2261 457 POTESTATE,
2301 389 2460 446 ETC.

3335 417 3447 471 4‘28

1884 508 2117 571 πίστεως
2158 510 2345 579 γέμον.
2382 511 2456 562 Οὐ
2498 502 2724 576 ναυαγεῖ
2750 510 2879 579 παρ’
2919 510 3050 579 ἡμῖν
3079 511 3139 563 :6
3166 512 3263 581 τῆς
3305 513 3450 566 διδα-

1886 589 2115 651 σκαλίας
2148 593 2373 658 σκάφος,
2398 592 2459 642 οὐ
2482 590 2760 655 τύπτεται,
2785 591 2844 642 οὑ
2875 591 3219 661 ταράττεται,
3251 593 3311 644 οῦ
3345 610 3450 662 χειο

1886 669 2150 736 μάζεται·
2197 672 2311 725 ἀλλ’
2349 673 2425 734 ὡς
2457 671 2631 725 εὖδιον
2669 672 2861 742 λιμένα
2886 674 2964 735 είς
2996 674 3093 735 τὰς
3132 674 3306 741 ψυχάς
3342 674 3452 727 τῶν

1882 750 1972 804 τὸν
2005 750 2202 821 Κύριον
2229 750 2566 819 ἀγαπώντων
2597 752 2899 820 ὁρμίζεται.
2945 753 3104 805 Ἀλλά
3142 754 3314 805 ταῦτα
3348 755 3446 823 μὲν

1884 835 1962 895 είς
1984 835 2256 890 τοσοῦτον.
2302 834 2506 887 Ἐκεῖνο
2538 834 2593 886 δὲ
2616 834 2696 885 δεῖ
2718 836 2958 897 σκοπεῖν,
2992 836 3072 887 ὅτι
3104 836 3152 886 οί
3186 836 3328 902 ἅγιοι
3355 836 3451 889 τοῦ

1884 916 2016 968 Θεοῦ
2048 917 2408 969 ὑποπίπτουσι
2430 916 2830 984 συκοφαντίαις.
2864 914 3008 968 Τίτδ
3042 916 3373 985 θαυμαστὸν,
3402 918 3451 969 εί

1884 1000 2044 1068 ἡμεῖς
2074 999 2123 1051 οἱ
2151 999 2406 1063 εὐτελεῖς,
2438 999 2531 1051 καὶ
2553 1000 2815 1063 ταπεινοὶ,
2840 1000 2933 1051 καὶ
2963 1000 3023 1051 τὸ
3050 1000 3232 1068 μηδὲν,
3274 1001 3349 1063 ώς
3375 1003 3453 1053 ει-

1883 1082 2025 1142 πεῖν,
2064 1082 2242 1143 ὄντες,
2270 1079 2747 1148 συκοφαντούμεθα
2774 1096 2787 1143 ;
2818 1083 2887 1131 Ἢ
2915 1082 3013 1133 οὐκ
3045 1082 3281 1151 ἤκουσας
3331 1081 3453 1144 πῶς

1881 1164 1910 1215 6
1941 1163 2103 1216 Δαυῖδ
2154 1180 2313 1233 φησι·
2359 1163 2571 1217 Ῥῦσαί
2609 1180 2684 1231 με
2734 1164 2849 1218 ἀπὸ
2888 1167 3299 1231 συκοφαντίας
3346 1165 3451 1218 άν-

1884 1246 2164 1313 θρώπωνὶ
2207 1246 2757 1315 Ἑσυκοφαντήθησαν
2786 1247 2878 1297 καὶ
2898 1247 2947 1297 οί
2974 1246 3114 1312 ἀγιοι
3145 1247 3236 1298 τοῦ
3267 1247 3450 1315 Σωτῆ-

1884 1348 1975 1400 ρος
2003 1329 2309 1387 ἀπόστολοι,
2330 1328 2405 1391 ῶς
2430 1328 2581 1395 ἔλεγε
2608 1330 2700 1381 καὶ
2726 1330 2753 1381 6
2779 1329 3045 1399 μακάριος
3070 1328 3277 1391 Παῦλος
3293 1345 3304 1355 ·
3337 1329 3450 1381 Kal

1876 1411 1985 1481 μὴ,
2010 1410 2202 1476 καθὼς
2216 1412 2757 1479 βλασφημούμεθα,
2781 1411 2874 1463 καί
2900 1410 3091 1475 καθώς
3113 1412 3264 1477 φασί
3293 1428 3451 1477 τινες

1881 1492 2037 1561 ἡμᾶς
2062 1491 2277 1561 λέγειν,
2309 1492 2396 1545 ὅτι
2426 1492 2774 1561 Ποιήσωμεν
2794 1493 2865 1545 τὰ
2887 1494 3056 1557 κακὰ,
3087 1495 3187 1547 ἵνα
3212 1494 3357 1560 ἔλθῃ
3380 1497 3452 1547 τὰ

1882 1577 2090 1645 ἀγαθά.
2119 1576 2191 1627 Οὑ
2218 1575 2487 1644 λυποῦμαι
2515 1575 2652 1645 μετά
2672 1575 2779 1627 τῶν
2810 1575 2976 1641 ἁγίων
3016 1592 3451 1643 συκοφαντουμε-

1883 1675 1971 1720 νος
1996 1696 2009 1717 ,
2045 1658 2092 1709 εί
2134 1657 2227 1709 καὶ
2266 1656 2482 1721 ἀνάξιός
2528 1658 2640 1723 είμι
2676 1656 2782 1707 τῶν
2818 1656 3007 1724 ἀγίων.
3055 1657 3202 1725 Ἐχω
3245 1657 3450 1721 πάντας

1884 1741 2027 1808 ὑμᾶς
2056 1739 2267 1810 κριτὰς,
2304 1739 2398 1790 καὶ
2427 1737 2533 1807 πρὸ
2567 1738 2786 1790 πάντων
2816 1739 2969 1807 ὑμῶν
2988 1739 3077 1791 τὸν
3100 1740 3274 1791 κοινὸν
3294 1740 3450 1809 ήμέῶν

1882 1822 2121 1892 Πατέρα,
2152 1819 2302 1891 [454]
2336 1820 2397 1872 οὐ
2425 1819 2686 1889 προλήψει
2722 1820 2991 1889 κρίνοντα,
3023 1820 3135 1872 ἀλλ’
3164 1822 3341 1891 ἐννοίᾳ.
3367 1822 3447 1873 δι-

1881 1904 2136 1969 κάξοντα.
2168 1900 2322 1956 Οἶδεν
2354 1903 2511 1972 ἡμῶν
2539 1903 2607 1955 τά
2644 1903 2907 1971 νοήματα,
2952 1902 3206 1969 γνωρίζει
3250 1906 3340 1953 καὶ
3380 1903 3450 1956 τά

1882 1988 2101 2056 ῥήματα
2125 2026 2140 2050 ,
2180 1986 2261 2039 ὅτι
2302 1984 2359 2049 ἐξ
2402 1982 2565 2037 αὑτοῦ
2600 1983 2997 2053 ἐπαιδεύθημεν
3040 1983 3232 2035 ταῦτα.
3280 1985 3451 2038 Ἀντι-

1880 2068 2143 2137 6ἀλλομεν
2172 2069 2310 2137 πρὸς
2331 2068 2504 2136 ὑμᾶς,
2536 2067 2583 2117 εί
2607 2066 2893 2118 ὲπέλειπτο
2929 2066 2955 2105 ιι
2986 2067 3091 2118 τῶν
3122 2067 3445 2135 εἰρημένων,

1878 2150 2167 2221 διορθῶσαι
2208 2150 2273 2202 τά
2300 2150 2565 2219 εἰρημένα
2584 2166 2596 2178 ’
2627 2147 2739 2199 ἀλλ’
2764 2148 2860 2216 οὐχ
2894 2148 3212 2203 ύπελάϐετο.
3250 2151 3312 2201 Εἰ
3341 2151 3449 2220 γὰρ

1877 2228 1970 2286 οὖν
2008 2232 2385 2302 διωρθώσατο,
2422 2232 2481 2282 οῦ
2539 2229 2729 2298 μισῶν,
2783 2229 2917 2281 ἀλλὰ
2952 2230 3179 2297 ἀγαπῶν
3202 2247 3215 2259 ·
3250 2232 3307 2283 ὂν
3340 2232 3449 2301 γὰρ

1879 2315 2073 2384 ἀγαπᾷ
2109 2314 2319 2383 Πατὴρ,
2357 2312 2603 2380 ἐλέγχει·
2634 2310 2692 2362 ὃν
2729 2310 2784 2363 δὲ
2822 2312 2881 2363 ού
2920 2311 3264 2381 διορθοῦται,
3314 2316 3449 2365 ἀπο-

1881 2397 2192 2466 στρέφεται.
2233 2395 2291 2447 ὐ
2325 2393 2379 2446 δὲ
2409 2393 2707 2463 θαυμάσιος
2746 2388 2899 2455 οὗτος
2926 2394 3113 2461 Πατὴρ
3143 2396 3233 2446 καὶ
3253 2394 3321 2447 τὰ
3352 2410 3449 2447 κα-

1878 2477 1985 2539 λῶς
2012 2477 2281 2547 λεγόμενα
2322 2474 2664 2545 ἀποδέχεται,
2694 2476 2786 2527 καὶ
2821 2479 2929 2538 τοῖς
2971 2475 3325 2544 ἐσφαλμένοις
3350 2478 3448 2528 ἑπο

1879 2559 1999 2626 ἀγει
2024 2559 2120 2627 τὴν
2144 2556 2619 2627 διόρθωσιν.Τοῦτο
2638 2556 2746 2626 γάρ
2764 2558 2969 2626 Πατρὺς
3000 2558 3143 2619 ἴδιον,
3163 2557 3447 2625 βραϐεύειν

1877 2643 1986 2693 τοῖς
2029 2640 2209 2703 καλῶς
2244 2640 2583 2709 λεγομένοις,
2620 2640 2711 2691 καὶ
2752 2638 2889 2707 μετὰ
2923 2640 3155 2701 πίστεως
3179 2656 3446 2709 κηρυττο-

1881 2724 2080 2791 μένοις.
2130 2722 2312 2792 Ἀρκεῖ
2338 2723 2515 2773 τοίνυν
2553 2721 2671 2772 ἀντί
2710 2721 2924 2771 πάντων
2956 2722 2987 2790 ή
3018 2720 3194 2788 ψῆφος
3238 2722 3404 2773 αὐτοῦ
3427 2761 3445 2786 ,

1878 2805 1971 2856 καὶ
2007 2804 2114 2873 πρὸ
2162 2803 2325 2855 αὐτοῦ
2360 2801 2519 2856 πάλιν
2552 2804 2585 2870 η
2624 2800 2717 2853 τοῦ
2761 2802 3023 2867 παναγίου
3058 2801 3215 2854 Θεοῦ.
3282 2801 3447 2871 Ἐχώ-

1881 2885 2019 2952 μεθα
2044 2886 2099 2935 δὲ
2138 2887 2232 2952 τῆς
2264 2884 2541 2944 εὐσεϐείας
2566 2920 2580 2943 ,
2612 2881 2930 2949 φυλάξωμεν
2970 2882 3065 2950 τὴν
3105 2882 3286 2935 πίστιν
3320 2884 3447 2935 ἀσά-

1879 2964 2082 3017 λευτον.
2126 2964 2415 3015 Πιστεύετε
2453 2967 2518 3031 τῇ
2550 2961 2794 3032 ἀληθείᾳ,
2816 2963 2909 3013 καὶ
2941 2963 3014 3031 μὴ
3044 2964 3349 3030 ἀντιλέγετε
3376 2968 3442 3035 τῇ

1880 3045 2125 3117 ἀληθείᾳ.
2161 3046 2251 3115 Μὴ
2290 3046 2652 3116 παραγράφου
2679 3046 2777 3115 τὴν
2810 3042 2987 3095 πίστιν
3008 3082 3022 3105 ,
3065 3045 3139 3113 μὴ
3168 3046 3446 3114 πολυπρα⁶

1879 3131 2068 3197 γμόνει
2094 3131 2193 3198 τὴν
2212 3130 2361 3183 θείαν
2395 3129 2577 3198 φύσιν,
2611 3128 2685 3198 μὴ
2707 3127 2980 3199 ῦποϐάλῃς
3010 3127 3286 3197 λογισμοῖς
3312 3130 3443 3199 θνη-

1877 3216 1986 3275 τοῖς
2006 3211 2103 3282 τὴν
2126 3213 2388 3265 ἀθάνατον
2410 3212 2585 3275 ἀξίαν.
2625 3211 2954 3280 Ἐπισφαλὴς
2978 3213 3008 3280 ὴ
3036 3211 3142 3262 τῶν
3170 3211 3443 3280 λογισμῶν

1876 3295 1991 3358 ὁδός
2014 3312 2027 3325 ’
2063 3295 2311 3364 ἀσφαλὴς
2354 3296 2449 3347 καὶ
2487 3294 2680 3363 βεϐαία
2715 3294 2747 3361 ή
2797 3293 2973 3344 ἔννοια
3008 3294 3102 3362 τῆς
3152 3295 3293 3345 κατά
3340 3295 3441 3364 τὴν

1878 3378 2057 3430 πίστιν
2092 3378 2397 3447 ὁμολογίας.
2442 3378 2505 3428 Ἠ
2556 3376 2757 3445 ἀληθὴς
2807 3376 2964 3442 σοφία
2996 3376 3027 3445 ὴ
3060 3375 3240 3438 πίστις
3274 3378 3440 3430 ἐστίν.

1878 3461 2075 3512 Ἀκουε
2102 3459 2154 3511 τί
2186 3476 2316 3527 φησι
2359 3459 2419 3511 τὸ
2450 3459 2591 3511 θεῖον
2618 3458 2795 3525 λόγιον
2821 3472 2833 3486 ⁸
2871 3457 2997 3510 Κᾶν
3026 3458 3133 3526 γὰρ
3166 3452 3203 3527 ᾖ
3234 3476 3323 3524 τις
3351 3461 3443 3512 τέ-

1872 3543 2035 3605 λειος
2064 3541 2133 3593 ἐν
2156 3541 2308 3607 υἱοῖς
2352 3540 2695 3608 ἀνθρώπων,
2734 3537 2839 3604 τῆς
2861 3540 3019 3606 παρὰ
3062 3541 3178 3593 σοῦ
3222 3543 3442 3608 σοφίας

1872 3624 2171 3691 ἀπούσης,
2197 3625 2283 3688 είς
2304 3622 2482 3676 οὐδὲν
2506 3620 2945 3689 λογισθήσεται.
2981 3621 3150 3689 Φεῦγε
3181 3625 3247 3675 τὰ
3278 3624 3445 3694 ζητή-

1878 3722 2040 3776 ματα,
2068 3708 2160 3759 καὶ
2193 3705 2267 3776 μὴ
2290 3704 2527 3774 προτίμα
2556 3705 2656 3773 τῆς
2680 3704 2912 3766 πίστεως
2938 3705 3004 3755 τά
3032 3706 3270 3774 ῥήματα.
3304 3707 3443 3758 Παῦ-

1876 3792 1963 3841 λον
1992 3789 2080 3858 έχε
2122 3788 2456 3849 διδάσκαλον,
2498 3787 2702 3855 Πέτρον
2732 3787 3034 3856 ὲπιγράφου
3089 3786 3439 3857 καθηγητήν’

1874 3876 1938 3942 τῇ
1964 3874 2140 3924 πίστει
2171 3872 2393 3923 ἐκείνων
2415 3868 2853 3938 ὲξακολούθησον.
2887 3871 3082 3921 ’Ἄκουε
3117 3871 3323 3940 Πέτρου
3357 3872 3443 3922 λέ-

1876 3970 2061 4019 γοντος
2085 3969 2098 3983 ο
2136 3953 2220 4006 Σὺ
2258 3948 2314 4005 εἷ
2350 3955 2382 4005 6
2411 3952 2689 4019 Χριστὸς,
2728 3954 2760 4003 6
2818 3951 2949 4016 Υἱὸς
2990 3952 3093 4004 τοῦ
3134 3952 3283 4005 Θεοῦ
3334 3953 3441 4006 τοῦ

1877 4033 2108 4099 ᾱῦντος.
2164 4034 2467 4086 Ἀκολούθει
2497 4034 2573 4102 τῷ
2609 4033 2833 4103 Παύλῳ,
2864 4035 3049 4099 σαφῶς
3074 4034 3162 4086 τὸν
3182 4035 3273 4087 τοῦ
3302 4033 3438 4086 Θεοῦ

1878 4118 2002 4169 Υίὺν
2028 4116 2369 4187 ἀνυμνοῦντι,
2389 4119 2482 4169 καὶ
2511 4121 2581 4185 πῆ
2611 4118 2706 4184 μὲν
2732 4118 2960 4184 λέγοντι,
2984 4119 3064 4169 ὅτι
3102 4118 3440 4185 Ἐλάλησεν

1874 4201 2017 4266 ἡμῖν
2032 4202 2064 4252 6
2083 4200 2220 4261 Θεὸς
2234 4200 2302 4251 ἐν
2326 4198 2452 4263 Υίῷ,
2472 4199 2545 4251 δι’
2560 4196 2628 4253 οὗ
2646 4199 2900 4264 καὶτοὺς
2916 4200 3133 4263 αἰῶνας
3154 4201 3402 4266 ἐποίησε
3422 4219 3435 4231 ·

1873 4281 1941 4345 ὃς
1971 4280 2057 4332 ὢν
2082 4281 2446 4348 ἀπαύγασμα
2475 4282 2585 4346 τῆς
2612 4280 2797 4345 δόξης
2817 4322 2829 4343 ,
2868 4282 2965 4332 καὶ
2990 4282 3294 4347 χαρακτὴρ
3326 4282 3435 4348 τῆς

1872 4364 2279 4428 ὑποστάσεως,
2306 4363 2498 4429 φέρων
2518 4380 2579 4414 τε
2611 4363 2683 4414 τὰ
2712 4362 2907 4415 πάντα
2930 4363 3007 4425 τῷ
3031 4365 3188 4430 λόγῳ
3209 4364 3319 4429 τῆς
3339 4365 3439 4417 δυ-

1870 4448 2097 4514 νάμεως
2128 4446 2312 4499 αὑτοῦ
2335 4462 2348 4474 ’
2375 4448 2451 4514 πῆ
2478 4447 2534 4499 δὲ
2559 4446 2721 4497 πάλιν
2754 4446 3095 4515 κηρύττοντι,
3128 4449 3184 4497 ὲν
3213 4448 3288 4515 τῷ
3310 4449 3437 4516 περὶ

1883 4530 2145 4582 Ἰουδαίων
2171 4546 2183 4557 '
2215 4526 2322 4581 Ὧν
2344 4533 2394 4582 οἱ
2421 4529 2669 4595 πατέρες
2696 4529 2883 4597 ἡμῶν,
2915 4530 2982 4589 ἐξ
3014 4524 3099 4581 ὧν
3117 4530 3149 4579 6
3186 4532 3438 4596 Χριστὸς

1870 4616 2017 4667 κατὰ
2040 4614 2256 4679 σάρκα,
2288 4618 2319 4667 6
2345 4612 2428 4664 ὢν
2446 4613 2541 4665 ἐπὶ
2566 4614 2806 4665 πάντων
2830 4614 2971 4677 Θεὸς
2994 4616 3319 4682 εὐλογητὸς·
3351 4618 3436 4677 είς

1868 4696 2009 4761 τοὺς
2033 4694 2249 4760 αἰῶνας
2278 4694 2395 4747 τῶν
2424 4695 2671 4748 αἰώνων.
2724 4695 2923 4763 Ἀμήν.

1866 4870 2081 4918 Emiseni
2114 4885 2123 4917 :
2153 4872 2443 4932 Στενοχωρία
2467 4874 2560 4917 τῶν
2601 4873 2839 4931 ἡμετέρων
2881 4873 3091 4932 ἀδελφῶν
3116 4874 3286 4932 ἔξωσεν
3309 4875 3434 4930 ἡμᾶς

1865 4935 1958 4977 τῶν
1979 4932 2284 4992 σκαμμάτων·
2308 4936 2383 4978 cui
2418 4933 2616 4979 adsonat
2657 4935 2920 4992 (Eri-gorius
2961 4934 3209 4991 Nyssenus
3244 4931 3433 4979 Omliu-

1866 4992 2008 5039 nibus
2029 4994 2075 5037 in
2098 4992 2155 5039 40
2199 5000 2453 5050 martyres.
2485 4992 2679 5041 Cmnsuli
2705 5008 2899 5052 ququ
2941 4995 3084 5041 Velim
3113 4994 3434 5041 Sozmncnum

1867 5052 1948 5115 ιιι).
1972 5054 2021 5111 8,
2047 5066 2145 5113 cap,
2172 5052 2218 5109 5,
2244 5052 2463 5099 el‘v'itam
2483 5055 2807 5112 L‘hrysoslomi
2836 5067 2923 5114 per
2946 5057 3265 5115 Anonymum.
3287 5067 3333 5100 ιι.
3354 5056 3427 5102 86.

1862 5113 2092 5161 Comma.

1924 5174 1951 5212 δ
1975 5174 2186 5223 Coleler.
2211 5175 2335 5235 conj.
2362 5174 2629 5231 ἐπείληπτο.
