4102 6462
628 347 743 404 429
2078 334 2447 394 SEVERIANI

3759 361 3878 415 430

2053 951 2435 1014 MONITUM

697 1199 923 1275 [45511η
949 1200 1204 1256 Vaticano
1223 1199 1422 1255 Codice
1452 1215 1603 1252 num.
1631 1198 1786 1264 1500,
1803 1198 1966 1269 inque
1991 1199 2110 1254 aliis
2129 1197 2420 1254 Codicibus
2436 1198 2521 1252 ha:
2547 1198 2836 1254 conciones
2853 1199 3077 1253 Joannis
3093 1199 3459 1270 Chrysostomi
3483 1199 3702 1253 nomine
3731 1214 3887 1254 com-

625 1303 854 1364 parent;
884 1292 934 1345 id
973 1291 1287 1347 curantibus
1317 1289 1572 1352 librariis,
1596 1297 1656 1342 ut
1684 1299 1921 1359 qumstus
1947 1304 2110 1343 causa
2139 1297 2344 1356 quanto
2383 1287 2536 1357 plura
2566 1296 2790 1356 possent
2826 1286 3196 1357 Chrysostomi
3247 1288 3467 1341 nomine
3497 1287 3882 1342 inscriberent.

627 1385 698 1439 At
731 1399 850 1439 esse
875 1383 1149 1438 Severiani
1173 1381 1412 1451 episcopi
1439 1379 1762 1435 Gabalorum
1791 1390 2000 1435 constat
2030 1399 2043 1435 :
2078 1381 2238 1449 idque
2269 1379 2574 1432 luculenter
2599 1379 2837 1433 declarat
2867 1378 3090 1433 Cosmas
3119 1377 3400 1448 Egyptius
3423 1379 3475 1431 in
3509 1378 3886 1448 Topographia

627 1489 725 1530 sua
780 1474 1083 1527 Christiana
1118 1487 1148 1524 a
1202 1471 1358 1525 nobis
1403 1471 1544 1525 edita
1572 1487 1715 1525 anno
1756 1471 1910 1536 1706,
1967 1471 2056 1525 ubi
2111 1487 2163 1540 p.
2198 1469 2322 1534 εει),
2367 1477 2651 1540 postquam
2691 1469 2978 1538 Theophili
3036 1469 3381 1525 Alexandrini
3429 1469 3630 1538 aliquot
3675 1470 3789 1523 loca
3818 1484 3888 1524 ex

628 1564 885 1632 Epistolis
929 1562 1208 1617 festalibus
1246 1563 1516 1626 attulerat,
1570 1564 1636 1617 ad
1667 1562 2016 1618 Severianum
2052 1563 2376 1618 Gabalorum
2407 1562 2618 1623 transit.
2664 1577 2825 1630 quem
2857 1560 3142 1630 Theophili
3186 1561 3512 1631 συμμύστην
3548 1571 3703 1615 vocat
3741 1580 3754 1615 :
3791 1564 3888 1616 καὶ

628 1655 819 1710 τοῦτον
869 1656 924 1710 δὲ
957 1657 1425 1728 παραδραμόντες,
1469 1658 1560 1711 ἐπὶ
1605 1657 1694 1711 τὸν
1721 1659 1842 1711 κατ’
1865 1660 2040 1711 ἐκεῖνο
2077 1656 2269 1726 καιροῦ
2301 1655 2630 1726 συμμύστην
2670 1656 2760 1709 τὸν
2786 1655 2882 1724 τῆς
2911 1655 2950 1707 Γ
2954 1654 3171 1709 αϐάλων
3211 1656 3509 1710 ἐπίσκοπον
3536 1657 3884 1725 Σευηριανὸν,

627 1748 908 1820 τέταρτον,
943 1749 1309 1818 μετέλθωμεν.
1354 1749 1541 1803 Verum
1574 1752 1669 1803 hoc
1716 1751 1930 1803 dimisso
1974 1749 2214 1815 (Theophi

2351 1748 2420 1800 ad
2459 1746 2626 1799 alium
2658 1747 2764 1814 ipsi
2791 1746 3047 1816 aqualem
3075 1755 3124 1800 et
3167 1756 3528 1816 symmystam,
3568 1744 3888 1800 Gabalorum

625 1839 826 1892 scilicet
859 1839 1155 1907 episcopum
1183 1836 1543 1903 Severianum,
1573 1848 1821 1908 quartum
1852 1853 2087 1900 nurnero,
2120 1845 2476 1889 transeamus.
2511 1834 2648 1890 Hinc
2681 1835 2848 1889 multa
2895 1835 3160 1905 longaque
3190 1834 3488 1904 fragmenta
3516 1830 3680 1902 hujus
3707 1835 3888 1901 operis

630 1935 700 1988 ad
739 1933 963 1987 verbum
997 1933 1185 1995 refert,
1212 1948 1332 2000 qua:
1367 1947 1467 1985 nos
1505 1932 1616 1984 suis
1640 1931 1774 1986 locis
1811 1931 2138 1985 contulimus
2171 1945 2294 1984 cum
2336 1938 2484 1983 textu
2525 1938 2735 1984 nostro.
2774 1930 2957 1998 Itaque
2979 1929 3253 1983 orationes
3275 1927 3551 1983 Severiani
3577 1928 3694 1982 sine
3723 1927 3889 1982 dubio

630 2031 784 2078 sunt.
823 2023 897 2076 De
932 2023 1016 2075 his
1061 2023 1363 2076 audiendus
1397 2021 1631 2076 Savilius
1663 2022 1718 2076 in
1752 2022 1896 2077 notis
1925 2037 1980 2091 p.
2027 2021 2151 2084 871,
2198 2021 2287 2075 ubi
2321 2021 2387 2074 de
2425 2020 2747 2090 quibusdam
2779 2019 3115 2073 orationibus
3153 2019 3220 2072 ab
3250 2033 3309 2072 se
3359 2033 3483 2072 cum
3513 2015 3887 2086 Chrysostomi

631 2115 892 2185 Operibus
916 2114 1078 2170 editis
1105 2131 1270 2186 agens
1313 2116 1392 2168 sic
1438 2117 1513 2168 ait
1543 2131 1555 2166 :
1593 2135 1611 2166 ‹
1655 2115 1826 2170 Hasce
1854 2130 2046 2170 novem
2077 2116 2352 2169 orationes
2384 2122 2676 2182 sequentes
2709 2113 2830 2167 ideo
2865 2112 3055 2182 adjeci,
3089 2111 3214 2181 quia
3240 2111 3292 2164 in
3319 2109 3661 2164 bibliothecis
3686 2107 3886 2176 passim

632 2206 977 2277 reperiantur
1021 2207 1123 2262 sub
1163 2207 1384 2263 nomine
1421 2207 1812 2277 Chrysostomi,
1847 2223 1968 2261 cum
2010 2216 2186 2261 tamen
2221 2207 2390 2276 ipsius
2433 2221 2540 2258 non
2576 2202 2719 2269 sint;
2758 2212 2811 2257 et
2860 2205 2914 2257 in
2955 2203 3076 2257 aliis
3105 2201 3524 2256 correctioribus
3569 2199 3722 2252 libris
3767 2197 3888 2250 altis

631 2298 966 2363 auctoribus,
995 2298 1154 2367 idque
1180 2314 1327 2362 vere,
1357 2299 1753 2354 adscribantur.
1798 2298 1873 2352 De
1903 2299 1986 2352 his
2011 2314 2106 2352 sex
2144 2298 2477 2352 orationibus
2507 2299 2609 2351 alia
2635 2297 2797 2351 etiam
2824 2297 2962 2350 ratio
2997 2295 3116 2361 fuit,
3148 2294 3289 2365 quod
3319 2293 3528 2348 nonabs
3556 2306 3612 2344 re
3635 2300 3885 2359 putarem

633 2396 848 2443 exstare
878 2388 1092 2458 publice
1117 2400 1529 2444 monumentum
1556 2389 1876 2458 eloquentiae
1903 2389 2091 2443 ferrea:
2122 2388 2264 2443 illius
2292 2389 2484 2451 attatis,
2517 2405 2636 2457 qua:
2663 2397 2841 2440 tamen
2873 2401 2996 2440 cum
3023 2395 3211 2442 nostro
3233 2400 3398 2438 aureo
3427 2381 3648 2434 ﬂumine
3676 2377 3885 2448 judicio

631 2482 846 2537 aurium
875 2481 1007 2552 .ejus
1054 2483 1234 2536 smculi
1270 2481 1632 2552 comparanda
1663 2480 1958 2535 videretur.
2006 2479 2142 2533 Nota
2185 2481 2330 2534 enim
2367 2477 2592 2532 Joannis
2638 2479 2809 2532 nostri
2861 2488 2916 2532 et
2969 2476 3245 2530 Severiani
3277 2474 3515 2530 rivalitas
3561 2489 3627 2528 ex
3658 2472 3887 2527 historia

633 2573 1020 2642 ecclesiastica,
1070 2585 1198 2631 nota
1241 2575 1601 2646 lmperatricis
1646 2573 1904 2629 Eudoxizn
1951 2590 2049 2644 pro
2095 2572 2390 2629 Severiano
2426 2581 2614 2625 contra
2639 2570 2905 2626 Joannem
2938 2569 3136 2625 studia.
3175 2587 3225 2636 ιη

643 2807 3869 2839 ,_________________________.__.__________________._______

1322 3051 1480 3173 IN
1555 3046 2059 3176 MUNDI
2153 3042 3174 3170 CREATIONEM
3217 3129 3264 3164 .

1939 3361 2201 3422 ORATIO
2238 3361 2474 3420 PRIMA.

709 3827 811 3889 Hic
852 3823 965 3888 τὴν
1012 3820 1252 3890 πρώτην
1296 3817 1523 3886 ἡμέραν
1569 3816 1679 3884 τῆς
1729 3820 2120 3886 κοσμοποιίας
2159 3830 2208 3872 ι.

708 3913 776 3959 α’.
811 3904 966 3977 [456]
998 3907 1151 3958 Πᾶσα
1172 3902 1449 3963 εὐσεϐείας
1479 3899 1731 3961 ὑπόθεσις
1751 3900 1859 3953 τῶν
1883 3901 2068 3971 ψυχῶν
2096 3904 2212 3954 ἐστι

636 3988 744 4042 τῶν
783 3989 1066 4058 ἡμετέρων
1097 3985 1398 4055 διόρθωσις.
1434 3982 1575 4053 Πρὸς
1610 3981 1811 4051 ταύτην
1847 3983 1953 4053 γὰρ
1974 3981 2070 4052 τὴν
2103 3982 2212 4036 τῶν

637 4073 825 4140 ψυχῶν
865 4071 1018 4140 ἡμῶν
1059 4069 1330 4140 σωτηρίαν
1366 4067 1466 4136 ὁρᾷ
1505 4067 1681 4118 πάντα
1704 4065 1771 4116 τά
1801 4065 1897 4134 τῆς
1933 4065 2213 4127 εὐσεϐείας

2313 3823 2412 3894 τῆς
2442 3821 2801 3908 δημιουργίας
2822 3825 2996 3894 λόγον,
3030 3828 3198 3883 πολλὰ
3216 3833 3309 3886 καὶ
3333 3836 3542 3904 μεγάλα
3577 3840 3667 3892 καὶ
3699 3841 3886 3908 ἔνδοξα

2313 3907 2724 3994 εἰρηκότεςηὼς
2758 3909 2928 3994 ipso?»
2970 3912 3125 3978 ἁγίου
3180 3915 3493 3987 Πνεύματος
3543 3907 3889 3994 ὲπεμέτρησε

2313 3990 2492 4058 χάρις.
2546 3991 2655 4072 καὶ
2705 3991 2915 4044 πολλῶν
2966 3994 3059 4045 καὶ⁵
3107 3997 3354 4066 μεγάλων
3409 4002 3504 4053 καὶ⁵
3555 3990 3887 4072 θαυμαστῶν

2314 4071 2742 4156 προειρημένων,
2773 4073 2922 4127 οὐδὲν
2973 4076 3168 4129 κωλύει
3207 4081 3296 4133 καὶ
3345 4080 3411 4134 τὰ
3450 4086 3580 4153 παρ’
3613 4071 3765 4154 ἡμῶν
3791 4089 3892 4156 ρη-

2315 4151 2493 4238 ρῇναι,
2519 4153 2686 4238 ὠςᾼᾶν
2715 4156 2747 4226 ἠ
2773 4156 2864 4209 τοῦ
2891 4159 3043 4226 ἁγίου
3066 4159 3378 4230 Πνεύματος
3407 4151 3686 4238 χορηγήση
3708 4151 3886 4238 χάρις.

2315 4231 2525 4304 Ὠσπερ
2558 4236 2666 4307 γὰρ
2692 4239 2739 4289 oi
2770 4239 2876 4310 πρὸ
2897 4242 3052 4310 ἡμῶν
3077 4243 3176 4296 οὐκ
3209 4231 3622 4315 ὲνεποδίσσησαν
3653 4231 3755 4300 ὐπὸ
3781 4231 3892 4302 τῶν

2317 4317 2423 4387 πρὸ
2439 4319 2637 4382 αὐτῶν,
2677 4319 2844 4383 οὕτως
2874 4323 2991 4375 οὐδὲ
3017 4325 3175 4393 ἡμεῖς
3211 4326 3314 4377 ὐπὸ
3340 4327 3446 4379 τῶν
3483 4331 3589 4398 πρὸ
3623 4331 3720 4398 τῆς
3745 4333 3892 4399 ἡμε-

2313 4400 2475 4470 τέρας
2504 4405 2713 4468 γενεᾶς.
2741 4405 2847 4456 Καὶ
2871 4404 2976 4473 γὰρ
3023 4407 3294 4469 κάκείνοις
3324 4411 3415 4461 καὶ
3457 4411 3585 4477 ἡμῖν
3633 4413 3727 4462 καὶ
3775 4416 3893 4474 τοῖς

2316 4485 2421 4553 πρὸ
2441 4485 2657 4536 ἐκείνων
2687 4485 2786 4553 μία
2811 4487 2955 4536 ἐστὶν
2985 4489 3018 4556 ἡ
3048 4489 3202 4555 χάρις
3224 4490 3581 4558 ἠχορηγοῦσα
3604 4493 3697 4544 τοῦ
3728 4494 3891 4558 ἁγίου

2318 4565 2634 4636 Πνεύματος
2671 4568 2768 4638 τὴν
2795 4569 3042 4637 δύναμιν.
3073 4570 3272 4625 Πάντα
3300 4573 3429 4643 γὰρ,
3455 4576 3636 4642 φησὶν,
3660 4575 3899 4642 ἐνεργεῖ

2316 4648 2385 4699 ἓν
2418 4651 2512 4702 καὶ
2563 4651 2628 4702 τὸ
2666 4651 2809 4704 αὐτὸ
2855 4651 3117 4720 Πνεῦμα,
3163 4652 3430 4722 διαιροῦν
3487 4657 3603 4723 ιδίςι
3655 4657 3896 4723 ἑκάστῳ

2317 4731 2509 4795 καθὼς
2530 4731 2837 4793 βούλεται.
2881 4735 2955 4786 Οὐ
3000 4735 3176 4787 τοίνυν
3216 4737 3284 4788 τὰ
3320 4738 3467 4807 παρὰ
3493 4737 3599 4788 τῶν
3633 4738 3894 4806 Πατέρων

2320 4813 2657 4877 ἐκϐάλλεται,
2691 4815 2823 4875 ἀλλὰ
2850 4816 2916 4867 τά
2942 4820 3070 4887 παρ’
3092 4818 3252 4887 ἡμῶν
3295 4819 3670 4891 παρατίθεται.
3713 4822 3835 4873 Κᾶν

639 4154 998 4224 παιδεύματα.
1033 4151 1246 4220 Ταύτην
1275 4149 1404 4218 γοῦν
1438 4148 1528 4200 καὶ
1553 4151 1580 4200 ὁ
1619 4147 1712 4199 τοῦ
1763 4147 1897 4199 Θεοῦ
1956 4164 2214 4217 πραγμα-

639 4239 852 4290 τεύεται
885 4237 1059 4303 λόγος,
1083 4235 1286 4303 ταύτην
1327 4235 1353 4286 ὁ
1386 4232 1655 4294 Μωῦσέως
1690 4231 1998 4282 ὑποτίθεται
2027 4231 2212 4300 νόμος,

638 4321 842 4388 ταύτην
863 4318 1216 4387 κηρύττουσιν
1234 4318 1288 4368 αἱ
1311 4333 1394 4367 νοε
1405 4317 1490 4384 ραὶ
1515 4314 1620 4366 τῶν
1640 4315 1931 4383 προφητῶν
1949 4313 2212 4380 γλῶσσαι,

641 4404 781 4473 ὑπὲρ
808 4401 1007 4469 ταύτης
1039 4400 1316 4467 άσιγήτοις
1349 4398 1576 4465 στόμασι
1605 4395 1798 4464 βοῶσιν
1825 4398 1870 4448 oi
1908 4397 2210 4449 ἀπόστολοι.

641 4487 823 4539 Πάντα
851 4484 957 4552 γὰρ
985 4482 1122 4551 ὑπὲρ
1163 4481 1317 4548 ἡμῶν
1355 4482 1446 4531 καὶ
1491 4479 1556 4531 δι’
1590 4480 1758 4548 ἡμᾶς,
1789 4478 1872 4530 ἵνα
1912 4478 2046 4548 πρὸς
2075 4480 2208 4548 διόρ.

641 4569 805 4622 θωσιν
834 4565 1108 4637 δραμόντα
1136 4563 1204 4614 τὰ
1228 4562 1472 4631 ἡμέτερα
1504 4561 1601 4629 τῆς
1645 4561 1922 4623 εὐσεϐείας
1950 4561 2216 4624 καταξιῶ-

642 4653 730 4722 Οῇ.
763 4652 916 4703 Πᾶσα
950 4650 1047 4718 μὲν
1072 4643 1164 4700 οὖν
1187 4645 1362 4714 βίϐλος
1397 4645 1526 4710 ἁγία
1553 4643 1804 4714 ἀφορμὴν
1827 4644 1936 4712 ἔχει
1964 4645 2215 4714 τὴνὴμε-

640 4737 802 4803 τέραν
838 4733 1130 4800 σωτηρίαν,
1156 4729 1228 4790 ὡς
1267 4729 1433 4795 ἕσθην
1473 4727 1656 4777 εἰπών.
1687 4725 1831 4794 Λῦτη
1859 4727 1912 4778 δὲ
1941 4729 1970 4793 ἡ
1997 4728 2095 4795 τῆς
2126 4728 2213 4797 δη.

647 4816 932 4887 μιουργίας
980 4812 1179 4882 βίϐλος,
1216 4812 1356 4880 ἀρχὴ
1392 4811 1481 4861 καὶ
1522 4809 1670 4877 πηγὴ
1703 4808 1795 4860 καὶ
1836 4807 2061 4877 δύναμίς
2101 4811 2216 4861 ἐστι

643 4901 860 4951 πάντων
898 4897 1006 4948 τῶν
1036 4897 1092 4946 ὲν
1118 4896 1264 4964 νόμῳ
1297 4894 1388 4944 καὶ
1428 4893 1749 4961 προφήταις.
1797 4892 1905 4943 Καὶ
1925 4891 2110 4959 ὥσπερ
2142 4887 2218 4942 οἷ-

641 5000 738 5033 κον
784 4982 880 5047 οὐχ
913 4973 1023 5030 οἷόν
1053 4994 1112 5028 τε
1164 4977 1382 5043 στῆναι,
1411 4973 1659 5042 Θεμελίου
1709 4973 1781 5042 μὴ
1839 4973 2214 5041 ὑποκειμένου,

639 5064 809 5123 οὕτως
841 5061 960 5112 οὐδὲ
1007 5060 1075 5111 τὰ
1119 5059 1216 5127 τῆς
1261 5057 1616 5126 δημιουργίας
1657 5055 1825 5124 κάλλη
1875 5054 2103 5124 λάμψαι,
2141 5058 2212 5125 μὴ

642 5146 740 5210 τῆς
771 5143 1127 5210 δημιουργίας
1170 5141 1266 5206 τὴν
1303 5139 1473 5207 ἀρχὴν
1517 5137 1914 5206 ἀπολαϐούσης.
1955 5133 2083 5190 Οἶδα
2118 5139 2215 5206 μὲν

642 5225 756 5288 οὖν,
792 5227 872 5277 ὅτι
905 5224 1086 5275 πολλοὶ
1111 5222 1218 5273 τῶν
1252 5221 1417 5288 ἁγίων
1453 5221 1709 5290 Πατέρων
1744 5221 1990 5290 καθῆκαν
2023 5219 2101 5282 εἰς
2123 5221 2214 5272 τὸν

705 5354 728 5379 α
756 5351 803 5396 In
834 5350 940 5396 cod.
977 5347 1136 5394 Vatic.
1165 5359 1296 5392 num.
1346 5343 1469 5391 $160:
1499 5343 1588 5392 τοῦ
1630 5343 1777 5392 αὐτοῦ
1815 5345 2007 5406 (supple
2032 5347 2217 5406 Xpuao-

645 5413 844 5470 στάμου)
876 5413 938 5464 εἰς
961 5412 1045 5463 τήν
1070 5407 1269 5470 πρώτην.
1303 5407 1482 5470 ἡμέραν
1645 5409 1972 5470 κοσμοποιίας.
1993 5406 2217 5470 δενίγιῇυε

647 5465 798 5520 totum
828 5465 1020 5517 titulum
1046 5465 1117 5515 sic
1138 5465 1442 5514 concinnavit
1465 5481 1475 5513 :
1522 5465 1805 5526 Σεϐηριανοῦ
1837 5469 2098 5515 ἐπισκόπου
2124 5469 2216 5513 Γα-

647 5538 801 5578 ὕιὶων
827 5535 888 5585 εἰς
914 5534 997 5586 τήν
1017 5528 1332 5591 κοσμοποιίαν
1350 5527 1481 5588 λόγοι
1507 5529 1571 5588 ἓξ,
1601 5528 1928 5591 Χρυσοστὸμῳ
1963 5529 2012 5576 δὲ
2033 5529 2078 5576 ἐν
2097 5544 2219 5576 τισιν

645 5594 938 5655 ἀντιγράςιοις
960 5590 1332 5652 ἐπιγραφόμενοι.

2323 4896 2531 4966 μεγάλα
2561 4898 2628 4949 τὰ
2658 4899 2780 4967 παρ’
2812 4884 3032 4960 αὐτῶν(
3054 4884 3224 4969 μικρά
3259 4900 3315 4952 δὲ
3349 4884 3416 4952 τά
3451 4901 3717 4971 ἡμέτερα,
3753 4884 3901 4971 an;

2322 4978 2776 5048 συνοικοδομεῖται
2812 4980 3057 5042 ἐκείνοις.
3111 4983 3321 5052 Ὥσπερ
3375 4970 3482 5053 γὰρ
3525 4970 3667 5037 λίθον
3717 4970 3900 5052 μέγαν

2321 5061 2488 5114 κύϐου
2516 5061 2666 5125 τάξιν
2699 5063 2944 5131 φέροντα,
2976 5065 3033 5116 ὲν
3071 5063 3324 5135 οἰκοδομῇ
3357 5065 3616 5134 παγέντα,
3645 5069 3736 5116 καὶ
3761 5068 3901 5135 ἡρέ-

2325 5163 2401 5214 μα
2429 5145 2800 5214 σαλευόμενον,
2835 5146 3025 5216 μικρὸς
3075 5147 3400 5216 ὐποϐληθεὶς
3437 5148 3583 5212 λίθος
3627 5149 3897 5218 στηρίξειο

2321 5229 2462 5281 οὕτω
2513 5229 2603 5280 καὶ
2657 5229 2723 5280 τά
2777 5228 2879 5284 ὑπὸ
2911 5229 3018 5280 τῶν
3065 5229 3323 5297 Πατέρων
3374 5232 3653 5300 εἰρημένα,
3690 5233 3903 5300 μικρὶς

2323 5312 2636 5380 προσθήκας
2665 5309 2947 5379 δεχόμενα,
2971 5308 3188 5380 μείζονα
3219 5313 3318 5380 τὴν
3342 5313 3625 5382 οἰκοδομὴν
3651 5312 3900 5380 τῆςἘκ-

2322 5397 2549 5465 κλησίας
2603 5395 2991 5466 ἀπεργάζεται.
3035 5393 3342 5465 Παρακαλῶ
3387 5394 3443 5447 δὲ
3481 5394 3580 5465 τὴν
3621 5395 3904 5465 ὑμετέραν

2325 5481 2566 5548 ἀγάπην,
2597 5481 2715 5539 ταῖς
2737 5477 2967 5538 ἐννοίαις
3002 5475 3110 5527 τῶν
3145 5475 3448 5545 λεγομένων
3477 5479 3780 5547 προσέχειν·
3821 5479 3904 5546 μὴ

2329 5566 2376 5616 εί
2403 5563 2547 5626 ξέναι
2575 5562 2712 5614 είσὶν
2764 5560 2876 5615 ἀλλ’
2901 5561 2949 5612 εἰ
2983 5559 3200 5631 ἀληθεῖς
3234 5560 3590 5632 ὑπάρχουσιν.
3631 5559 3767 5614 Οὐτε
3786 5561 3906 5632 γὰρ
