4102 6482
221 404 336 460 429
1286 380 1375 437 DE
1420 380 1640 440 MUNDI
1677 380 2072 439 CREATIONE
2115 381 2369 439 ORATIO
2410 381 2449 437 1.
3396 418 3511 473 430

1484 654 3496 681 W

781 1000 890 1061 AD
932 999 1088 1061 SEX
1134 995 1527 1059 HOMILIAS
1569 993 1999 1058 SEVERIANI
2042 996 2151 1056 DE
2190 996 2450 1059 MUNDI
2494 996 2979 1061 CREATIONE.

304 1244 480 1312 Quam
508 1253 664 1301 vocat
696 1243 928 1300 Savilius
951 1243 1316 1312 eloquentiam
1363 1241 1615 1307 ferream,
1640 1256 1739 1311 ego
1768 1249 1916 1295 certe
1941 1240 2210 1311 φλυαρίαν
2242 1241 2494 1307 dixerim,
2520 1250 2575 1297 et
2606 1242 3023 1313 loquacitatem;
3048 1261 3172 1301 nam
3203 1248 3292 1302 ubi
3318 1248 3505 1309 facun-

234 1336 379 1392 diam
403 1340 521 1392 vult
557 1337 835 1399 exhibere,
886 1335 960 1390 ibi
989 1334 1163 1389 iutilia
1211 1334 1448 1403 loquitur
1488 1351 1500 1387 :
1536 1348 1717 1386 rerum
1760 1332 2088 1387 naturalium
2136 1334 2581 1403 perquisitionem
2612 1336 2933 1405 plerumque
2972 1338 3297 1409 aggreditur,
3351 1351 3405 1394 et
3437 1341 3502 1397 ad

239 1444 501 1483 nauseam
542 1443 715 1497 usque
742 1427 1005 1492 explorat,
1044 1440 1254 1494 suoque
1285 1440 1459 1486 more,
1492 1422 1747 1477 nimirum
1780 1423 1986 1494 inepte,
2018 1423 2268 1479 edisserit
2299 1442 2312 1478 :
2344 1425 2619 1481 auditores
2648 1436 2828 1481 autem
2861 1444 2923 1482 ea
2956 1429 3023 1483 de
3063 1444 3224 1483 causa
3263 1446 3505 1499 conque-

235 1529 346 1573 stos
372 1520 624 1590 objurgat
652 1519 877 1581 acriter;
914 1519 986 1571 ita
1015 1517 1082 1571 de
1111 1515 1335 1581 mundo,
1371 1529 1532 1584 quem
1572 1514 1863 1568 rotundum
1904 1530 2027 1569 esse
2061 1524 2242 1585 negat,
2282 1515 2349 1569 de
2376 1516 2519 1586 igne,
2560 1518 2626 1571 de
2657 1534 2817 1587 aqua,
2854 1520 2975 1589 plus
3003 1535 3163 1588 quam
3195 1522 3327 1575 satis
3356 1532 3505 1576 esset

232 1613 363 1681 agit.
427 1614 487 1663 ln
524 1611 687 1665 rebus
738 1609 895 1664 seriis
946 1607 1236 1678 aliquando
1268 1614 1521 1675 nugatur,
1574 1614 1636 1657 ut
1689 1620 1815 1658 cum
1860 1606 1984 1659 inde
2038 1606 2233 1675 probat
2277 1607 2541 1661 Adamum
2589 1608 2845 1663 habuisse
2907 1608 3156 1677 Spiritum
3208 1610 3506 1679 pr0phctiae

231 1704 377 1772 quod
411 1704 628 1767 dixerit,
669 1702 782 1755 Hoc
828 1718 966 1755 nunc
1016 1718 1072 1755 os
1102 1716 1167 1754 ea;
1198 1699 1397 1753 ossibus
1445 1698 1592 1759 meis,
1648 1705 1755 1751 etc.
1805 1696 1942 1751 Nam
1980 1700 2273 1768 quomodo,
2332 1700 2526 1769 inquit,
2575 1700 2715 1755 scire
2745 1709 2957 1769 poterat
3013 1715 3071 1755 se
3115 1716 3238 1754 ossa
3279 1701 3501 1765 habere,

232 1802 321 1870 qui
358 1816 485 1856 ossa
515 1814 613 1853 sua
637 1812 916 1875 nunquam
943 1796 1169 1860 viderat,
1222 1793 1325 1847 nisi
1357 1792 1608 1863 spiritum
1635 1792 1938 1863 prophetiae
1988 1794 2305 1849 habuisset?
2344 1794 2467 1849 Haec
2507 1796 2563 1848 in
2607 1795 2853 1849 oratione
2890 1795 3098 1864 quinta.
3147 1794 3505 1849 Tolerabilius

233 1895 471 1951 fortasse
493 1902 596 1957 est,
638 1894 738 1947 etsi
771 1891 921 1962 parvi
969 1891 1149 1960 pretii,
1181 1890 1235 1944 id
1260 1889 1405 1958 quod
1437 1888 1490 1942 in
1516 1889 1706 1943 eadem
1736 1890 1982 1943 oratione
2012 1890 2087 1944 ait
2118 1907 2136 1944 :
2169 1890 2290 1944 ideo
2318 1892 2508 1943 ΑΔΑΜ
2554 1906 2755 1945 nomen
2808 1890 3124 1960 impositum
3158 1906 3279 1945 esse
3327 1891 3505 1960 primo

233 1990 468 2053 homini,
497 1990 626 2060 quia
657 1989 759 2043 hoc
782 1987 1002 2042 nomine
1030 1996 1263 2055 quatuor
1286 1985 1501 2039 climata
1546 2000 1644 2054 per
1675 1984 1832 2053 prim:

1947 1994 2090 2040 teras
2116 1985 2507 2055 designantur:
2545 2004 2599 2047 α,
2635 1984 2888 2053 ἀνατολὴ,
2923 1984 2971 2047 δ,
3001 1983 3170 2046 δύσις,
3207 2000 3243 2036 α
3282 1986 3503 2053 ἄρκτος,

236 2098 294 2151 μ,
327 2079 669 2153 μεσημϐρία,
706 2079 898 2140 oriens,
939 2078 1197 2139 occidens,
1258 2078 1561 2145 septentrio,
1605 2074 1867 2137 meridies,
1912 2091 2023 2131 non
2052 2076 2343 2131 advertens
2374 2077 2476 2131 hoc
2522 2091 2724 2130 nomen
2774 2074 3036 2130 llebraice
3087 2072 3172 2129 vel
3215 2075 3508 2131 Chaldaiee

235 2174 554 2243 impositum
591 2173 797 2228 Adamo
849 2172 1038 2238 fuisse,
1096 2172 1296 2240 quibus
1350 2172 1547 2241 linguis
1598 2172 1701 2226 ista
1748 2172 2025 2226 climatum
2078 2170 2400 2242 signiﬁcatio
2438 2188 2535 2240 per
2570 2172 2772 2240 primas
2820 2171 3003 2225 literas
3056 2187 3163 2224 non
3214 2170 3505 2231 indicatur,

237 2279 403 2338 atque
445 2269 582 2322 adeo
614 2284 777 2335 casu,
832 2283 943 2322 non
993 2268 1241 2331 consilio,
1292 2267 1494 2321 factum
1552 2276 1610 2321 ut
1658 2267 1713 2320 in
1759 2266 1947 2323 Graeco
1994 2266 2216 2322 nomine
2264 2277 2497 2337 quatuor
2539 2268 2816 2321 climatum
2864 2268 3053 2336 primae
3105 2267 3273 2321 litera:
3312 2267 3508 2335 deprc-

243 2360 638 2415 bendcrentur.

315 2476 527 2531 Habita:
561 2488 689 2531 sunt
720 2479 802 2532 hae
836 2477 1108 2531 orationes
1170 2478 1223 2531 in
1255 2477 1697 2547 Quadragesima,
1754 2487 1814 2533 ut
1862 2494 1970 2533 non
2000 2478 2170 2533 semel
2212 2477 2267 2531 in
2298 2478 2471 2549 prima
2502 2478 2683 2532 innuit
2715 2477 3060 2533 Severianus.
3092 2477 3297 2530 Harum
3335 2476 3506 2529 inter-

245 2569 605 2635 pretationem
655 2569 900 2623 Latinam
938 2586 1133 2625 novam
1180 2571 1511 2643 paravimus.

256 2907 3517 2935 —_____——_—__——______——_—_—_____—

1325 3001 2454 3193 SEVERIANI,

1198 3242 1873 3312 GABALOBUM
1920 3240 2399 3312 EPISCOPI
2458 3223 2576 3325 ta),

784 3406 986 3514 IN
1059 3410 1652 3521 MUNDI
1725 3404 2999 3541 GBEATIONEM,

1570 3597 1874 3659 ORATIO
1917 3596 2163 3657 PRIMA
2176 3638 2189 3653 .

1647 3739 2126 3817 *καθα-η.-

551 3904 615 3957 In
645 3904 857 3973 primum
882 3902 1011 3956 diem
1036 3902 1301 3955 creationis
1335 3900 1529 3951 mundi.

323 4038 374 4090 ί.
400 4036 683 4103 Scriptura:
707 4049 863 4087 sacra
888 4034 1105 4102 dignitas
1135 4032 1436 4098 utilitasque.
1470 4027 1695 4081 Exordio
1718 4042 1827 4079 mo-

250 4126 463 4179 destiam
494 4126 718 4193 spirante
745 4124 935 4177 animos
957 4123 1265 4175 audientium
1292 4122 1384 4175 sibi
1405 4119 1637 4172 conciliat
1661 4127 1830 4171 orator

250 4228 437 4272 noster.
464 4247 539 4260 —
564 4216 797 4283 Quodvis
842 4215 1048 4284 pietatis
1096 4222 1462 4282 argumentum
1483 4252 1498 4275 ,
1535 4212 1828 4263 animarum

250 4326 554 4370 nostrarum
593 4310 890 4366 emendatio
918 4318 1017 4365 est.
1052 4308 1129 4362 Ad
1162 4308 1297 4361 hanc
1344 4306 1485 4359 enim
1534 4306 1827 4358 animarum

251 4406 475 4458 salutem
517 4402 695 4456 omnia
724 4401 932 4469 pietatis
961 4400 1196 4453 instituta
1243 4398 1553 4465 respiciunt.
1586 4395 1729 4448 lianc
1777 4402 1831 4447 ct

253 4495 342 4549 Dei
371 4508 555 4550 sermo
580 4501 850 4561 operatur,
870 4492 1004 4545 hanc
1025 4499 1078 4545 et
1099 4490 1291 4559 Moysis
1317 4490 1400 4542 lex
1426 4488 1672 4551 insinuat,
1696 4486 1829 4540 hanc

252 4584 545 4653 prtedicant
574 4581 875 4650 spirituales
920 4580 1023 4633 illa:
1056 4578 1430 4647 prephetarnm
1477 4577 1669 4645 lingua:
1700 4592 1713 4626 :
1747 4576 1829 4629 in-

250 4674 496 4729 cessabili
524 4686 656 4726 voce
683 4686 778 4739 pro
804 4671 902 4724 hac
925 4672 1155 4724 clamant
1182 4669 1429 4738 apostoli.
1452 4668 1640 4721 Omnia
1670 4666 1833 4735 siqui-

251 4764 369 4819 dem
414 4779 514 4832 pro
542 4761 696 4816 nobis
719 4802 733 4826 ,
765 4769 820 4815 et
858 4768 1073 4829 pr0pter
1098 4772 1196 4811 nos
1226 4774 1239 4809 :
1274 4766 1330 4810 ut
1370 4758 1495 4810 dum
1536 4766 1715 4809 nostra
1764 4754 1831 4808 ad

252 4856 679 4911 emendationem
711 4858 1014 4921 properant,
1044 4850 1290 4916 pietatem
1320 4862 1421 4901 nos
1463 4860 1829 4915 assequamur.

252 4948 437 5001 Omnis
465 4948 647 5014 itaque
677 4952 888 4997 sanctus
915 4941 1049 4994 liber
1074 4939 1259 4992 salutis
1288 4947 1484 4990 nostrm
1515 4949 1670 4988 causa
1698 4935 1829 4988 scri-

254 5047 370 5103 ptus
400 5044 510 5099 est,
543 5044 601 5087 ut
645 5032 801 5087 modo
843 5030 1101 5084 dicebam.
1133 5028 1229 5081 Hic
1258 5042 1415 5095 porro
1451 5024 1733 5079 creationis
1771 5024 1833 5078 li-

256 5129 346 5182 ber
367 5169 382 5193 ,
415 5127 570 5195 origo
594 5166 609 5190 ,
642 5124 761 5177 fons
788 5132 843 5176 et
876 5122 1044 5175 virtus
1082 5128 1162 5174 est
1189 5133 1372 5172 eorum
1404 5116 1643 5170 omnium
1669 5156 1683 5181 ,
1716 5130 1833 5183 qua:

317 5258 387 5319 (α)
419 5256 477 5319 In
501 5250 930 5319 Codiceﬁ’aticano
950 5250 1193 5319 numab‘ﬁo
1211 5262 1221 5296 :
1242 5246 1456 5307 ejusdem
1478 5244 1669 5319 (supple
1687 5244 1836 5319 (thig-

256 5304 444 5367 εοάἇπί
472 5330 490 5365 :
515 5304 627 5363 nam
652 5312 973 5370 Chrysostomi
997 5317 1109 5358 sunt
1132 5322 1190 5357 ea
1214 5304 1323 5370 quae
1360 5304 1678 5370 praecedunt).
1696 5304 1833 5370 infra

256 5326 444 5367 sostoms
472 5330 490 5365 .'
515 5327 627 5363 nam
652 5326 973 5420 UHTSOSLOIDI
997 5326 1109 5358 sunt
1132 5326 1190 5357 ea
1214 5326 1323 5370 qum
1361 5326 1678 5368 prwccuunt).
1712 5326 1833 5352 Intra

256 5378 452 5427 savilius
474 5383 632 5438 totum
655 5375 746 5422 titu
768 5386 848 5438 un.
868 5373 937 5420 sic
959 5372 1261 5438 concinnavit
1298 5383 1308 5416 :
1344 5364 1836 5435 sevenani,_Episcopi

257 5426 560 5492 nebularum,
582 5435 633 5485 in
656 5432 823 5483 mundi
842 5429 1129 5492 creatimtem
1148 5443 1387 5492 sermones
1405 5441 1515 5492 sex,
1540 5426 1713 5492 qui,_in
1736 5426 1837 5492 qui-

260 5487 457 5548 busdam
480 5487 837 5559 exemplaribus
857 5530 869 5551 ,
898 5491 1225 5559 Chrysostqmo
1248 5488 1603 5559 adscribimtur.
1633 5487 1836 5535 Combe-

259 5560 419 5617 lisius,
446 5558 532 5621 qui
562 5550 848 5621 unusavilio
872 5560 947 5621 est
970 5550 1086 5599 usus
1129 5551 1399 5621 (repetens
1430 5550 1552 5621 typis
1584 5559 1838 5615 sermones

262 5605 547 5669 bigiéx‘ib
578 5615 875 5665 Bibliotheca:
905 5605 1180 5661 Gra'corunt
1212 5605 1402 5669 ῥαῑνηηι
1428 5605 1646 5656 κίτλτίανίθ
1685 5605 1835 5654 "om-

259 5679 523 5729 sian‘om.
560 5680 605 5733 i,
632 5690 677 5737 ν,
705 5676 813 5731 2H,
838 5687 963 5736 sqq.,
981 5672 1132 5723 Paris.
1166 5671 1297 5721 1672.
1320 5670 1445 5731 fol.),
1473 5670 1574 5717 haec
1596 5676 1833 5730 postrema

260 5742 321 5790 dc
342 5740 684 5804 Damnatum
708 5738 870 5786 tacuit.

1941 3898 1993 3949 in
2015 3897 2129 3963 lege
2164 3905 2217 3948 ct
2262 3895 2313 3947 in
2345 3893 2616 3963 prophetis
2645 3891 2836 3957 scripta
2883 3900 3023 3943 sunt.
3070 3891 3145 3942 Ac
3171 3889 3517 3957 quemadmo-

1939 3988 2062 4040 dum
2115 4000 2217 4039 non
2263 3993 2436 4053 potest
2477 3984 2665 4036 domus
2704 3984 2817 4034 sine
2858 3980 3196 4033 fundamento
3226 3992 3368 4034 stare
3392 4022 3405 4044 ,
3436 3981 3514 4034 sic

1940 4094 2035 4132 nec
2065 4078 2202 4129 varia
2232 4086 2591 4129 creaturarum
2624 4070 2951 4141 pulchritudo
2980 4069 3384 4136 splendescere,
3412 4068 3512 4122 nisi

1938 4168 2134 4223 creatio
2160 4167 2267 4234 ipsa
2301 4166 2503 4218 initium
2534 4161 2794 4215 habuerit.
2824 4159 2944 4213 Scio
2987 4160 3178 4212 multos
3206 4174 3271 4212 ex
3316 4159 3513 4213 sanctis

1941 4259 2175 4327 patribus
2195 4258 2261 4311 de
2283 4256 2551 4310 creatione
2580 4252 2736 4305 verba
2765 4250 2970 4312 fecisse,
2989 4251 3256 4317 multaque
3285 4258 3338 4303 et
3361 4266 3515 4318 egre-

1937 4353 2018 4420 gia
2044 4351 2243 4405 dixisse
2265 4391 2277 4410 ,
2300 4357 2357 4402 ut
2398 4347 2623 4416 Spiritus
2666 4343 2848 4413 gratia:
2887 4355 3131 4395 mensura
3163 4341 3291 4408 ipsis
3324 4342 3511 4395 collata

1941 4443 2078 4497 tulit.
2111 4441 2256 4494 Licet
2298 4448 2474 4491 autem
2506 4436 2668 4489 multa
2694 4476 2709 4497 ,
2741 4433 2934 4487 eximia
2970 4440 3023 4485 ct
3069 4431 3326 4484 mirabilia
3372 4431 3511 4486 dicta

1940 4533 2171 4595 fuerint,
2224 4529 2353 4583 nihil
2407 4537 2549 4582 vetat
2594 4526 2877 4596 quominus
2925 4531 2979 4576 et
3026 4531 3204 4573 nostra
3250 4520 3510 4589 dicamus,

1940 4635 2095 4694 prout
2145 4623 2373 4691 Spiritus
2414 4619 2579 4689 gratia
2624 4610 3118 4669 subministraverit.
3152 4609 3512 4673 Quemadmo-

1938 4718 2062 4770 dum
2090 4716 2227 4768 cnim
2250 4726 2342 4764 eos
2367 4712 2457 4778 qui
2486 4717 2608 4761 ante
2638 4721 2734 4760 nos
2775 4706 2921 4757 luere
2962 4717 3065 4754 non
3104 4700 3390 4755 cohibuere
3418 4717 3511 4754 ve.-

1941 4816 2110 4859 terum
2141 4802 2355 4867 scripta,
2380 4800 2456 4853 sic
2494 4812 2592 4851 nec
2622 4796 2693 4848 illi
2718 4795 2805 4862 qui
2840 4808 2934 4846 nos
2966 4800 3385 4859 praecesserunt,
3416 4805 3513 4844 nos

1939 4895 2194 4949 arcebunt
2236 4893 2302 4945 ab
2332 4891 2589 4943 instituto.
2618 4886 2672 4941 Si
2712 4885 2923 4953 quidem
2964 4892 3017 4937 et
3063 4884 3167 4935 illis
3201 4892 3254 4935 et
3281 4882 3432 4936 nobis
3458 4892 3514 4939 et

1939 4985 2322 5055 antiquioribus
2354 4996 2451 5035 una
2482 4991 2554 5034 ρει
2582 4979 2744 5047 gratia
2770 4994 2885 5045 qua:
2914 4976 3137 5044 Spiritus
3159 4976 3321 5029 sancti
3346 4975 3517 5027 virtu-

1942 5086 2046 5130 tem
2080 5073 2398 5141 suppeditet.
2433 5070 2617 5121 Omnia
2645 5068 2805 5131 cnim,
2836 5067 3019 5133 inquit,
3053 5074 3289 5133 operatur
3311 5080 3441 5114 unus
3466 5074 3513 5115 et

1939 5170 2069 5222 idem
2099 5166 2342 5234 Spiritus,
2370 5162 2593 5215 dividens
2623 5157 2831 5227 singulis
2870 5165 3016 5224 prout
3054 5157 3152 5207 vult
3174 5155 3247 5221 (1.
3280 5152 3396 5205 Cor.
3424 5151 3510 5205 η.

1942 5262 2050 5330 Η).
2085 5259 2195 5311 Νοη
2218 5271 2345 5323 ergo
2374 5269 2436 5307 ea
2466 5267 2582 5320 qure
2605 5266 2632 5302 a
2662 5249 2894 5318 patribus
2923 5246 3059 5299 dicta
3089 5254 3211 5299 sunt
3236 5244 3513 5297 climinan-

1944 5350 2155 5415 tur,sed
2184 5357 2363 5402 nostra
2392 5346 2495 5398 illis
2520 5349 2870 5410 apponuntur.
2897 5336 3145 5403 Quamvis
3173 5350 3356 5402 magna
3389 5342 3516 5385 sunt

1942 5457 2124 5497 eorum
2176 5439 2343 5500 dicta,
2380 5444 2559 5489 nostra
2604 5438 2776 5483 autem
2825 5429 3007 5496 exigua
3035 5466 3050 5491 ,
3080 5423 3193 5477 haec
3237 5432 3410 5475 tamen
3462 5423 3513 5473 in

1943 5530 2180 5586 eatndcm
2222 5535 2535 5582 structuram
2579 5528 2841 5589 aptantur.
2876 5516 2946 5571 Ut
2973 5516 3111 5569 enim
3138 5511 3363 5581 Ιιιριυειη
3396 5524 3508 5560 ma-

1943 5637 2102 5693 gnum
2132 5622 2181 5673 in
2213 5619 2329 5673 cubi
2361 5616 2579 5670 formam
2612 5619 2867 5680 aptatmn,
2902 5609 2951 5660 in
2984 5613 3296 5659 structuram
3328 5598 3515 5652 admo-

1946 5690 2085 5777 ium,
2122 5721 2173 5767 et
2216 5710 2423 5779 paulum
2453 5713 2721 5761 nutantem
2744 5742 2757 5769 ,
2788 5701 3051 5771 subjectus
3095 5695 3265 5750 ﬁrmat
3295 5690 3515 5759 exiguus
