4102 6468
570 377 680 431 431

580 477 712 544 lapis
759 475 870 530 :sic
890 489 951 529 ea
977 488 1140 542 quaaa
1160 471 1397 526 Patribus
1422 469 1559 524 dicta
1587 477 1728 531 sunt,
1750 467 1954 537 exiguis
1978 483 2158 522 acces-

580 566 820 620 sionibus
851 566 1020 632 majus
1053 563 1303 618 Ecclesia:
1343 561 1622 616 aedilicium
1653 560 1997 612 constituunt.
2034 558 2162 611 Pre-

579 670 674 709 cor
695 663 872 708 autem
902 654 1174 707 caritatem
1205 660 1433 705 vestram
1455 692 1468 713 ,
1499 659 1554 701 ut
1590 649 1851 702 dictorum
1883 648 2160 702 sententiis

579 745 901 808 attendatis;
930 760 1033 797 nou
1063 759 1128 795 an
1158 758 1306 796 nova:
1336 742 1460 806 sint,
1481 740 1572 794 sed
1597 755 1664 793 an
1700 754 1856 792 verte.
1882 738 1994 791 Non
2017 737 2159 791 enim

577 836 718 905 quod
748 850 843 889 usu
881 835 1060 888 tritum
1083 843 1184 897 est,
1215 847 1426 900 semper
1448 847 1628 884 verum
1654 846 1668 893 ;
1701 844 1871 898 neque
1895 829 2036 897 quod
2065 842 2161 881 no-

577 940 725 990 vum,
759 925 878 978 ideo
905 925 1090 976 falsum
1121 938 1136 975 :
1164 921 1258 977 sed
1287 936 1499 989 semper
1523 918 1834 986 exploratur
1858 934 1925 971 an
1955 933 2016 971 ea
2043 931 2160 986 qute

576 1015 827 1071 dicuntur
858 1029 979 1068 vera
1005 1015 1131 1079 sint,
1162 1027 1227 1064 an
1257 1011 1407 1065 falsa.
1437 1011 1586 1080 Rogo
1624 1019 1799 1063 autem
1827 1024 1893 1062 ne
1921 1010 2039 1078 quis
2059 1049 2073 1073 ,
2105 1016 2161 1061 ut

576 1109 781 1161 amicus
802 1105 868 1159 ad
889 1107 1111 1174 gratiam
1142 1105 1257 1158 sine
1287 1103 1530 1157 examine
1559 1116 1858 1156 sermonem
1889 1101 2122 1168 excipiat
2141 1139 2156 1165 ,

576 1213 714 1254 neve
737 1207 792 1251 ut
819 1197 1062 1250 inimicus
1090 1196 1178 1249 illa
1207 1195 1356 1264 quasi
1387 1195 1660 1262 peregrina
1691 1201 1924 1262 respuat,
1954 1192 2047 1246 sed
2077 1192 2159 1246 vi-

575 1289 702 1344 deat
729 1289 923 1357 ubique
954 1303 1077 1342 num
1110 1288 1303 1342 veritas
1326 1286 1480 1340 dictis
1509 1285 1735 1354 palmam
1765 1285 1981 1337 tribuat.

647 1380 703 1433 2.
734 1379 940 1432 Genesis
970 1387 1146 1430 auctor
1167 1376 1369 1446 Moyses
1393 1387 1438 1429 et
1465 1376 1666 1444 Spiritu
1693 1384 1864 1429 sancto
1890 1373 2156 1428 revelante.

579 1468 787 1538 Duplex
817 1469 1008 1538 Moysis
1041 1484 1240 1536 scapus.
1265 1468 1365 1521 Cur
1398 1467 1719 1520 invisibilium
1756 1466 2056 1518 creationem
2085 1474 2162 1517 ta-

578 1562 703 1615 cuit.
732 1589 802 1600 —
828 1558 894 1612 In
923 1559 1187 1626 principio,
1222 1558 1385 1624 inquit
1411 1599 1424 1621 ,
1456 1557 1571 1625 fecit
1601 1555 1732 1608 Deus
1758 1553 1938 1608 ca'lum
1977 1563 2023 1608 et
2056 1564 2161 1606 ter-

578 1667 690 1705 ram
715 1649 863 1722 (Gen.
891 1650 943 1702 1.
970 1650 1046 1712 1).
1065 1648 1189 1702 Ηωο
1219 1647 1442 1701 historia
1465 1646 1659 1716 Moysis
1689 1646 2003 1715 legislatoris
2026 1659 2162 1714 opus

578 1751 680 1806 est,
705 1752 759 1796 et
786 1742 1013 1810 Spiritus
1039 1739 1206 1795 sancti
1236 1739 1507 1794 revelatio.
1534 1739 1783 1794 Contiuet
1808 1747 1983 1792 autem
2013 1752 2162 1792 erea-

578 1834 776 1888 tionem
806 1833 898 1886 Dei
929 1833 1118 1885 virtute
1145 1828 1353 1896 laetam,
1378 1845 1472 1899 per
1500 1829 1859 1898 pr0pheticam
1885 1844 2011 1882 vero
2037 1845 2160 1899 gra-

578 1924 705 1978 tiam
735 1924 899 1992 Moysi
948 1923 1255 1976 revelatam.
1287 1921 1399 1976 Non
1428 1923 1569 1976 enim
1602 1920 1716 1975 haec
1742 1921 1948 1991 Moyses
1987 1930 2045 1975 ut
2080 1921 2164 1974 hi-

575 2015 976 2086 storiographus
998 2017 1153 2080 dixit,
1177 2016 1269 2070 sed
1304 2024 1356 2068 ut
1380 2013 1656 2083 propheta.
1691 2014 1780 2068 llla
1806 2014 2001 2082 quippe
2028 2013 2161 2068 dixit

575 2123 696 2178 qua:
729 2123 833 2161 non
869 2106 1104 2166 viderat.
1134 2116 1188 2161 et
1230 2107 1315 2160 illa
1355 2104 1587 2159 narravit
1628 2121 1851 2173 quorum
1894 2113 2164 2173 spectator

579 2216 684 2253 non
717 2201 902 2254 fuerat.
932 2199 997 2254 Ut
1024 2199 1166 2253 enim
1198 2197 1402 2267 pridem
1449 2198 1544 2250 tria
1589 2212 1709 2251 esse
1748 2197 2038 2266 prophetiae
2065 2212 2160 2266 ge-

578 2309 707 2348 nera
737 2308 857 2347 esse
885 2292 1137 2357 diximus,
1173 2291 1400 2360 primum
1427 2291 1592 2344 verbo
1617 2331 1631 2353 ,
1659 2291 1952 2343 secundum
1976 2304 2158 2359 opere,

578 2384 792 2437 tertium
819 2398 982 2451 opere
1007 2391 1062 2437 et
1098 2395 1346 2436 sermone
1374 2397 1387 2433 :
1416 2381 1496 2434 sic
1521 2389 1573 2432 et
1605 2391 1712 2433 tres
1734 2380 1842 2447 jam
1871 2379 2163 2448 prophetia:

578 2484 759 2545 partes
801 2474 1173 2527 constituimus
1215 2489 1228 2524 :
1273 2470 1604 2541 prophetiam
1655 2469 1722 2524 de
1778 2469 2159 2538 praesentibus,

579 2566 910 2635 pr0phetiam
936 2565 1002 2619 de
1041 2563 1262 2628 futuris,
1294 2571 1346 2616 et
1385 2561 1714 2630 prophetiam
1751 2559 1818 2612 de
1856 2558 2160 2628 prmteritis.

578 2658 819 2724 Exempli
850 2672 1011 2710 causa
1059 2671 1164 2709 non
1209 2653 1393 2708 aderat
1435 2652 1598 2706 lsaias
1641 2651 1898 2720 propheta
1944 2651 2006 2703 iis
2045 2664 2162 2717 qua:

576 2747 677 2800 sub
703 2745 884 2814 Moyse
911 2755 1055 2813 gesta
1081 2753 1207 2798 sunt
1237 2761 1250 2797 :
1279 2743 1370 2796 sed
1415 2742 1536 2811 quia
1567 2741 1786 2808 spiritus
1817 2739 2014 2809 Moysis
2051 2747 2165 2792 erat

577 2834 630 2889 in
659 2833 783 2896 illo,
813 2833 901 2902 qui
941 2848 1002 2886 ea
1047 2832 1144 2899 ipsi
1176 2831 1468 2894 revelaret,
1514 2829 1565 2881 id
1597 2828 1870 2896 prophetia
1909 2837 2041 2880 erat.
2071 2827 2166 2880 Est

580 2927 707 2981 item
741 2924 1016 2995 prophetia
1049 2923 1206 2977 etiam
1237 2921 1303 2976 de
1335 2920 1724 2990 praesentibus;
1754 2929 1811 2972 ut
1837 2919 1878 2970 si
1911 2919 2028 2986 quis
2067 2932 2162 2971 co-

579 3033 692 3072 ram
727 3015 982 3085 proiiheta
1020 3012 1216 3081 aliquid
1243 3013 1294 3065 iu
1325 3012 1501 3064 animo
1530 3023 1749 3063 versans
1775 3048 1788 3069 ,
1818 3008 2083 3061 occultum
2114 3009 2164 3061 ei

577 3126 698 3165 esse
724 3109 867 3171 velit,
903 3116 956 3162 et
986 3105 1240 3175 propheta
1263 3105 1432 3174 ipsum
1463 3111 1667 3170 arguat,
1699 3109 1755 3154 ut
1786 3099 2008 3153 Elisseus
2040 3114 2162 3167 erga

578 3201 722 3256 Giezi
759 3198 901 3259 fecit,
935 3197 1106 3251 futura
1141 3196 1500 3264 praenuntiatus
1541 3204 1595 3246 et
1640 3191 1844 3246 occulta
1896 3191 2160 3244 revelaus.

579 3292 791 3360 Moyses
812 3305 929 3360 quze
959 3287 1226 3358 praeterita
1252 3297 1405 3339 erant
1429 3284 1636 3354 aperuit
1664 3301 1675 3335 :
1710 3283 1796 3336 alii
1825 3298 1942 3350 quae
1967 3280 2158 3336 futura.

581 3387 654 3440 Ita
680 3384 836 3452 igitur
860 3392 942 3436 est
971 3381 1092 3435 huic
1129 3379 1364 3433 historia:
1393 3375 1794 3437 attendendum,
1829 3389 1933 3428 non
1961 3383 2017 3427 ut
2039 3387 2164 3425 nar-

580 3476 794 3537 rationi,
818 3477 909 3529 sed
943 3484 1001 3528 ut
1028 3473 1260 3527 historia:
1299 3486 1458 3533 verae,
1492 3485 1609 3537 qua:
1640 3484 1730 3536 per
1755 3468 2007 3536 Spiritum
2037 3482 2164 3520 sau-

579 3576 722 3619 etum
771 3564 971 3632 prolata
1009 3564 1098 3614 sit.
1129 3562 1256 3626 Quis
1288 3575 1445 3627 porro
1492 3567 1574 3612 est
1612 3557 1882 3625 prophetze
1931 3555 2164 3622 scopus?

585 3659 697 3711 Duo
726 3657 934 3726 Moyses
959 3655 1008 3708 in
1041 3652 1312 3722 proposito
1342 3650 1529 3712 habet,
1557 3657 1611 3702 et
1635 3648 1932 3701 doctrinam
1971 3645 2161 3707 edere,

579 3758 633 3801 et
657 3748 797 3815 leges
823 3745 1047 3799 sancire.
1084 3743 1375 3811 Legislator
1401 3742 1540 3794 enim
1569 3755 1688 3792 cum
1716 3738 1822 3799 sit,
1853 3752 1954 3789 non
1987 3746 2164 3790 tamen

579 3856 609 3893 a
640 3838 842 3906 legibus
873 3835 1096 3903 incepit,
1123 3833 1215 3887 sed
1249 3848 1277 3886 a
1307 3831 1595 3886 creatione.
1627 3829 1731 3883 Cur
1779 3837 1953 3883 autem
1994 3829 2166 3897 primo

581 3930 744 3982 voluit
777 3928 938 3980 Deum
983 3924 1264 3978 ostendere
1302 3923 1608 3978 Creatorem
1639 3932 1692 3976 et
1725 3921 2003 3974 Dominum
2048 3921 2167 3972 uni-

581 4019 763 4074 versi?
796 4017 860 4072 Ut
894 4017 1032 4070 Deus
1062 4030 1178 4069 esse
1209 4014 1683 4079 demonstraretur,
1708 4013 1795 4080 qui
1827 4029 1929 4065 non
1956 4012 2162 4072 alienis,

583 4109 676 4164 sed
717 4109 826 4160 suis
867 4107 1035 4174 legem
1070 4114 1308 4173 poneret.
1338 4103 1449 4156 Nisi
1480 4103 1619 4156 enim
1664 4103 1810 4172 prius
1849 4101 2168 4155 ostendisset

583 4215 704 4253 eum
760 4197 940 4250 mundi
990 4195 1370 4258 Conditorem,
1423 4208 1526 4246 non
1579 4193 1680 4246 [ide
1724 4193 1913 4260 dignus
1958 4191 2168 4244 habitus

583 4290 772 4344 fuisset
820 4286 998 4339 mundi
1043 4284 1358 4353 Legislator.
1397 4283 1526 4337 Nam
1573 4284 1758 4336 alienis
1797 4283 1963 4349 legem
2005 4280 2163 4342 dare,

583 4381 873 4434 violentum
898 4394 911 4440 ;
940 4393 1064 4430 suos
1091 4387 1266 4429 autem
1295 4377 1592 4437 instituere,
1621 4382 2035 4426 consentaneum
2062 4381 2162 4423 est.

585 4467 1043 4537 Quemadmodum
1069 4466 1301 4520 Joannes
1321 4463 1640 4532 evangelista
1668 4478 1770 4516 non
1805 4463 1949 4528 prius
1971 4461 2113 4528 leges
2138 4475 2167 4511 a

587 4561 802 4616 Christo
832 4561 962 4610 latas
1005 4557 1210 4625 posuit,
1242 4570 1397 4624 quam
1438 4555 1552 4620 ejus
1579 4554 1905 4606 dominatum
1950 4549 2171 4602 dixisset

589 4654 672 4707 his
699 4650 872 4705 verbis
902 4666 913 4699 :
948 4648 1012 4700 In
1051 4647 1300 4713 principio
1325 4655 1430 4699 erat
1464 4645 1694 4705 Verbum,
1727 4653 1774 4696 et
1823 4641 2036 4695 Verbum
2065 4647 2170 4691 erat

589 4744 730 4812 apud
761 4742 961 4804 Deum,
995 4749 1039 4792 et
1071 4738 1209 4791 Deus
1250 4748 1354 4791 erat
1396 4737 1623 4789 Verbum.
1677 4733 1859 4787 Omnia
1891 4749 1976 4801 per
2009 4732 2170 4799 ipsum

593 4840 727 4907 facta
774 4844 888 4887 sunt
915 4873 928 4895 ,
959 4842 1004 4884 et
1039 4832 1144 4884 sine
1175 4831 1282 4898 ipso
1309 4831 1498 4894 factum
1534 4837 1608 4881 est
1639 4828 1765 4880 nihil
1809 4826 1942 4896 quod
1982 4829 2170 4895 factum

591 4939 680 4981 est.
707 4925 773 4977 In
800 4926 908 4992 ipso
937 4925 1034 4977 vita
1063 4933 1190 4986 erat,
1221 4931 1263 4975 ct
1295 4922 1393 4974 vita
1419 4929 1520 4972 erat
1548 4922 1636 4973 lux
1663 4920 1936 4972 hominum.
1963 4916 2025 4969 In
2057 4933 2173 4984 pro-

595 5018 708 5086 pria
739 5017 868 5068 venit
889 5056 903 5078 ,
939 5025 984 5065 ct
1016 5015 1095 5067 sui
1125 5030 1234 5065 eum
1279 5029 1378 5064 non
1422 5022 1711 5075 receperunt
1743 5009 1918 5076 (Joan.
1951 5010 2001 5061 1.
2038 5008 2084 5059 1.
2117 5007 2171 5058 5.

594 5112 647 5163 4.
684 5108 806 5174 il).
835 5106 964 5158 Cum
1009 5105 1231 5157 dixisset
1278 5118 1396 5155 eum
1441 5101 1694 5167 Opiﬁcem
1739 5107 1791 5152 et
1828 5098 2170 5157 Creatorem,

598 5212 722 5254 tunc
746 5197 946 5250 inducit
969 5195 1111 5246 illum
1139 5195 1410 5248 doctorem
1441 5203 1490 5245 et
1515 5190 1892 5257 Legislutorem
1917 5186 2175 5239 universi.

606 5296 833 5348 Rursum
866 5288 998 5339 alius
1026 5284 1218 5352 Moysis
1250 5300 1458 5350 scopus.
1489 5282 1596 5334 Cur
1623 5281 1808 5332 beatus
1836 5278 2040 5345 Moyses
2067 5289 2173 5326 ea:-

603 5387 708 5439 luin
742 5379 1082 5438 memoravit,
1119 5385 1332 5436 terram,
1368 5389 1512 5426 mare
1536 5414 1549 5435 ,
1580 5386 1741 5440 aquas
1774 5382 1825 5424 et
1858 5385 1917 5423 ea
1959 5382 2075 5438 qure
2111 5382 2174 5419 ex

599 5477 706 5530 illis
748 5484 906 5536 sunt,
941 5470 1244 5539 angelorum
1273 5476 1447 5518 autem
1472 5505 1484 5529 ,
1513 5463 1948 5530 archangelorum
1971 5500 1984 5524 ,
2021 5458 2177 5511 Sera-

603 5567 750 5637 phim
800 5574 849 5616 et
895 5560 1176 5615 Cherubim
1225 5556 1420 5610 nullam
1476 5554 1797 5608 mentionem
1853 5549 2177 5614 fecit?QuEa

607 5656 857 5709 nimirum
886 5651 1266 5719 legislationeui
1295 5646 1357 5698 ad
1385 5646 1632 5711 temporis
1663 5644 1800 5695 illius
1822 5641 2180 5694 conditionem

604 5747 836 5814 aptabat.
865 5744 1089 5797 Noverat
1111 5741 1249 5795 enim
1280 5737 1585 5806 quibuscwn
1621 5733 1943 5798 loqueretur,
1975 5748 2091 5785 cum
2117 5731 2178 5783 iis

2021 355 2390 412 SEVERIANI

3740 375 3850 429 432

2272 483 2464 535 nempe
2502 468 2592 536 qui
2628 467 2966 540 exJEgypto
2994 470 3191 540 egressi
3238 479 3424 533 erant.
3457 475 3548 542 qui
3575 473 3847 544 Egyptia-

2265 574 2386 612 cum
2416 575 2675 624 errorem,
2707 562 2873 614 solem
2894 603 2909 623 ,
2941 562 3147 623 lunam,
3178 563 3379 628 stellas,
3407 563 3618 629 ﬂuvios,
3652 565 3842 630 futues,

2266 665 2430 718 aquas
2457 651 2768 706 didicerant.
2800 652 3147 706 luvisibilium
3176 669 3303 724 ergo
3331 656 3600 709 creatione
3628 658 3804 711 relicta
3825 698 3842 724 ,

2265 740 2332 792 de
2361 741 2650 795 visibilibus
2677 741 2836 795 verba
2867 741 2991 795 facit
3009 784 3024 806 ,
3050 750 3108 795 ut
3136 743 3483 811 persuaderet
3513 746 3592 798 eis
3618 747 3708 814 qui
3736 748 3847 801 ha'c

2266 831 2558 884 adorabunt
2580 872 2594 894 ,
2621 839 2679 885 ut
2716 849 2782 886 ne
2821 833 2906 886 illa
2932 833 3064 887 deos
3100 848 3219 888 esse
3257 845 3535 902 putarent,
3562 837 3660 890 sed
3685 852 3846 904 Opera

2269 921 2384 976 Dei.
2413 921 2526 977 Non
2559 936 2777 976 necesse
2808 937 3033 992 namque
3064 933 3210 986 erat,
3239 933 3296 978 ut
3329 925 3434 980 illis
3459 927 3768 995 angelorum
3791 935 3848 983 et

2266 1010 2706 1080 arclmngelorum
2751 1013 2992 1066 notitiam
3039 1013 3223 1076 daret,
3269 1029 3336 1069 ne
3379 1030 3591 1068 rursum
3639 1017 3850 1070 illorum

2265 1103 2628 1171 aegritudinem
2659 1104 2842 1158 aleret.
2865 1104 2994 1158 Nam
3022 1106 3084 1169 si,
3115 1107 3320 1161 etiamsi
3343 1123 3446 1161 non
3472 1109 3730 1172 viderent,
3752 1125 3848 1162 an-

2267 1193 2415 1260 gelos
2443 1202 2618 1247 tamen
2651 1209 2770 1247 esse
2797 1194 3066 1261 dixerunt,
3097 1196 3264 1250 multo
3291 1199 3476 1266 magis,
3509 1198 3554 1251 si
3576 1199 3850 1253 audissent

2265 1285 2488 1353 angelos
2515 1295 2608 1338 aut
2648 1286 3000 1356 archangelos
3023 1328 3038 1352 ,
3069 1297 3340 1358 putassent
3379 1290 3498 1343 illos
3537 1306 3656 1345 esse
3693 1290 3845 1345 deos.

2267 1373 2373 1428 Sed
2421 1375 2606 1428 cmlum
2655 1385 2946 1438 memorat.
2983 1387 3174 1432 terram
3203 1419 3217 1441 ,
3247 1389 3456 1434 montes
3479 1420 3494 1443 ,
3545 1395 3746 1449 aquas,
3794 1390 3850 1434 et

2268 1463 2443 1516 omnia
2465 1479 2582 1532 quae
2607 1479 2673 1518 ex
2700 1465 2804 1519 illis
2831 1475 2953 1520 sunt
2976 1483 2990 1530 ;
3016 1477 3073 1520 ut
3104 1468 3400 1522 visibilihus
3421 1469 3736 1522 invisibilem
3768 1469 3849 1521 in-

2268 1563 2606 1622 terpretetur,
2635 1565 2688 1609 et
2717 1573 2780 1610 ex
2810 1559 3063 1626 operibus
3096 1559 3356 1628 Opillcem
3395 1561 3701 1628 prodat.Sic
3720 1578 3850 1631 ergo

2267 1654 2425 1698 etiam
2455 1654 2562 1700 tres
2590 1647 2737 1714 pueri
2768 1648 3040 1718 Babylone
3085 1650 3339 1704 iecerunt.
3367 1651 3499 1717 Quia
3537 1653 3678 1705 enim
3707 1653 3848 1719 apud

2265 1743 2478 1804 gentem
2523 1735 2665 1790 illam
2714 1738 3061 1792 versabantur
3099 1739 3208 1793 Deo
3258 1740 3522 1794 inimicam
3555 1759 3568 1793 :
3603 1755 3699 1794 nec
3735 1754 3852 1796 erat

2268 1825 2362 1879 Dei
2391 1827 2656 1895 cognitio,
2689 1827 2783 1882 sed
2815 1827 2951 1882 idola
2999 1829 3311 1883 colebantur
3334 1871 3348 1893 ,
3381 1831 3432 1883 in
3474 1829 3688 1885 fornace
3727 1847 3850 1884 cum

2266 1926 2481 1982 essent,
2508 1918 2752 1973 dicebant
2785 1936 2797 1971 :
2825 1919 3110 1974 Benedicite
3134 1962 3147 1984 ,
3190 1923 3361 1976 omnia
3409 1939 3561 1992 opera
3604 1923 3850 1988 Domini,

2268 2007 2487 2064 Domino
2516 2010 2674 2082 (Dan.
2694 2013 2746 2066 3.
2767 2012 2878 2084 57).
2910 2011 3016 2067 Cur
3044 2030 3148 2068 non
3175 2015 3440 2080 dicebant,
3472 2016 3680 2084 Angeli,
3711 2017 3851 2078 exeli,

2269 2111 2430 2167 terra,
2464 2103 2618 2172 ignis,
2642 2119 2810 2173 aqua,
2834 2105 3017 2175 frigus,
3049 2117 3229 2171 :estus,
3255 2118 3307 2162 et
3336 2109 3548 2170 similia,
3579 2110 3672 2162 sed
3699 2125 3852 2163 crea-

2269 2191 2464 2246 tionem
2497 2194 2764 2263 sigillatim
2807 2208 3118 2250 enumerant
3146 2199 3168 2251 ?
3195 2197 3262 2253 Ut
3299 2208 3594 2252 creaturam
3637 2214 3852 2253 omnem

2266 2281 2570 2345 abluerent,
2599 2293 2652 2338 et
2682 2294 2846 2339 totum
2871 2289 3136 2356 opilicium
3169 2289 3486 2344 mundarent
3510 2330 3524 2352 ,
3550 2290 3854 2360 nullamque

2267 2374 2629 2443 relinquerent
2687 2377 2972 2445 impietatis
3034 2382 3338 2434 scintillam.
3394 2382 3851 2447 Quemadmodum

2267 2465 2427 2518 etiam
2456 2465 2554 2520 hoc
2592 2465 2710 2520 loco
2738 2467 2945 2538 Moyses
2975 2479 3028 2522 ut
3055 2485 3266 2523 omnem
3296 2470 3668 2541 Egyptiacum
3699 2487 3850 2524 erro-

2269 2567 2381 2606 rem
2415 2569 2442 2606 a
2472 2553 2670 2608 Judzeis
2695 2556 2990 2610 eliminarct
3014 2597 3028 2621 ,
3062 2559 3252 2612 Ca-lum
3283 2569 3336 2613 et
3365 2568 3557 2614 terram
3589 2570 3645 2613 nt
3674 2571 3851 2614 creata

2269 2657 2563 2712 memorat,
2594 2657 2649 2700 nt
2675 2646 2788 2700 huic
2832 2646 2964 2701 faeta
2990 2664 3109 2703 esse
3139 2650 3477 2714 ostenderet,
3510 2661 3564 2704 et
3597 2650 3850 2719 Opiﬁccm

2269 2735 2582 2792 declararet.
2612 2737 2677 2790 1η
2703 2739 2952 2808 principio
2981 2741 3164 2793 creavit
3200 2740 3338 2793 Deus
3363 2744 3540 2792 celum
3568 2751 3613 2794 et
3643 2753 3848 2795 terram.

2341 2827 2392 2880 3.
2441 2827 2597 2880 Verba
2643 2828 2872 2897 Moysis,
2924 2831 2974 2882 in
3034 2829 3294 2896 principio
3341 2840 3492 2892 erat,
3535 2847 3650 2882 cum
3692 2833 3850 2884 verbis

2267 2916 2561 2975 Joannis.in
2583 2917 2842 2985 principio
2861 2918 3001 2982 fecit,
3025 2927 3398 2987 comparantur.
3417 2920 3632 2973 Arianos
3653 2930 3698 2973 et
3712 2923 3851 2972 Ano-

2268 3022 2421 3059 maeos
2447 3006 2722 3076 redarguit.
2757 3007 2870 3060 Duo
2894 3005 3209 3060 Testamenta
3228 3024 3330 3060 uno
3350 3005 3659 3060 Patrcorta.
3679 3039 3730 3048 —
3755 3009 3851 3064 lltc

2271 3094 2400 3147 mihi
2429 3095 2662 3148 animum
2686 3095 2898 3150 adhibe.
2923 3096 3033 3166 Ego
3064 3097 3228 3150 miror
3251 3098 3521 3167 quomodo
3545 3099 3779 3153 Joannes
3798 3109 3851 3153 et

2272 3187 2476 3256 Moyses
2510 3188 2646 3242 idem
2686 3187 2994 3254 principium
3037 3186 3284 3241 habeant.
3314 3188 3442 3241 Nam
3474 3188 3561 3243 hic
3587 3190 3714 3243 dicit
3742 3208 3753 3242 :
3793 3189 3854 3243 In

2272 3279 2521 3346 principio
2547 3279 2730 3332 creavit
2755 3296 2772 3342 ,'
2806 3279 2893 3332 ille
2922 3295 3048 3331 vero
3073 3280 3183 3333 ait:
3218 3278 3282 3332 In
3312 3280 3560 3348 principio
3591 3291 3717 3335 erat.
3747 3281 3850 3334 Ve-

2271 3384 2387 3422 rutn
2417 3376 2471 3422 et
2501 3369 2589 3422 ille
2613 3369 2833 3434 utiliter,
2863 3379 2915 3424 et
2945 3368 3029 3422 hic
3053 3371 3282 3436 p‘r0prie.
3316 3369 3413 3424 Ubi
3440 3384 3672 3438 namque
3699 3386 3851 3425 crea-

2273 3460 2345 3512 tio
2367 3470 2501 3522 erat,
2529 3459 2660 3511 dixit
2687 3458 2912 3526 Moyses,
2941 3457 3118 3519 Fecit;
3149 3459 3233 3510 ubi
3259 3472 3386 3511 vero
3408 3459 3646 3521 Creator,
3679 3462 3853 3526 posuit

2271 3548 2591 3614 evangelista
2615 3587 2629 3607 ,
2665 3545 2808 3597 Erat.
2843 3545 3062 3597 Multum
3109 3555 3282 3598 autem
3322 3554 3405 3598 est
3447 3545 3770 3598 discriminis
3800 3558 3854 3600 et

2272 3637 2531 3690 intervalli
2558 3636 2694 3688 inter
2718 3634 2865 3697 illud,
2893 3633 3070 3694 Fecit;
3098 3643 3151 3687 et
3179 3634 3326 3696 illud,
3352 3633 3481 3685 Erat
3510 3651 3528 3686 :
3555 3635 3683 3688 illud
3709 3637 3853 3689 enim

2271 3744 2389 3783 cum
2437 3737 2560 3781 ante
2607 3743 2712 3779 non
2761 3736 2933 3789 esset,
2978 3725 3170 3779 factum
3216 3735 3296 3779 est
3328 3744 3340 3779 :
3370 3725 3455 3779 hic
3484 3741 3612 3779 vero
3643 3742 3856 3794 semper

2273 3829 2403 3876 crat.
2438 3819 2502 3872 In
2536 3819 2783 3887 principio
2811 3819 2959 3884 fecit,
2997 3827 3082 3882 et,
3115 3817 3181 3870 In
3222 3819 3468 3886 principio
3493 3829 3619 3870 erat.
3655 3818 3744 3871 Dei
3771 3828 3858 3874 est

2273 3927 2421 3977 esse,
2451 3919 2747 3964 creaturam
2780 3925 2905 3961 vero
2945 3908 3084 3971 ﬁeri,
3117 3918 3174 3961 ut
3197 3917 3252 3960 et
3289 3909 3612 3976 evangelista
3661 3907 3855 3961 distin-

2273 4005 2401 4072 guit.
2436 4001 2566 4054 Nam
2597 4000 2663 4054 de
2683 4000 2962 4055 Servatore
2985 4001 3058 4050 ait
3089 4015 3102 4050 :
3136 3996 3200 4050 In
3223 3997 3596 4066 principioerat
3619 3993 3862 4057 Verbum,

2272 4103 2318 4147 et
2349 4091 2561 4144 Verbum
2587 4099 2693 4142 erat
2720 4089 2857 4157 apud
2885 4087 3068 4152 Deum,
3092 4098 3138 4140 et
3169 4086 3303 4139 Deus
3332 4096 3437 4138 erat
3476 4085 3712 4137 Verbum.
3742 4082 3860 4136 Iloc

2274 4195 2378 4238 erat
2405 4184 2458 4235 in
2485 4181 2756 4251 principio.
2782 4178 2849 4232 In
2885 4180 2994 4245 ipso
3023 4179 3122 4230 vita
3151 4185 3277 4240 erat,
3305 4185 3352 4228 et
3380 4176 3480 4227 vita
3509 4183 3616 4226 erat
3644 4174 3734 4225 lux
3756 4179 3858 4226 lio-

2275 4276 2486 4327 minum.
2505 4273 2688 4328 Sexies
2714 4271 2865 4331 dixit,
2888 4269 3031 4332 Erat,
3055 4276 3112 4320 ut
3138 4266 3424 4334 explicaret
3455 4264 3570 4333 ejus
3595 4265 3862 4316 exsisten—

2276 4365 2423 4417 tiam.
2447 4363 2522 4415 De
2569 4361 2764 4413 iamqu
2807 4369 2979 4410 autem
3008 4397 3021 4418 ,
3054 4365 3330 4424 postquam
3381 4353 3691 4422 prmdicavit
3729 4367 3858 4405 eum

2275 4455 2364 4523 qui
2395 4462 2528 4516 erat,
2567 4462 2621 4504 et
2649 4452 2791 4504 venit
2816 4449 2880 4502 ad
2908 4463 3120 4502 servum
3145 4447 3423 4508 Joannem,
3456 4444 3588 4498 dixit
3622 4463 3634 4496 :
3667 4443 3863 4496 Factus

2277 4554 2349 4598 est
2375 4544 2544 4596 homo.
2580 4542 2719 4594 Deus
2747 4550 2880 4601 erat,
2914 4538 3072 4591 homo
3099 4547 3274 4590 autem
3303 4535 3473 4588 factus
3501 4542 3601 4588 est.
3631 4533 3780 4599 Quod
3812 4533 3862 4586 si

2277 4637 2345 4690 de
2381 4634 2667 4689 Servatore
2713 4631 2891 4686 dicere
2916 4630 3145 4685 audeant
3177 4645 3188 4680 :
3217 4628 3467 4683 Servalor
3491 4627 3649 4680 etiam
3687 4626 3866 4678 factus

2279 4737 2381 4786 est,
2412 4725 2541 4778 nihil
2572 4722 2810 4776 diderret
2835 4737 2862 4773 a
2896 4731 3055 4774 terra.
3091 4720 3339 4772 Animum
3365 4716 3557 4770 adhibe
3580 4756 3595 4779 ,
3625 4729 3811 4780 qua-so
3847 4731 3860 4764 :

2279 4820 2322 4874 si
2354 4817 2496 4871 dicat
2519 4813 2798 4867 hmreticus
2829 4829 2841 4864 :
2867 4811 3109 4864 Christus
3137 4809 3303 4861 iactus
3328 4817 3462 4868 erat,
3486 4820 3590 4857 non
3621 4811 3737 4855 erat
3760 4817 3866 4853 an-

2281 4919 2492 4976 tequam
2523 4907 2672 4958 fieret
2692 4944 2705 4964 ,
2735 4902 2858 4970 quid
2890 4916 3015 4968 ergo
3046 4901 3162 4968 plus
3204 4896 3444 4954 habebit.
3477 4908 3635 4963 quam
3668 4901 3811 4944 terra
3841 4897 3865 4944 Υ

2281 4999 2410 5054 Nam
2439 4998 2504 5051 de
2532 5007 2670 5050 terra
2717 5008 2926 5061 quoque
2951 4993 3024 5042 ait
3061 4989 3270 5056 Moyses
3302 5002 3314 5038 :
3346 4984 3505 5037 Terra
3531 4992 3698 5034 autem
3727 4991 3862 5032 erat.

2282 5091 2335 5144 Si
2367 5090 2523 5158 igitur
2548 5085 2673 5139 illud
2706 5101 2719 5137 :
2751 5081 2814 5133 In
2847 5080 3096 5148 principio
3121 5086 3245 5140 erat,
3271 5075 3338 5129 de
3365 5073 3634 5129 creatione
3661 5069 3860 5123 intelli-

2281 5191 2430 5250 gunt,
2466 5194 2569 5231 non
2603 5177 2667 5228 de
2693 5185 2890 5227 (eterna
2921 5178 3108 5223 natura
3142 5185 3155 5234 ;
3185 5167 3315 5220 nihil
3347 5167 3465 5234 plus
3491 5163 3667 5221 habet,
3697 5174 3863 5226 quant

2286 5248 2444 5325 terra.
2477 5269 2542 5320 Et
2569 5267 2706 5318 Deus
2737 5262 2966 5315 Verbum
2996 5271 3144 5321 erat,
3173 5267 3228 5312 et
3276 5266 3415 5310 terra
3458 5261 3572 5306 erat
3603 5267 3613 5300 :
3647 5248 3738 5300 sed
3769 5248 3866 5302 ille

2285 5361 2490 5432 quidem
2517 5361 2564 5410 iu
2590 5353 2846 5424 principio
2866 5365 2998 5412 erat,
3025 5369 3126 5403 non
3147 5352 3309 5402 factus
3333 5357 3544 5411 semper
3558 5343 3824 5394 exsistens
3849 5357 3864 5392 :

2290 5428 2428 5505 terra
2478 5460 2602 5500 vero
2642 5445 2776 5496 facta
2813 5453 2944 5495 erat.
2983 5438 3093 5491 Non
3133 5441 3274 5489 enim
3311 5435 3454 5504 prius
3485 5431 3615 5484 dixit
3645 5428 3866 5496 legisla-

2290 5552 2389 5604 tor,
2414 5537 2572 5592 Terra
2610 5542 2735 5595 erat,
2759 5533 2931 5586 donec
2958 5530 3156 5581 diceret
3180 5544 3191 5577 :
3226 5525 3289 5578 In
3318 5522 3563 5590 principio
3585 5523 3702 5588 fecit
3728 5518 3870 5570 Deus

2291 5635 2464 5684 (mlum
2505 5639 2548 5681 et
2590 5638 2809 5683 terram;
2839 5622 3060 5690 primum
3087 5617 3254 5679 dixit,
3287 5612 3446 5676 Fecit,
3476 5620 3658 5679 postea
3693 5623 3827 5661 vero
3854 5650 3871 5670 ,

2301 5724 2418 5775 h‘mt
2468 5719 2673 5773 Scimus
2699 5723 2845 5770 certe
2872 5754 2884 5779 ,
2914 5706 3102 5761 fratres
3125 5748 3138 5773 ,
3165 5707 3258 5760 has
3289 5703 3509 5759 subtiles
3538 5700 3879 5770 qu:estiones
