4094 6490
615 539 713 613 μία
749 539 872 612 ῥίζα
914 538 1011 609 τῆς
1043 535 1343 601 εὐσεϐείας,
1376 538 1409 605 ἡ
1446 536 1697 590 κάκεῖνον
1720 536 2052 590 παιδεύσασα
2094 536 2185 588 τὸν

612 625 928 696 νομοθέτην,
962 625 1055 676 καὶ
1089 623 1276 677 τοῦτον
1300 622 1580 691 φωτίσασα
1607 624 1698 675 τὸν
1723 624 1991 691 θεολόγον.
2024 622 2195 675 Ἀδελ-

612 716 711 781 φαὶ
754 712 862 781 γάρ
892 712 945 762 αἱ
974 709 1065 762 δύο
1101 710 1385 780 Διαθῆκαι,
1417 711 1476 775 ἐξ
1518 711 1635 774 ἑνὸς
1666 712 1877 780 Πατρὸς
1914 711 2151 763 τεθεῖσαι
2177 726 2192 741 ·

608 799 699 852 διά
731 798 888 851 τοῦτο
914 798 1008 850 καὶ
1036 795 1339 867 συμφώνως
1370 797 1459 850 τὸν
1488 797 1643 865 λόγον
1673 799 2004 869 προφέρουσι
2031 812 2044 825 ’
2073 813 2197 867 σχε-

608 886 699 939 δὸν
722 886 830 957 γάρ
860 889 892 957 ἡ
927 885 1062 956 αὑτὴ
1089 885 1253 939 εἰκὼν
1293 885 1385 940 καὶ
1406 886 1657 956 ὁμοιότης
1676 887 1927 956 ὑπάρχει.
1957 886 2067 940 Καὶ
2087 886 2191 938 ῶσδ

608 990 717 1044 περ
738 977 793 1027 ὲν
820 974 1074 1042 ἀδελφαῖς
1102 972 1160 1038 ἐξ
1186 974 1301 1036 ἑνὸς
1328 974 1529 1044 πατρὸς
1552 974 1990 1043 γεγεννημέναις,
2025 976 2195 1043 πρόσ-

608 1077 726 1114 εστι
767 1064 867 1132 τῆς
898 1060 1211 1132 ὁμοιότητος
1256 1059 1324 1112 τὰ
1375 1059 1658 1130 ίδιώματα,
1691 1060 1863 1125 οὑτως
1918 1061 2103 1131 ἐπειδὴ
2137 1059 2193 1114 αῖ

608 1147 703 1200 δύο
745 1147 1012 1217 Διαθῆκαι
1054 1148 1112 1213 ἐξ
1157 1147 1274 1210 ἐνὸς
1314 1147 1526 1216 Πατρὸς
1569 1147 1960 1218 ἐγεννήθησαν,
1992 1148 2194 1219 πολλὴν

611 1234 795 1305 έχουσι
815 1234 912 1304 τὴν
934 1234 1249 1304 ἐμφέρειαν.
1288 1233 1505 1303 Ἀμέλει
1535 1236 1629 1287 καὶ
1656 1236 1712 1285 έν
1734 1237 1799 1304 τῇ
1829 1234 2044 1305 Παλαιᾷ
2069 1238 2193 1287 Δια-

608 1323 750 1396 θήκῃ
774 1325 1094 1393 προηγεῖται
1133 1322 1325 1393 νόμος,
1354 1322 1446 1375 καὶ
1484 1322 1837 1375 ἀκολουθοῦσι
1880 1324 2189 1393 προφῆται,

604 1412 701 1464 καὶ
730 1413 787 1462 ἐν
806 1410 869 1481 τῇ
906 1410 1001 1480 νέᾳ
1030 1410 1211 1480 χάριτι
1251 1412 1572 1480 προηγεῖται
1601 1409 1660 1461 τὸ
1695 1411 2023 1478 Εὑαγγέλιον
2042 1450 2057 1473 ,
2097 1410 2193 1464 καὶ

604 1496 989 1550 ἀκολουθοῦσιν
1006 1497 1309 1548 ἀπόστολοι.
1360 1497 1506 1549 Ἐκεῖ
1530 1496 1734 1549 δώδεκα
1754 1497 2048 1567 προφῆται,
2070 1497 2195 1549 ἔκα-

605 1600 729 1645 στος
753 1596 778 1623 ι
812 1582 921 1636 τῶν
946 1581 1181 1635 δώδεκα’
1212 1581 1417 1635 δώδεκα
1438 1583 1487 1633 οἱ
1518 1584 1645 1651 περὶ
1682 1581 1841 1651 Ὠσηέ
1863 1598 1876 1611 ·
1908 1582 2189 1653 τέσσαρες,

614 1669 862 1732 Ἡσαΐας,
911 1668 1197 1739 Ἱερεμίας,
1242 1669 1539 1739 Ίεξεκιὴλ,
1576 1669 1793 1739 Δανιήλ.
1838 1670 1926 1722 Ἐν
1964 1672 2029 1740 τῇ
2076 1670 2193 1740 Νέᾳ

602 1759 808 1814 δώδεκα
840 1762 1145 1826 ἀπόστολοι,
1177 1762 1271 1815 καὶ
1301 1761 1565 1831 τέσσαρες
1597 1762 1999 1829 εὑαγγελισταί.
2046 1762 2194 1814 Ἐκεῖ

602 1846 765 1898 πάλιν
792 1846 981 1918 πρώτη
1006 1847 1193 1917 κλῆσις
1216 1847 1349 1900 Θεοῦ
1371 1848 1478 1901 ἀπὸ
1503 1848 1744 1915 ἀδελφῶν
1769 1848 1970 1917 ἤρξατο
1990 1864 2004 1877 ·
2030 1847 2189 1900 ἔλαϐε

600 1931 709 2005 γάρ
736 1933 828 1985 τὸν
858 1932 1099 2002 Μωῦσῆν
1135 1935 1228 1987 καὶ
1264 1935 1354 1987 τὸν
1400 1934 1609 2006 Ἀαρὼν
1636 1934 1883 2005 πρώτους
1912 1937 2189 2005 κὴρυκαςυ

598 2020 694 2072 καὶ
724 2020 782 2071 ὲν
800 2019 877 2089 τῷ
908 2021 1224 2091 Εὑαγγελίῳ
1253 2020 1477 2091 πρώτην
1502 2021 1694 2091 κλῆσιν
1726 2024 1959 2074 ποιεῖται
1982 2021 2188 2091 Πέτρου

598 2107 694 2159 καὶ
728 2108 998 2177 Ἀνδρέου.
1040 2110 1218 2161 Κάκεῖ
1254 2110 1352 2178 μὲν
1387 2109 1533 2179 ἁπλῆ
1570 2110 1747 2177 χάρις,
1783 2102 1883 2164 ὦδε
1917 2111 1973 2162 δὲ
2004 2109 2190 2165 διπλά-

599 2212 733 2251 σιον.
774 2198 919 2250 Ἐκεῖ
964 2197 1071 2269 γὰρ
1108 2198 1199 2251 δύο
1231 2198 1447 2266 ἀδελφοὶ
1480 2198 1788 2268 ἐκλήθησαν
1820 2201 2059 2269 Μωῦσῆς
2094 2203 2188 2253 καὶ

610 2281 853 2352 ’Λαρώνο
883 2284 1115 2337 ἐνταῦθα
1137 2285 1194 2337 δὲ
1222 2285 1381 2355 διπλῆ
1411 2284 1540 2347 δυάς
1566 2285 1833 2355 ἀδελφῶν,
1867 2287 2071 2357 Πέτρος
2095 2290 2187 2341 καὶ

610 2368 883 2439 Ἀνδρέας,
924 2370 1177 2433 Ἰάκωϐος
1202 2373 1293 2424 καὶ
1330 2373 1601 2441 Ἰωάννης.
1643 2372 1857 2444 Ἐπειδὴ
1878 2374 2139 2445 ἡθέλησεν
2158 2376 2186 2427 6

596 2456 789 2527 Σωτὴρ
823 2458 921 2525 τὴν
953 2460 1091 2511 κατά
1118 2459 1177 2510 τὸ
1208 2458 1360 2526 ἀγιον
1390 2459 1611 2529 Πνεῦμα
1633 2460 1855 2531 ἀγάπην
1878 2463 2186 2516 ὲντυπῶσαι

596 2543 749 2613 ἡμῖν,
786 2547 877 2596 καὶ
906 2545 1165 2613 ἀδελφοὺς
1200 2546 1423 2615 ποιῆσαι
1450 2550 1516 2618 τῇ
1550 2546 1787 2600 διαθέσει
1811 2549 1903 2601 καὶ
1926 2548 2003 2620 τῷ
2026 2549 2187 2602 πνεύ-

598 2646 729 2699 ματι
750 2670 764 2695 ,
798 2630 955 2683 ἔλαϐε
993 2632 1239 2701 θεμέλιον
1274 2633 1372 2703 τὴν
1406 2634 1601 2701 φύσιν,
1645 2636 1737 2687 καὶ
1776 2636 2085 2707 προσέπηξε
2118 2636 2187 2689 τὰ

594 2718 694 2788 τῆς
723 2718 936 2785 φύσεως
972 2721 1272 2791 σπλάγχνα,
1306 2722 1401 2774 καὶ
1435 2726 1491 2775 ἐν
1518 2724 1699 2794 ἐκείνῃ
1728 2725 2070 2795 ἐποικοδομεῖ
2095 2726 2185 2777 τὸν

595 2804 845 2875 θεμέλιον
874 2808 972 2875 τῆς
1017 2808 1362 2877 Ἐκκλησίας.
1394 2810 1612 2881 Πρῶτον
1636 2812 1859 2880 σημεῖον
1886 2813 1942 2863 ὲν
1972 2816 2036 2882 τῇ
2069 2814 2183 2865 Πα-

593 2893 721 2963 λαιᾷ
756 2895 784 2945 6
833 2895 1077 2963 ποταμὸς
1118 2896 1197 2957 είς
1246 2893 1385 2965 αἷμα
1432 2898 1930 2967 μεταϐαλλόμενος·
1968 2900 2182 2970 πρῶτον

597 2984 821 3049 σημεῖον
844 2982 899 3033 ἐν
926 2984 993 3051 τῆ
1017 2982 1188 3051 Καινῇ
1215 2984 1272 3035 τὸ
1303 2983 1443 3053 ὕδωρ
1472 2986 1549 3047 είς
1578 2982 1741 3039 οἶνον.
1779 2986 1916 3038 Ἀλλ’
1946 2988 2045 3039 οὑκ
2066 2987 2181 3040 ἔστι

594 3066 688 3121 τοῦ
715 3068 977 3135 παρόντος
1008 3069 1199 3140 καιροῦ
1233 3071 1411 3123 πᾶσαν
1437 3074 1609 3124 εἰπεῖν
1647 3074 1842 3143 ἐφεξῆς
1878 3074 1977 3143 τὴν
2003 3076 2180 3142 όμοιόο

593 3172 760 3225 τητα’
793 3156 871 3218 εἰς
896 3155 952 3207 δὲ
980 3156 1039 3208 τὸ
1069 3158 1426 3227 προκείμενον
1460 3160 1863 3230 ἐπανέλθωμεν.
1901 3163 2003 3215 Ἐν
2023 3161 2180 3231 ἀρχῇ

592 3242 883 3311 ἐποίησεν
911 3247 943 3297 ό
974 3244 1117 3311 Θεὸς
1148 3247 1250 3300 τὸν
1278 3248 1538 3314 οὐρανὸν
1563 3249 1660 3301 καὶ
1696 3251 1809 3314 τὴν
1832 3249 1967 3319 γῆν.
2006 3252 2091 3303 Ἐν
2122 3251 2182 3315 ἒξ

592 3332 831 3401 ἡμέραις
878 3333 1131 3402 ἐποίησεν
1166 3336 1193 3386 6
1237 3334 1366 3397 Θεὸς
1396 3335 1463 3387 τά
1491 3337 1684 3389 πάντα.
1745 3338 1881 3389 Ἀλλ’
1914 3340 1945 3407 ἡ
1988 3339 2177 3409 πρώτη

593 3420 775 3489 ἡμέρα
808 3420 1052 3491 διαφέρει
1080 3421 1187 3472 τῶν
1230 3422 1401 3474 ἄλλων
1438 3424 1544 3475 τῶν
1582 3424 1700 3493 μετ’
1735 3427 1921 3490 αὑτήν.
1969 3426 2045 3495 Τῇ
2078 3426 2179 3494 μὲν

591 3508 701 3576 γάρ
724 3508 912 3577 πρώτῃ
942 3510 1127 3579 ἡμέρᾳ
1158 3512 1412 3580 ἐποίησεν
1440 3513 1468 3563 6
1501 3512 1632 3575 Θεὸς
1650 3514 1712 3565 ὲκ
1744 3513 1820 3583 μὴ
1847 3514 2047 3566 ὄντων·
2070 3515 2179 3567 ἀπὸ

589 3594 646 3645 δὲ
678 3594 771 3663 τῆς
796 3595 1051 3665 δευτέρας
1081 3598 1293 3666 ἡμέρας
1326 3598 1478 3650 οὐδὲν
1512 3602 1764 3669 ἐποίησεν
1795 3602 1822 3651 ό
1843 3601 1976 3664 Θεὸς
2005 3604 2067 3653 ἐκ
2100 3601 2175 3671 μὴ

589 3679 779 3743 ϐντων,
804 3681 917 3733 ἀλλ’
943 3676 1017 3733 ὧν
1047 3683 1269 3752 ἐποίησε
1299 3686 1364 3753 τῇ
1404 3684 1592 3754 πρώτῃ
1624 3687 1803 3755 ἡμέρᾳ
1826 3728 1839 3751 ,
1881 3688 2174 3756 μετέϐαλεν

588 3766 664 3830 ὡς
696 3768 948 3837 ἠθέλησε.
998 3770 1068 3821 Σὺ
1116 3770 1172 3821 δὲ
1210 3772 1236 3821 6
1273 3772 1608 3839 σκεψάμενος
1643 3772 1736 3823 καὶ
1782 3774 2096 3843 ἐρευνήσας,
2127 3775 2173 3827 εἰ

592 3855 691 3923 μὲν
716 3856 992 3925 εὑρίσκεις
1023 3856 1307 3927 ἀλήθειαν,
1356 3856 1719 3927 συμφώνησον
1742 3878 1756 3892 ο
1788 3862 1835 3912 εί
1864 3861 1919 3913 δὲ
1941 3862 2037 3931 οὑχ
2082 3862 2173 3914 εὑ-

590 3941 800 4012 ρίσκεις
835 3943 1110 4012 ἀλήθειαν,
1152 3945 1467 4015 κατηγόρει,
1514 3947 1606 3997 καὶ
1636 3947 1858 4017 δέχομαι
1894 3947 1991 4020 τὴν
2039 3967 2173 4002 κατ-

588 4029 817 4097 ηγορίαν
838 4046 851 4059 ·
886 4030 1038 4099 φέρει
1064 4031 1172 4101 γάρ
1204 4048 1292 4101 μοι
1318 4032 1513 4103 πολλὴν
1541 4032 1857 4101 ἀπολογίαν.

660 4113 722 4169 δ’.
766 4115 843 4184 Τῇ
882 4115 978 4183 μὲν
1010 4112 1103 4169 οὖν
1138 4117 1327 4188 πρώτῃ
1359 4120 1539 4190 ἡμέρᾳ
1570 4120 1823 4190 ἐποίησεν
1855 4123 1881 4174 6
1914 4122 2043 4186 Θεὸς
2074 4122 2171 4186 τὰς

591 4202 721 4267 ὔλας
767 4204 875 4255 τῶν
923 4206 1269 4275 κτισμάτων
1313 4211 1432 4270 ταῖς
1470 4209 1527 4261 δὲ
1559 4209 1745 4272 ἄλλαις
1790 4211 2023 4281 ἡμέραις
2071 4212 2169 4281 τὴν

588 4291 869 4359 μόρφωσιν
900 4291 994 4342 καὶ
1025 4292 1120 4361 τὴν
1146 4292 1502 4363 διακόσμησιν
1527 4296 1634 4347 τῶν
1661 4298 1994 4367 κτισμάτων.
2044 4292 2168 4351 Οἷόν

582 4393 635 4429 τι
660 4377 802 4445 λέγω
826 4392 837 4405 ⁸
886 4378 1136 4447 Ἐποίησε
1168 4380 1257 4433 τὸν
1291 4381 1515 4451 οὐρανὸν
1555 4384 1628 4451 μὴ
1668 4384 1816 4444 ὄντα,
1849 4386 1909 4437 οὑ
1943 4383 2162 4447 τοῦτον,

581 4466 718 4519 ἀλλά
750 4466 840 4518 τὸν
888 4465 1171 4537 ὑπεράνω’
1221 4462 1373 4531 οὗτος
1416 4470 1524 4538 γὰρ
1554 4472 1618 4538 τῇ
1653 4470 1882 4540 δευτέρᾳ
1924 4472 2158 4538 ἐγένετο.

582 4552 735 4625 [ΗΟ]
770 4553 1049 4623 Ἐποίησεν
1076 4556 1104 4607 ό
1133 4555 1263 4617 Θεὸς
1293 4554 1382 4607 τὸν
1409 4557 1632 4627 οὐρανὸν
1654 4557 1742 4609 τὸν
1772 4558 1879 4611 ἀνω
1897 4598 1911 4620 ,
1944 4560 2071 4629 περί
2101 4553 2161 4612 οὗ

582 4642 675 4693 καὶ
706 4643 733 4692 6
752 4640 913 4694 Δαυῖδ
943 4641 1088 4709 λέγει
1114 4658 1127 4672 ·
1168 4642 1219 4694 Ὀ
1246 4644 1498 4711 οὐρανὸς
1528 4643 1633 4696 τοῦ
1660 4644 1916 4711 οὐρανοῦ
1945 4645 2023 4710 τῷ
2047 4650 2161 4700 Κυ-

575 4728 706 4793 ρίῳ.
771 4727 1048 4797 ’Υπερῷον
1093 4728 1147 4780 δέ
1191 4730 1305 4782 ἐστι
1336 4729 1512 4782 τοῦτο.
1548 4732 1655 4783 Καὶ
1706 4732 1894 4803 ῶσπερ
1926 4735 1983 4785 ὲν
2024 4735 2159 4804 οἴκῳ

578 4812 834 4882 διωρόφῳ
866 4815 1151 4883 μεσολαϐεῖ
1173 4817 1337 4886 στέγη
1365 4818 1503 4887 μέση
1520 4818 1545 4857 υ
1567 4860 1581 4883 ,
1612 4818 1783 4881 οὕτως
1806 4821 1880 4883 ώς
1900 4820 1994 4873 ἕνα
2011 4817 2158 4874 οἷκον

580 4901 768 4962 κτίσας
798 4902 826 4953 6
857 4902 1056 4972 Κύριος
1097 4904 1188 4955 τὸν
1219 4905 1452 4973 κόσμον,
1486 4907 1656 4976 μέσην
1689 4907 1884 4976 στέγην
1921 4909 2154 4978 ἐπέθηκε

577 4988 668 5038 τὸν
698 4988 924 5056 οὑρανὸν
956 4990 1163 5052 τοῦτον,
1188 4994 1279 5043 καὶ
1304 4992 1555 5060 ὑπεράνω
1578 4992 1644 5045 τά
1678 4993 1864 5049 ῦδατα.
1884 4995 1981 5047 Διά
1998 4994 2155 5047 τοῦτο

577 5074 721 5140 λέγει
745 5075 933 5126 Δαυῖδ’
962 5078 1024 5127 '0
1047 5076 1341 5145 στενάζων
1367 5078 1543 5131 ὕδασι
1574 5080 1646 5131 τὰ
1684 5080 1920 5148 ὑπερῷα
1944 5081 2149 5135 αὑτοῦ.

588 5162 869 5230 Ἐποίησεν
889 5158 980 5214 οὖν
1008 5164 1097 5213 τὸν
1118 5166 1342 5233 οὐρανὸν
1368 5166 1439 5235 μὴ
1459 5166 1605 5229 ὄντα,
1624 5168 1721 5236 τὴν
1746 5170 1848 5237 γῆν
1873 5170 1947 5239 μὴ
1964 5165 2148 5233 οὖσαν,

578 5249 672 5312 τάς
703 5248 969 5309 ἀϐύσσους
1002 5250 1075 5317 μὴ
1112 5250 1294 5313 οὑσας,
1323 5253 1574 5321 ἀνέμους,
1606 5254 1789 5325 ἀέρας,
1824 5255 1951 5325 πῦρ,
1986 5256 2146 5325 ὕδωρ.

2069 414 2436 476 SEVERIANI

3776 437 3890 493 434

2301 536 2472 606 πυρὸς
2495 535 2589 587 καὶ
2609 534 2767 604 ἀέρος
2790 534 2850 587 οὑ
2870 533 3199 606 γέγραπται.
3225 533 3447 606 Πρῶτον
3476 533 3573 604 μὲν
3596 529 3709 597 οὖν,
3737 534 3895 589 ἀδελ·

2296 624 2408 691 φοὶ,
2451 623 2545 691 ἀφ’
2583 617 2644 675 οὗ
2696 616 2817 674 εἷπε
2864 622 2956 674 τὸν
3001 622 3229 691 οὐρανὸν
3275 622 3367 674 καὶ
3394 622 3489 691 τὴν
3539 621 3644 691 γῆν
3664 622 3893 691 γεγενῆο

2298 708 2443 774 σθαι,
2470 710 2533 761 ὲκ
2562 710 2665 761 τῶν
2682 708 3047 779 περιεχόντων
3065 710 3339 778 ἡρμήνευε
3357 718 3379 747 ο
3404 709 3471 761 τὰ
3491 708 3888 779 περιεχόμενα.

2308 797 2395 859 Ὠς
2424 796 2533 865 γὰρ
2565 796 2653 849 ὅτε
2682 792 2858 861 εἶπεν,
2907 796 3230 861 Ἐποίησεν
3264 798 3297 848 ὸ
3336 796 3482 859 Θεὸς
3510 795 3617 848 τὸν
3658 796 3894 863 ἀνθρω-

2300 897 2433 948 πον,
2470 882 2624 952 χοῦν
2659 882 2863 937 λαϐὼν
2894 882 3014 937 ἀπὸ
3047 881 3156 949 τῆς
3184 882 3315 951 γῆς,
3357 878 3478 935 εἷπε
3512 882 3612 952 μὲν
3656 882 3719 934 τὸ
3749 883 3900 936 πλά-

2296 987 2427 1040 σμα,
2451 971 2551 1023 οὑκ
2568 971 2839 1042 ἠρίθμησε
2863 970 2919 1023 δὲ
2947 971 3013 1023 τά
3040 970 3196 1040 μέλη,
3225 970 3345 1023 οὑδὲ
3374 965 3529 1022 εἶπεν
3548 986 3560 998 ·
3601 970 3898 1037 Ἐποίησεν

2295 1060 2323 1111 ὁ
2360 1059 2489 1123 Θεὸς
2522 1059 2850 1130 ὀφθαλμοὺς,
2894 1060 2988 1116 καὶ
3025 1053 3160 1119 ὦτα,
3197 1059 3291 1113 καὶ
3326 1061 3447 1131 pm
3472 1073 3484 1086 ’
3522 1057 3660 1111 ἀλλά
3692 1058 3769 1127 τῷ
3809 1060 3895 1110 εί-

2297 1150 2418 1199 πεῖν
2449 1147 2539 1200 τὸν
2573 1148 2859 1217 ἄνθρωπον
2890 1147 2987 1200 ὅλα
3013 1146 3417 1217 συμπεριέλαϐε
3433 1146 3498 1199 τά
3518 1146 3687 1216 μέλη·
3712 1146 3897 1209 οὕτως

2296 1232 2609 1298 είπὼν,Τύν
2629 1234 2890 1302 οὐρανὸν
2916 1234 3013 1287 καὶ
3053 1233 3167 1300 τὴν
3197 1232 3313 1301 γῆν
3343 1234 3683 1299 ἐποίησενό
3716 1234 3892 1297 Θεέτς,

2296 1321 2700 1390 συμπεριέλαϐε
2736 1321 2936 1384 πάντα,
2965 1322 3059 1372 καὶ
3090 1323 3450 1389 συνεισήγαγε
3479 1322 3575 1373 καὶ
3603 1319 3667 1370 τὸ
3690 1318 3893 1382 σκότος

2295 1408 2387 1459 καὶ
2435 1407 2533 1471 τάς
2577 1408 2847 1471 ἀϐύσσους
2901 1410 3303 1478 γεγενημένας’
3356 1408 3581 1470 Σκότος
3623 1407 3731 1475 γάρ
3783 1402 3891 1474 ἦν,

2295 1494 2485 1564 φησὶν,
2515 1494 2720 1548 ἐπάνω
2748 1493 2859 1562 τῆς
2885 1496 3182 1550 ἀϐύσσου.
3234 1494 3504 1557 Ἀϐυσσος
3552 1495 3609 1547 δὲ
3639 1494 3894 1547 καλεῖται

2293 1582 2356 1635 τὸ
2385 1582 2589 1655 πλῆθος
2614 1584 2723 1637 τῶν
2750 1585 2977 1638 ὑδάτων.
3001 1586 3122 1637 ’Ὁτι
3151 1584 3208 1637 δὲ
3240 1586 3331 1637 καὶ
3352 1582 3577 1638 ἀϐυσσοι
3609 1582 3889 1649 ἐγένοντο,

2299 1672 2639 1742 μαρτυρεῖὴ
2686 1672 2877 1742 Γραφὴ
2911 1671 3179 1739 λέγουσα·
3222 1672 3341 1738 Πρὸ
3376 1670 3483 1724 τοῦ
3527 1670 3634 1735 τὰς
3689 1670 3891 1722 ἀσύσ-

2292 1775 2443 1825 σους
2468 1759 2737 1825 ποιῆσαι,
2762 1760 2875 1827 πρὸ
2904 1760 3008 1813 τοῦ
3026 1760 3138 1827 τὴν
3154 1758 3271 1828 γῆν
3288 1759 3586 1827 γενέσθαι.
3607 1757 3771 1809 Ὥστε
3788 1757 3891 1809 καὶ

2292 1846 2516 1899 ἄϐυσσοι
2542 1848 2805 1913 ἐγένοντο.
2828 1842 2958 1899 Εἶτα
2982 1847 3075 1899 καὶ
3094 1849 3122 1899 6
3143 1846 3251 1915 ἀὴρ
3274 1846 3402 1897 πότε
3429 1844 3663 1911 ἐγένετο,
3683 1844 3887 1896 ἄκουε*

2293 1933 2400 1987 Kal
2435 1934 2669 2002 πνεῦμα
2704 1935 2851 1987 Θεοῦ
2877 1934 3195 2002 ἐπεφέρετο
3236 1931 3437 1985 ἐπάνω
3476 1930 3595 1984 τῶν
3621 1930 3886 1985 ὑδάτων.

2293 2023 2519 2093 Πνεῦμα
2540 2023 2596 2075 δὲ
2619 2024 2679 2075 οὑ
2710 2024 2769 2075 τὸ
2801 2023 2955 2089 ἀγιον
2984 2023 3132 2089 λέγει
3170 2021 3403 2075 ἐνταῦθα
3422 2038 3435 2051 ’
3469 2020 3527 2071 οὑ
3552 2019 3660 2088 γάρ
3681 2020 3749 2088 τῇ
3776 2016 3893 2069 κτίο

2294 2128 2374 2163 σει
2408 2112 2814 2182 συναριθμεῖται
2862 2111 2923 2163 τὸ
2966 2112 3221 2165 ἀκτιστον
3250 2127 3264 2141 ν
3301 2108 3436 2163 ἀλλά
3465 2105 3684 2176 πνεῦμα
3727 2104 3893 2157 καλεῖ

2290 2198 2387 2267 τὴν
2415 2198 2509 2251 τοῦ
2536 2198 2697 2266 ἀέρος
2729 2199 2965 2268 κίνησιν.
3006 2198 3117 2251 Καὶ
3152 2196 3341 2267 ῶσπερ
3373 2197 3431 2248 ὲν
3476 2195 3553 2263 τῷ
3595 2194 3753 2263 Ἠλία
3790 2191 3890 2259 γέ-

2289 2300 2531 2355 γραπται
2558 2286 2633 2355 τῷ
2654 2287 2904 2355 προφήτῃ
2922 2302 2933 2312 ·
2954 2284 3061 2338 Καὶ
3086 2287 3119 2337 ό
3142 2283 3398 2352 οὐρανὸς
3419 2282 3891 2335 συνεσκότασεν

2289 2372 2357 2424 ἐν
2378 2372 2603 2441 νεφέλῃ
2636 2371 2732 2425 καὶ
2760 2374 3052 2440 πνεύματι
3077 2386 3091 2400 ·
3116 2369 3259 2423 οὑτω
3282 2372 3372 2421 καὶ
3403 2368 3633 2421 ἐνταῦθα
3663 2368 3887 2438 πνεῦμα

2288 2459 2389 2528 την
2418 2459 2511 2511 τοῦ
2552 2460 2716 2529 ἀέρος
2760 2458 2907 2527 λέγει
2947 2459 3129 2527 φύσιν.
3163 2456 3361 2510 Λοιπὸν
3401 2455 3647 2508 λείπεται
3678 2455 3882 2521 δεῖξαι,

2290 2547 2393 2600 ποῦ
2423 2548 2484 2600 τὸ
2509 2547 2620 2617 πῦρ
2656 2548 2895 2616 ἐγένετο.
2928 2544 3093 2599 Εἶπεν
3124 2548 3152 2598 6
3192 2546 3323 2608 Θεός
3342 2563 3355 2575 ·
3384 2544 3702 2611 Γενηθήτω
3730 2542 3884 2612 φῶς,

2290 2637 2382 2687 καὶ
2419 2637 2636 2703 ἐγένετο
2670 2639 2703 2705 ἡ
2745 2635 2839 2688 τοῦ
2865 2634 3031 2706 πυρὸς
3069 2634 3230 2703 φῦσις
3254 2648 3266 2661 ·
3299 2633 3359 2685 οὑ
3384 2632 3495 2703 γάρ
3532 2633 3691 2701 μόνον
3722 2630 3887 2684 τοῦτο

2288 2723 2348 2774 τὸ
2373 2722 2483 2793 πῦρ
2528 2724 2675 2776 ἐστιν
2699 2764 2713 2787 ,
2748 2722 2884 2775 ἀλλά
2926 2724 3019 2775 καὶ
3049 2724 3105 2773 αἱ
3146 2722 3257 2775 ἀνω
3300 2720 3559 2790 δυνάμεις
3595 2718 3707 2789 πῦρ
3748 2722 3881 2781 εἱσι,

2288 2812 2383 2864 καὶ
2413 2812 2672 2879 συγγενές
2699 2812 2815 2863 ἐστι
2841 2810 2901 2862 τὸ
2922 2811 3034 2863 ἀνω
3065 2809 3174 2878 πῦρ
3213 2809 3404 2861 τούτου
3434 2808 3527 2860 τοῦ
3560 2808 3691 2877 παρ’
3723 2811 3879 2877 ἡμῖν.

2285 2900 2507 2967 Ζητεῖτε
2554 2898 2649 2958 δὲ,
2685 2899 2765 2950 ὅτι
2808 2896 2871 2949 τὸ
2918 2898 3016 2965 μὲν
3066 2897 3390 2959 σϐέννυται,
3417 2896 3477 2949 τὸ
3521 2896 3576 2948 δὲ
3625 2896 3687 2947 οὑ
3724 2897 3882 2947 σϐέν-

2285 3004 2462 3041 νυται.
2525 2985 2680 3039 Ἐπεὶ
2739 2985 2832 3038 καὶ
2876 2986 3002 3047 τοὺς
3049 2985 3315 3062 ἀγγέλους
3357 2985 3613 3054 ἐποίησεν
3659 2986 3688 3036 6
3745 2984 3882 3046 Θεὸς

2287 3074 2594 3144 πνεύματα,
2622 3075 2713 3125 καὶ
2748 3074 2847 3137 τάς
2872 3073 3049 3143 ψυχὰς
3081 3073 3240 3144 ἡμῶν
3274 3072 3580 3142 πνεύματα,
3614 3071 3752 3123 ἀλλά
3779 3089 3880 3133 τλς

2289 3162 2387 3231 μὲν
2424 3163 2601 3231 ψυχὰς
2635 3161 2791 3231 ἡμῶν
2820 3164 2876 3214 ὲν
2904 3161 3140 3229 σώμασι,
3168 3161 3293 3223 τοῦς
3315 3160 3371 3213 δὲ
3411 3160 3675 3227 ἀγγέλους
3714 3160 3878 3221 ἐκτὸς

2288 3249 2577 3318 σωμάτων.
2614 3248 2825 3318 Ὥσπερ
2862 3244 2955 3302 οὖν
2986 3249 3076 3300 ἐπὶ
3106 3248 3217 3300 τῶν
3244 3246 3435 3316 ψυχῶν
3466 3248 3559 3299 καί
3588 3246 3696 3298 τῶν
3717 3247 3878 3312 ἀγγέο

2284 3335 2413 3398 λων,
2445 3334 2589 3387 οὕτω
2618 3336 2709 3387 καὶ
2730 3336 2823 3387 ἐπὶ
2860 3335 2951 3387 τοῦ
2986 3335 3159 3405 πυρὸς
3207 3334 3354 3386 ἐστιν
3390 3335 3535 3386 ίδεῖν.
3574 3332 3645 3384 Τὸ
3675 3334 3785 3403 πῦρ
3813 3333 3877 3385 τὸ

2285 3425 2397 3477 ἀνω
2419 3423 2548 3476 ἀνευ
2585 3423 2739 3491 ὕλης,
2768 3423 2831 3475 τὸ
2858 3424 2967 3495 πῦρ
2994 3425 3054 3477 τὸ
3098 3425 3248 3477 κάτω
3282 3422 3421 3494 μετά
3454 3422 3585 3490 ῦλης
3606 3438 3621 3453 ο
3658 3422 3717 3473 τὸ
3761 3422 3873 3493 γὰρ

2283 3512 2394 3565 ἀνω
2427 3510 2539 3580 πῦρ
2568 3511 2828 3579 συγγενὲς
2872 3512 3077 3564 τούτων
3111 3513 3277 3573 ἐστὶν,
3308 3511 3494 3580 ῶσπερ
3524 3510 3618 3561 καὶ
3651 3511 3683 3579 ἡ
3719 3510 3870 3579 ψυχὴ

2282 3601 2438 3669 ἡμῶν
2482 3603 2751 3670 συγγενὴς
2784 3600 3031 3667 ἀγγέλων
3055 3619 3067 3632 ·
3103 3601 3237 3653 καθὸ
3283 3602 3524 3653 κάκεῖνοι
3554 3600 3868 3667 πνεύματα,

2280 3693 2371 3745 καὶ
2396 3689 2554 3746 αὗται
2583 3693 2889 3763 πνεύματα,
2914 3694 2989 3756 ὼς
3020 3696 3111 3746 καὶ
3144 3696 3192 3746 οἱ
3225 3698 3369 3765 τρεῖς
3400 3695 3585 3757 παῖδες
3610 3694 3867 3762 λέγουσι’

2279 3786 2617 3854 Εὑλογεῖτε,
2646 3789 2957 3856 πνεύματα
2984 3788 3079 3840 καὶ
3110 3788 3301 3856 ψυχαὶ
3340 3786 3583 3840 δικαίων
3601 3804 3613 3817 ⁶
3652 3790 3744 3841 καὶ
3764 3786 3869 3841 πάο

2278 3877 2393 3930 λιν·
2444 3880 2497 3931 '0
2544 3879 2731 3933 ποιῶν
2769 3880 2911 3945 τοὺς
2957 3880 3250 3949 ἀγγέλους
3294 3880 3481 3935 αὑτοῦ
3531 3883 3861 3949 πνεύματα.

2278 3970 2416 4023 Οὔτε
2444 3966 2535 4024 οὖν
2563 3971 2707 4040 ψυχὴ
2735 3973 2863 4026 ἄνευ
2888 3972 3137 4039 σώματος
3160 3974 3428 4041 φαίνεται,
3453 3972 3574 4026 οῦτε
3602 3973 3713 4043 πῦρ
3733 3975 3864 4029 ἀνευ

2279 4063 2595 4126 στυππείου,
2628 4064 2658 4132 ἡ
2693 4063 3039 4133 κληματίδος,
3074 4064 3105 4133 ἥ
3138 4065 3328 4135 ἑτέρας
3359 4064 3490 4135 ῦλης
3524 4065 3670 4117 ἔστιν
3712 4066 3861 4122 ἰδεῖν.

2277 4156 2394 4209 Ἵνα
2419 4156 2474 4208 δὲ
2503 4156 2685 4225 δειχθῇ
2711 4157 2789 4208 ὅτι
2819 4156 2880 4208 τὸ
2908 4156 3019 4225 πῦρ
3046 4157 3202 4209 τοῦτο
3233 4158 3332 4210 οὑκ
3372 4157 3515 4210 ἔστιν
3559 4158 3858 4229 ἀλλότριον,

2274 4248 2309 4316 ἡ
2354 4247 2527 4310 κτίσις
2580 4247 2839 4300 διδάσκει.
2875 4247 3067 4299 Πολλοὶ
3117 4250 3224 4318 γάρ
3274 4248 3534 4311 πολλάκις
3567 4252 3718 4320 παρά
3763 4247 3858 4303 τοῦ

2276 4339 2425 4407 ἡλίου
2452 4338 2783 4402 δανείζονται
2818 4338 2947 4407 πῦρ,
2981 4339 3073 4391 καὶ
3116 4339 3377 4391 ἅπτουσιν
3397 4356 3409 4369 ο
3446 4340 3493 4391 εί
3523 4340 3577 4391 δὲ
3604 4336 3671 4409 ἡν
3702 4341 3859 4393 ἀλλὸ-

2271 4447 2440 4499 τριον,
2467 4429 2582 4491 πῶς
2609 4429 2667 4481 τὸ
2688 4429 2966 4497 ἀλλότριον
2994 4430 3050 4494 ἐξ
3072 4428 3234 4481 αὑτοῦ
3259 4429 3619 4499 ἐ).αμ6ἀνετο;
3648 4432 3855 4497 Ἄλλως

2272 4519 2421 4591 [Ml]
2457 4520 2512 4571 δὲ
2540 4519 2711 4581 οῦτως
2740 4520 2797 4571 ὲν
2826 4520 2903 4589 τῷ
2930 4519 3143 4591 οὐρανῷ
3172 4520 3283 4588 πῦρ
3318 4523 3463 4574 ἐστιν
3494 4523 3655 4576 άῦλον
3687 4524 3848 4592 μέγα.

2269 4610 2344 4673 ὡς
2377 4611 2469 4661 καὶ
2500 4610 2555 4660 ὲν
2574 4609 2652 4680 τῷ
2680 4610 2795 4681 ὸρει
2825 4611 2954 4680 Σινᾷ
2983 4611 3093 4681 πῦρ
3121 4612 3375 4681 φανῆναι,
3397 4613 3572 4683 ὅπερά
3595 4615 3656 4667 οὑ
3679 4615 3851 4681 ξύλων

2269 4700 2663 4768 ὑποκειμένων,
2690 4700 2804 4753 ἀλλ’
2836 4701 2894 4766 ἐξ
2929 4700 3094 4754 αὑτοῦ
3130 4702 3221 4755 τοῦ
3253 4702 3417 4756 ἀὺλου
3448 4704 3619 4774 πυρὸς
3644 4707 3851 4776 ῆγαγεν

2266 4793 2294 4842 ό
2328 4790 2458 4851 Θεὸς
2490 4794 2567 4854 είς
2597 4792 2753 4843 θέαν·
2784 4792 2879 4845 καὶ
2922 4794 2997 4855 ῶς
3030 4793 3095 4847 ἀν
3130 4795 3271 4847 εἴποι
3305 4812 3389 4857 τις
3415 4791 3552 4848 είναι
3575 4796 3731 4850 τοῦτο
3762 4816 3848 4867 μι-

2266 4881 2397 4950 κρὸν
2432 4881 2491 4933 τὸ
2522 4882 2633 4953 πῦρ
2676 4883 2806 4952 παρ’
2847 4884 3023 4936 έκεῖνο
3067 4885 3127 4937 τὸ
3172 4886 3337 4954 μέγα,
3371 4885 3544 4949 οὕτως
3574 4883 3668 4941 οὖν
3699 4888 3845 4957 λέγει

2264 4973 2357 5024 καὶ
2404 4974 2677 5043 Μωῦσῆς·
2748 4974 2847 5037 Ἐξ
2909 4976 3168 5042 οιίριινοῦ
3216 4977 3504 5043 ἐποίησεν
3553 4981 3587 5031 ὁ
3635 4981 3845 5046 Κύριος

2262 5063 2578 5129 ἀκουστὴν
2616 5063 2825 5131 φωνὴν
2867 5065 3074 5125 αὑτοῦ,
3111 5066 3207 5119 καὶ
3244 5066 3475 5131 ἔδειξεν
3518 5071 3551 5122 a’
3598 5069 3741 5134 Θεὸς
3774 5071 3839 5123 τὸ

2261 5155 2380 5222 πῦρ
2405 5156 2591 5208 αὐτοῦ
2616 5156 2678 5207 τό
2701 5155 2854 5222 μέγα
2874 5172 2887 5185 ’
2923 5156 3009 5209 ἵνα
3033 5157 3181 5230 δείξῃ
3222 5158 3379 5211 τοῦτο
3409 5160 3623 5230 μικρὸν.
3659 5161 3839 5213 Πάντα

2258 5240 2352 5296 οὖν
2387 5243 2496 5313 πῦρ
2532 5245 2666 5304 ἐστι,
2706 5246 2797 5296 καὶ
2844 5246 3118 5315 ἀστραπὴ,
3159 5246 3251 5299 καὶ
3300 5250 3347 5300 οί
3398 5248 3644 5319 ἀστέρες,
3692 5250 3782 5301 καὶ
3808 5253 3836 5302 ὁ

578 5338 799 5390 Πάντων
834 5336 940 5388 τῶν
977 5337 1279 5405 γενομένων
1322 5341 1420 5408 τῆν
1466 5340 1596 5410 ὓλην
1625 5344 1689 5412 τῇ
1720 5342 1908 5414 πρώτῃ
1968 5344 2149 5413 ἡμέρᾳ
2258 5335 2537 5403 ἧλιος,καὶ
2582 5337 2613 5404 ἡ
2660 5336 2876 5405 σελὴνη,
2913 5338 3093 5391 καὶτὸ
3124 5340 3252 5409 παρ’
3277 5342 3407 5410 ἡμῖν
3433 5340 3543 5411 πῦρ
3579 5341 3836 5408 συγγενές

576 5425 849 5493 ἐποίησεν.
886 5425 1045 5475 Ἀλλά
1077 5425 1291 5487 πάντως
1327 5427 1439 5495 ἐρεῖ
1463 5443 1576 5490 τις,
1600 5428 1908 5497 Γέγραπται
1944 5430 2041 5499 μὲν
2068 5431 2148 5482 ὃτι

2259 5429 2392 5480 ἐστι.
2419 5428 2527 5480 Καὶ
2552 5426 2713 5496 βλέπε
2745 5429 2859 5491 πῶς
2889 5432 3206 5498 συγγένειαν
3232 5431 3342 5502 ἔχει
3366 5434 3398 5502 ἡ
3422 5432 3673 5502 ἀστραπὴ
3700 5436 3833 5502 πρὸς

575 5513 797 5583 ἐποίησε
829 5514 917 5565 τὸν
947 5513 1170 5583 οὐρανὸν
1199 5515 1291 5565 καὶ
1320 5514 1415 5584 τὴν
1442 5513 1562 5581 γῆν,
1603 5516 1729 5587 περὶ
1758 5516 1811 5568 δὲ
1839 5516 2027 5579 ὓδατος
2058 5517 2147 5569 καὶ
2256 5515 2381 5577 τοὺς
2417 5516 2650 5585 ἀστέρας
2678 5516 2741 5567 ἐκ
2766 5514 2858 5568 τοῦ
2900 5518 3160 5588 ὀνόματος
3182 5536 3193 5549 ο
3225 5520 3476 5589 ἀστραπὴ
3515 5522 3607 5573 καὶ
3636 5520 3827 5591 ἄστρα.

637 5691 663 5752 f
686 5690 928 5752 Ἕκαστος
950 5688 1091 5737 deest
1120 5690 1167 5736 in
1194 5688 1362 5747 Savi|.,
1390 5690 1729 5752 clandicalque
1753 5692 2018 5741 senlenlia.

633 5749 663 5790 Β
685 5750 882 5815 Coswas
908 5752 985 5815 καῖ
1012 5753 1225 5811 ὑπεράνω
1248 5752 1293 5799 δέ
1321 5753 1419 5800 ἐστι
1442 5753 1628 5811 τούτου,
1651 5749 1731 5800 καὶ
1754 5755 1817 5808 ὡς
1837 5754 1883 5800 ἐν
1905 5756 2023 5815 οἴκῳ
2048 5757 2141 5803 διο·

573 5814 702 5876 ρόφῳ
731 5813 1059 5872 μεσολαίῑεῐται
1086 5820 1167 5869 τῆς
1190 5821 1273 5873 γῆς
1295 5816 1454 5874 μέσον.

2319 5695 2341 5766 ξ
2376 5692 2527 5741 Valic.
2553 5700 2605 5741 el
2628 5693 2827 5743 Cosmas
2868 5695 3154 5758 ἡρμήνευσε,
3178 5696 3287 5747 Sav.
3328 5696 3544 5758 indeque
3569 5696 3828 5751 Combem

2258 5755 2477 5816 ἐμήνυσε.
2908 5755 2914 5758 ’
2936 5755 2942 5757 Ἴ

2319 5814 2346 5853 d
2366 5816 2521 5877 "Omp
2544 5816 2759 5865 additum
2784 5830 2811 5864 ρ
2836 5816 2985 5867 Savil.
