4102 6528
240 511 353 566 433

254 614 544 668 multorum
575 611 767 665 animis
808 610 1057 665 molestas
1093 610 1278 665 videri.
1311 610 1502 666 Verum
1532 621 1741 680 oportet
1770 611 1821 664 in

254 702 340 756 die
365 700 574 770 jejuuii,
604 715 723 754 cum
752 700 1111 769 vigilantiores
1139 700 1330 754 animae
1358 708 1502 764 sunt,
1532 701 1599 754 de
1624 700 1827 753 altiori-

253 795 353 848 bus
378 793 536 846 verba
568 792 761 847 facere.
803 789 872 845 In
901 793 1147 861 principio
1188 802 1327 857 erat,
1359 800 1445 856 et,
1483 790 1545 843 In
1581 792 1826 859 principio

256 883 406 951 (erit;
449 883 567 935 ideo
608 880 884 935 exordium
915 895 1012 950 par
1039 894 1157 935 esse
1198 880 1328 945 dixi,
1362 879 1423 933 In
1452 880 1719 949 principio,
1748 887 1822 941 et,

256 971 322 1027 In
369 972 661 1042 principio;
698 979 754 1025 ut
790 970 1213 1034 demonstretur,
1257 985 1414 1024 unam
1456 984 1577 1024 esse
1619 969 1826 1037 pietatis

253 1062 507 1123 radicem,
530 1076 647 1130 qua:
676 1069 729 1115 et
758 1061 923 1125 illum,
959 1075 1149 1130 nempe
1178 1061 1554 1130 legislatorem,
1582 1060 1822 1123 instituit,

253 1163 307 1207 et
350 1152 522 1217 hunc,
573 1152 873 1221 theologum
913 1152 1144 1217 scilicet,
1202 1152 1530 1205 illuminavit.
1566 1151 1823 1206 Germana

254 1244 448 1311 quippe
476 1251 598 1295 sunt
617 1240 723 1295 duo
752 1242 1110 1304 Testamenta,
1139 1256 1245 1294 uno
1267 1241 1423 1294 Patre
1446 1250 1560 1295 orta
1585 1257 1598 1292 ε
1630 1240 1746 1295 ideo
1774 1240 1823 1293 in

253 1346 499 1385 sermone
540 1330 916 1385 consentiunt:
951 1330 1060 1384 fere
1108 1331 1247 1384 enim
1287 1331 1468 1384 eadem
1501 1330 1701 1398 imago,
1730 1344 1825 1382 ea-

252 1421 372 1475 dem
408 1420 696 1474 similitudo
721 1428 818 1473 est.
853 1420 929 1472 Ac
955 1418 1397 1487 quemadmodum
1445 1420 1496 1473 in
1536 1418 1822 1487 germanis,

255 1528 358 1565 uno
388 1521 535 1579 patre
559 1511 688 1565 ortis
710 1551 725 1574 ,
766 1510 965 1564 similes
1008 1520 1131 1564 sunt
1158 1514 1508 1580 proprietates
1539 1531 1551 1565 :
1583 1512 1660 1565 sic
1702 1513 1824 1580 quia

253 1604 358 1657 duo
389 1604 722 1657 Testamenta
753 1616 857 1655 uno
883 1601 1037 1655 Patre
1063 1611 1178 1655 orta
1208 1611 1350 1668 sunt,
1384 1602 1599 1655 multam
1630 1601 1827 1655 habent

253 1692 667 1747 similitudinem.
700 1687 842 1745 Sane
875 1700 928 1744 et
972 1691 1024 1743 in
1056 1690 1229 1744 Veteri
1260 1691 1599 1745 Testamento
1627 1704 1827 1758 praece-

253 1780 331 1833 dit
349 1780 449 1843 lex,
473 1787 527 1833 et
550 1788 841 1846 sequuntur
865 1777 1153 1847 prophetae,
1176 1788 1229 1834 et
1254 1780 1304 1832 in
1336 1794 1473 1833 nova
1501 1779 1663 1846 gratia
1693 1792 1826 1846 prae-

252 1870 395 1924 cedit
413 1866 779 1934 Evangelium,
802 1878 854 1922 et
888 1878 1179 1937 sequuntur
1207 1870 1451 1938 apostoli.
1487 1869 1597 1922 Illic
1622 1867 1824 1921 duode-

253 1960 356 2012 rim
390 1958 659 2026 prophetae
684 1998 698 2023 ,
722 1967 775 2011 et
811 1959 1001 2027 singuli
1038 1968 1161 2013 sunt
1185 1974 1250 2014 ex
1276 1974 1496 2013 numero
1538 1956 1821 2011 duodeno;

254 2048 533 2103 duodecim
562 2058 682 2101 sunt
707 2047 842 2102 Osee
869 2058 923 2102 et
955 2049 1143 2119 reliqui
1179 2069 1192 2104 :
1221 2058 1480 2119 quatuor,
1511 2048 1668 2103 Isaias
1692 2087 1706 2110 ,
1737 2047 1827 2101 Je-

251 2140 479 2203 remias,
516 2137 791 2200 Ezechiel,
821 2138 1020 2193 Daniel.
1052 2139 1104 2193 in
1146 2138 1293 2193 Novo
1325 2139 1661 2193 Testamento
1689 2137 1823 2191 duo-

250 2226 424 2279 decim
466 2227 725 2293 apostoli,
759 2236 811 2280 et
854 2238 1077 2296 quatuor
1117 2229 1472 2296 evangelista.
1504 2227 1615 2282 Illic
1643 2242 1824 2282 rursus

252 2317 424 2384 prima
466 2317 670 2370 vocatio
716 2317 805 2369 Dei
833 2332 861 2370 a
903 2317 1152 2372 fratribus
1194 2320 1356 2387 cmpit
1400 2336 1413 2372 :
1459 2320 1660 2387 accepit
1684 2319 1822 2373 enim

250 2405 492 2474 Moysen:
520 2414 573 2458 et
600 2409 860 2460 Aarnnem
907 2407 1103 2475 primos
1128 2421 1397 2475 praecones
1436 2408 1524 2462 :in
1538 2408 1824 2477 Evangelio

252 2510 464 2563 quoque
494 2495 710 2562 primam
734 2496 1059 2550 vocationem
1089 2495 1211 2549 facit
1236 2496 1376 2551 Petri
1401 2506 1453 2551 et
1481 2496 1724 2551 Andreae.
1761 2497 1824 2550 Et

251 2585 360 2639 illic
387 2586 599 2655 quidem
632 2587 856 2655 simplex
883 2586 1069 2656 gratia,
1091 2586 1177 2640 hic
1205 2595 1378 2640 autem
1408 2586 1568 2655 duplo
1597 2588 1819 2639 auctior.

251 2673 364 2727 Illic
392 2677 531 2728 enim
555 2676 659 2728 duo
689 2676 876 2730 fratres
902 2676 1071 2729 vocati
1099 2685 1238 2740 sunt,
1270 2676 1476 2747 Moyses
1509 2684 1563 2730 et
1601 2679 1775 2729 Aaron
1805 2690 1819 2739 ;

252 2764 338 2819 hic
370 2776 549 2819 autem
582 2767 661 2819 bis
695 2766 797 2819 duo
828 2767 1038 2829 fratres,
1068 2766 1256 2821 Petrus
1279 2776 1336 2822 et
1379 2766 1635 2831 Andreas,
1666 2767 1823 2821 Jacoo

250 2852 350 2907 bus
374 2864 431 2907 et
452 2854 700 2909 Joannes.
733 2856 861 2922 Quia
892 2856 1058 2910 voluit
1081 2856 1334 2912 Servator
1357 2872 1474 2911 eam
1495 2873 1611 2927 qua:
1635 2873 1824 2912 secun-

250 2944 374 2997 dum
403 2946 652 3013 Spiritum
675 2956 911 2999 sanctum
942 2954 1025 3001 est
1050 2948 1320 3001 caritatem
1349 2947 1498 3001 nobis
1528 2948 1818 3013 insinuare,

250 3045 302 3087 et
329 3034 520 3087 fratres
548 3034 736 3089 aerctu
762 3036 916 3089 simul
960 3044 1015 3090 et
1061 3036 1246 3103 spiritu
1286 3035 1479 3101 facere,
1511 3036 1823 3090 fundamen-

250 3133 358 3176 tum
388 3125 613 3192 sumpsit
654 3134 911 3187 naturam,
940 3125 1261 3195 inseruitque
1290 3138 1488 3179 natura:
1518 3127 1742 3189 viscera,
1770 3136 1823 3179 et

248 3212 299 3265 in
352 3212 443 3267 illa
497 3212 931 3279 supersedificavit
971 3214 1365 3268 fundamentum
1409 3215 1676 3268 Ecclesiae.
1704 3215 1822 3268 Pri-

247 3318 394 3357 mum
451 3304 653 3372 signum
703 3305 755 3357 in
789 3305 965 3359 Veteri
1010 3306 1105 3359 fuit
1132 3313 1363 3359 mutatus
1410 3307 1462 3359 in
1510 3307 1819 3376 sanguinem

246 3394 475 3456 fluvius;
512 3394 735 3461 primum
780 3395 985 3460 signum
1027 3396 1078 3449 in
1122 3395 1269 3450 Novo
1301 3395 1397 3449 fuit
1426 3398 1645 3450 mutatio
1673 3411 1821 3465 aqua:

247 3486 298 3537 in
334 3484 537 3536 vinum.
571 3483 759 3537 Verum
792 3500 895 3537 non
939 3493 1020 3538 est
1058 3486 1332 3553 praesentis
1374 3486 1627 3555 temporis
1655 3495 1820 3539 totam

245 3574 646 3628 similitudinem
675 3574 924 3642 deinceps
963 3577 1207 3645 persequi
1240 3595 1252 3630 :
1287 3575 1380 3630 sed
1419 3577 1484 3630 ad
1525 3577 1820 3631 institutum

245 3674 597 3717 revertamur.
629 3662 693 3716 In
720 3664 965 3732 principio
1006 3665 1121 3731 fecit
1156 3664 1292 3719 Deus
1328 3666 1503 3719 cwlum
1533 3677 1578 3719 et
1616 3676 1816 3724 tetram.

244 3751 345 3807 Sex
379 3754 587 3807 dierum
616 3754 783 3822 spatio
811 3753 933 3807 fecit
980 3753 1117 3807 Deus
1150 3756 1345 3807 omnia.
1376 3755 1478 3810 Sed
1506 3755 1674 3824 prima
1704 3754 1817 3811 dies

242 3844 425 3897 difTert
469 3858 496 3893 a
533 3842 891 3910 sequentibus.
924 3841 1051 3895 Nam
1098 3843 1263 3910 prima
1311 3842 1397 3897 die
1442 3843 1562 3897 fecit
1591 3844 1726 3898 Deus
1755 3859 1819 3897 ex

243 3950 348 3985 non
382 3933 714 3986 exstantibus
757 3949 769 3983 :
820 3946 850 3984 a
894 3930 1127 3985 secundo
1166 3940 1341 3984 autem
1389 3931 1473 3985 die
1518 3932 1647 3985 nihil
1698 3933 1821 3988 fecit

243 4025 383 4078 Deus
412 4040 478 4077 ex
518 4037 621 4075 non
649 4022 1010 4085 exstantibus;
1042 4022 1133 4075 sed
1179 4037 1243 4075 ex
1290 4023 1350 4075 iis
1392 4038 1508 4091 qua:
1538 4024 1703 4092 prima
1735 4024 1820 4079 die

241 4114 445 4168 fecerat
478 4114 697 4165 mutavit
728 4123 782 4165 ut
812 4113 993 4165 voluit.
1018 4112 1095 4165 Tu
1139 4127 1263 4165 vero
1296 4112 1374 4165 his
1401 4113 1743 4167 consideratis
1766 4124 1821 4168 et

239 4204 556 4271 exploratis,
589 4204 632 4255 si
663 4200 934 4255 veritatem
962 4200 1347 4270 deprehendis,
1376 4216 1653 4256 assensum
1679 4218 1818 4272 pra:-

239 4294 347 4358 be;
382 4296 469 4346 sin
511 4308 613 4344 non
658 4291 1042 4359 deprehendis,
1093 4292 1306 4358 incusa,
1352 4300 1405 4346 et
1432 4295 1819 4348 accusationem

238 4384 466 4436 admitto
500 4400 512 4436 :
546 4382 594 4435 id
647 4382 785 4435 enim
832 4382 1048 4435 multam
1090 4382 1414 4439 defensionis
1459 4398 1640 4439 ausam
1690 4385 1819 4439 mihi

243 4475 468 4542 przltbet.

308 4568 361 4621 4.
384 4565 639 4621 Ctelorum
657 4568 892 4635 formatio
906 4566 977 4635 (α)
990 4567 1256 4622 .-Ρι·ἰηιο
1275 4568 1448 4639 itaque
1463 4570 1821 4626 diecreatura-

237 4674 353 4711 rum
382 4657 664 4708 materiam
685 4654 803 4709 fecit
825 4656 981 4718 Deus;
1010 4658 1221 4726 reliquis
1241 4674 1365 4713 vero
1382 4659 1567 4714 diebus
1598 4663 1816 4714 formam

236 4757 555 4802 etnrnatum
575 4758 952 4800 creaturarum.
974 4748 1215 4817 Exempli
1233 4764 1388 4803 causa
1413 4792 1427 4815 ,
1457 4749 1579 4803 fecit
1606 4751 1814 4814 caelum,

235 4839 372 4906 quod
389 4848 515 4891 ante
536 4852 636 4889 non
656 4847 794 4901 erat;
811 4852 912 4890 non
936 4835 1035 4891 hoc
1058 4837 1265 4901 caelum,
1291 4838 1382 4890 sed
1409 4838 1548 4907 quod
1578 4840 1817 4906 superius

240 4940 320 4984 est
344 4949 355 4983 :
393 4930 497 4982 hoc
527 4928 721 4996 quippe
745 4928 929 4982 caelum
958 4928 1188 4982 secundo
1215 4928 1301 4981 die
1328 4927 1521 4982 factum
1548 4938 1647 4982 est.
1670 4929 1821 4982 Fecit

238 5021 373 5074 Dens
389 5020 586 5074 ozelum
613 5020 871 5086 superius,
888 5018 952 5071 de
970 5033 1074 5087 quo
1099 5017 1263 5071 David
1286 5037 1297 5072 :
1320 5016 1506 5071 Caelum
1523 5019 1631 5070 cwli
1650 5017 1821 5070 Domi-

235 5127 296 5162 no
320 5111 495 5180 (Psal.
521 5108 642 5161 115.
678 5106 783 5176 16).
810 5107 937 5160 illud
966 5123 1092 5162 vero
1120 5108 1268 5175 quasi
1291 5122 1592 5175 supremum
1621 5108 1820 5161 tabula-

238 5212 342 5255 tum
362 5210 465 5255 est.
494 5204 572 5253 Ac
596 5196 1032 5266 quemadmodum
1062 5197 1114 5249 in
1132 5197 1289 5250 domo
1301 5196 1521 5250 duarum
1540 5198 1815 5265 contigua-

236 5293 438 5344 tionum
471 5286 1058 5342 intercedittabulatum
1089 5286 1351 5340 medium:
1382 5286 1461 5340 sic
1487 5296 1539 5339 et
1562 5286 1813 5339 Dominus

236 5383 488 5435 nnmdum
504 5394 695 5435 creans
716 5392 810 5432 ceu
828 5378 1060 5442 domum,
1090 5377 1315 5430 medium
1333 5377 1617 5430 tabulatum
1642 5377 1818 5444 posuit

235 5472 332 5525 hoc
356 5474 550 5527 caelum
571 5513 585 5535 ,
602 5477 656 5523 et
674 5482 828 5538 supra
860 5468 1003 5521 illmn
1026 5481 1204 5534 aquas.
1225 5466 1349 5521 Ideo
1375 5467 1448 5519 ait
1480 5466 1643 5520 David
1668 5485 1679 5519 :
1719 5467 1818 5533 Qui

232 5568 351 5632 tegis
373 5566 517 5631 aquis
537 5562 795 5628 superiora
807 5560 915 5624 eius
931 5557 1097 5631 (Psaf.
1122 5558 1240 5611 105.
1261 5559 1335 5625 5).
1360 5558 1507 5612 Fecit
1537 5559 1692 5627 igitur
1711 5572 1815 5611 cce-

233 5669 335 5705 .um
359 5653 503 5722 quod
517 5661 643 5705 ante
659 5666 760 5705 non
779 5660 908 5715 erat,
926 5659 1114 5705 terram
1136 5663 1251 5718 qua:
1263 5659 1383 5702 ante
1396 5666 1498 5703 non
1520 5658 1647 5714 erat,
1674 5652 1820 5718 abys-

293 5781 364 5839 (η)
398 5791 512 5838 Qua:
554 5780 1001 5843 sequunturiafl‘ert
1040 5779 1231 5831 Cosmus
1270 5778 1520 5841 {Egyptius
1565 5782 1613 5829 in
1660 5780 1818 5830 Colle-

233 5843 389 5891 ctiouc
414 5851 583 5892 nostra
606 5841 657 5891 't".
685 5841 729 5899 Ξ,
758 5855 803 5903 υ.
830 5842 937 5894 530.

1314 493 1403 552 DE
1443 496 1655 552 MUNDI
1693 494 2083 550 CREATIUNE
2119 497 2368 553 ORATIO
2408 500 2446 553 Ι.

3393 512 3505 569 434

1930 625 2021 667 sos
2036 628 2151 681 qua:
2168 622 2291 668 ante
2304 630 2407 668 non
2424 623 2599 680 erant,
2620 626 2825 680 ventos,
2850 632 3050 685 aerem,
3072 620 3267 692 ignem,
3285 638 3497 693 aquam.

1931 702 2174 756 Omnium
2190 718 2307 772 qua:
2332 702 2467 757 facta
2490 714 2613 759 sunt
2630 709 2903 762 materiam
2923 711 3089 779 prima
3110 712 3196 767 die
3224 713 3365 767 fecit.
3393 715 3500 770 Sed

1932 791 2069 844 haud
2090 792 2247 847 dubie
2274 792 2410 847 dicet
2441 794 2667 863 aliquis:
2696 795 2962 865 Scriptum
2991 809 3072 854 est
3098 801 3270 870 ipsum
3304 803 3497 857 fecisse

1930 881 2114 935 carlum
2156 891 2209 936 et
2251 892 2478 949 terram,
2521 884 2587 938 de
2615 899 2784 954 aqua,
2831 886 2951 956 igne
2986 898 3041 942 et
3081 905 3204 944 aere
3231 906 3336 944 non
3362 893 3498 946 scri—

1930 981 2076 1038 ptum
2103 981 2204 1025 est.
2234 972 2413 1026 Primo
2440 974 2644 1042 itaque,
2670 974 2857 1030 fratres
2879 1015 2893 1039 ,
2925 993 2989 1030 ex
3020 994 3123 1046 quo
3153 980 3285 1033 dixit
3311 982 3498 1035 cmlum

1931 1070 1983 1113 et
2017 1071 2207 1114 terram
2248 1060 2381 1115 facta
2409 1077 2528 1117 esse
2556 1104 2570 1128 ,
2601 1079 2668 1116 ex
2712 1066 2776 1118 iis
2818 1081 2934 1134 quae
2973 1069 3243 1122 continent
3280 1085 3340 1123 ea
3382 1086 3500 1140 quae

1931 1150 2270 1204 continentur
2314 1152 2579 1205 indicavit.
2623 1152 2769 1207 Sicut
2812 1156 2951 1208 enim
2978 1170 3097 1209 cmn
3138 1156 3316 1225 dixit,
3356 1158 3501 1215 Fecit

1930 1239 2065 1292 Deus
2091 1242 2335 1294 hominem
2361 1242 2609 1310 pulverem
2630 1245 2876 1311 accipiens
2900 1246 2961 1298 de
2985 1256 3119 1299 terra
3148 1249 3292 1316 (Gen.
3329 1252 3382 1305 2.
3421 1253 3499 1321 7),

1929 1332 2195 1400 opificium
2224 1333 2355 1385 dixit
2379 1373 2394 1396 ,
2427 1350 2529 1388 non
2558 1336 2793 1391 membra
2820 1340 3149 1392 enumeravit
3177 1356 3190 1391 :
3221 1355 3392 1407 neque
3412 1340 3498 1395 di-

1930 1423 2042 1476 xit:
2074 1420 2222 1476 Fecit
2252 1422 2390 1477 Deus
2415 1424 2618 1490 oculos,
2650 1434 2896 1492 etaures,
2929 1436 2983 1482 et
3003 1443 3180 1493 nares,
3208 1430 3300 1483 sed
3326 1430 3497 1484 homi-

1932 1526 2051 1563 nem
2081 1510 2282 1573 dtcens,
2310 1514 2483 1566 omnia
2507 1514 2661 1568 simul
2691 1516 2923 1570 membra
2952 1519 3352 1586 comprehendit
3378 1538 3390 1571 :
3420 1520 3498 1575 sic

1929 1615 2047 1653 cum
2078 1601 2206 1653 dicit
2236 1641 2249 1664 ,
2281 1600 2443 1656 Deum
2490 1602 2678 1658 fecisse
2713 1605 2899 1659 caelum
2947 1615 2999 1660 et
3043 1617 3234 1661 terram
3262 1649 3277 1672 ,
3307 1619 3496 1663 cuncta
3574 1620 3577 1625 ‘

1928 1689 2237 1757 complexus
2264 1700 2366 1755 est,
2399 1700 2451 1745 et
2478 1707 2578 1745 una
2611 1696 2855 1748 tenebras
2880 1704 2935 1749 et
2976 1696 3197 1766 abyssos
3222 1697 3387 1750 factas
3412 1699 3496 1751 in-

1928 1780 2071 1833 duxit
2100 1798 2111 1832 :
2141 1795 2261 1833 nam
2284 1780 2539 1847 Tenebrw,
2565 1783 2753 1853 inquit,
2787 1796 2925 1838 erant
2950 1802 3099 1855 super
3126 1788 3303 1855 faciem
3331 1788 3495 1857 abyssi

1929 1870 1948 1937 (
1971 1867 2095 1921 Gen.
2130 1870 2181 1925 1.
2212 1870 2247 1921 2
2265 1870 2302 1939 ).
2336 1871 2571 1942 Abyssus
2599 1888 2725 1927 vero
2751 1884 2971 1928 vocatur
2998 1890 3251 1944 aquarum
3278 1891 3492 1945 gurges.

1927 1958 2076 2024 Quod
2104 1967 2277 2012 autem
2299 1961 2455 2013 etiam
2487 1962 2661 2030 abyssi
2691 1961 2840 2017 facta:
2863 1964 2985 2027 sint,
3013 1966 3321 2019 testificatur
3347 1965 3492 2021 Scri-

1929 2057 2078 2116 ptura
2121 2048 2303 2101 dicens
2341 2068 2353 2102 :
2402 2050 2680 2119 Antequam
2713 2054 2917 2121 abyssos
2964 2056 3306 2114 constitueret,
3355 2066 3495 2108 ante-

1926 2153 2078 2205 quam
2113 2147 2293 2189 terram
2327 2148 2515 2191 crearet
2547 2141 2563 2207 (
2597 2138 2748 2192 Prov.
2774 2141 2826 2195 8.
2852 2141 2940 2194 24.
2970 2142 3038 2195 26
3063 2142 3104 2212 ).
3133 2141 3308 2210 Itaque
3342 2144 3493 2196 facta:

1926 2236 2079 2280 erant
2117 2228 2313 2296 abyssi.
2344 2228 2543 2282 Deinde
2573 2245 2663 2282 aer
2698 2245 2910 2298 quoque
2949 2232 3283 2298 quandonam
3324 2232 3492 2285 factus

1926 2315 1995 2368 sit
2016 2315 2136 2368 audi
2159 2335 2172 2367 :
2198 2315 2262 2367 Et
2282 2316 2487 2383 spiritus
2518 2316 2608 2369 Dei
2640 2318 2888 2386 ferebatur
2912 2335 3061 2386 super
3081 2336 3234 2388 aquas
3264 2319 3409 2388 (Gen.
3436 2322 3489 2374 1.

1925 2402 2006 2471 2).
2033 2404 2132 2457 llic
2161 2418 2264 2456 non
2295 2404 2545 2472 Spiritum
2591 2416 2828 2459 sanctum
2870 2409 3030 2472 dicit;
3064 2424 3168 2461 non
3200 2410 3338 2462 enim
3368 2425 3490 2463 cum

1926 2494 2184 2547 creaturis
2225 2504 2599 2548 annumeratur
2642 2496 2693 2548 id
2724 2498 2863 2565 quod
2903 2498 3197 2552 incrcatum
3228 2508 3309 2553 est
3349 2517 3360 2551 :
3397 2500 3489 2554 sed

1927 2584 2167 2651 Spiritum
2208 2592 2361 2637 vocat
2400 2585 2537 2637 aeris
2580 2594 2797 2638 motum.
2840 2589 2916 2640 Ac
2950 2589 3392 2656 quemadmodum
3434 2592 3486 2643 in

1928 2673 2039 2725 Elia
2071 2672 2321 2740 propheta
2362 2674 2615 2742 scriptum
2644 2684 2725 2729 est
2757 2694 2769 2728 :
2804 2674 2870 2728 Et
2908 2678 3083 2730 cretum
3128 2681 3489 2732 contenebravit

1926 2765 1975 2817 in
1998 2766 2124 2817 nube
2152 2775 2194 2817 et
2220 2767 2399 2834 spiritu
2422 2768 2498 2835 (5.
2530 2766 2655 2836 Reg.
2680 2768 2764 2821 13.
2792 2769 2904 2835 45);
2935 2771 3010 2821 sic
3039 2780 3086 2823 et
3119 2770 3217 2822 hoc
3246 2771 3360 2825 loco
3382 2772 3489 2840 δρία

1927 2855 2083 2908 ritum
2126 2866 2278 2909 vocat
2321 2859 2458 2909 aeris
2503 2868 2763 2911 naturam.
2797 2858 3013 2912 Demum
3046 2869 3287 2927 superest
3314 2869 3367 2912 ut
3397 2875 3490 2914 os-

1926 2946 2220 3006 tendamus,
2239 2946 2449 2999 ubinam
2469 2947 2601 3015 iguis
2618 2945 2784 2999 factus
2808 2946 2894 3000 sit.
2920 2945 3060 3000 Dixit
3078 2947 3231 3011 Deus,
3258 2948 3374 2999 Fiat
3400 2950 3490 3002 luat

1930 3034 2077 3104 (Gen.
2106 3035 2155 3088 1.
2184 3035 2264 3103 2),
2288 3043 2342 3088 et
2361 3034 2495 3089 facta
2518 3047 2597 3089 est
2620 3037 2755 3104 ignis
2775 3045 2959 3089 natura
2986 3054 2998 3088 :
3032 3053 3134 3089 non
3158 3038 3325 3091 solum
3345 3039 3485 3091 enim

1925 3126 2010 3177 hic
2041 3125 2173 3192 ignis
2200 3126 2426 3187 exsistit,
2458 3124 2547 3177 sed
2577 3126 2733 3178 etiam
2764 3140 3007 3193 supernm
3035 3134 3323 3193 potestates
3350 3128 3486 3195 ignis

1925 3223 2086 3279 Sunt,
2116 3213 2394 3282 affinisque
2420 3222 2503 3267 est
2527 3230 2789 3282 supernus
2821 3214 2907 3267 ille
2937 3254 2951 3279 ,
2996 3214 3116 3267 huic
3144 3224 3327 3269 nostro
3357 3217 3483 3283 igni.

1923 3304 2185 3371 Quaeritur
2209 3313 2403 3367 autem,
2428 3319 2519 3357 cur
2538 3304 2621 3357 hic
2645 3304 3024 3374 exstinguatur,
3047 3305 3132 3358 ille
3155 3320 3281 3358 vero
3310 3320 3483 3359 secus.

1924 3397 2051 3464 Quia
2078 3396 2289 3465 angelos
2330 3396 2451 3449 fecit
2482 3395 2615 3449 Deus
2641 3395 2855 3463 spiritus
2884 3436 2898 3461 ,
2930 3396 3235 3463 animasque
3280 3403 3486 3448 nostras

1925 3486 2047 3539 item
2072 3485 2306 3553 spiritus,
2330 3484 2420 3537 sed
2455 3485 2658 3536 animas
2680 3492 2889 3536 nostras
2916 3483 2965 3535 in
2991 3497 3246 3551 corpore,
3272 3485 3488 3550 angelus

1923 3584 2098 3629 autem
2127 3586 2275 3628 extra
2301 3588 2545 3642 corpora.
2598 3573 3054 3641 Quemadmodum
3095 3574 3251 3643 igitur
3293 3575 3343 3627 in
3376 3574 3489 3627 ani-

1923 3665 2107 3719 mabus
2135 3674 2188 3717 et
2211 3664 2261 3718 in
2288 3664 2506 3732 angelis,
2540 3664 2615 3717 sic
2644 3672 2698 3717 et
2723 3664 2773 3717 in
2798 3664 2915 3733 igne
2938 3678 3046 3717 rem
3074 3679 3132 3717 se
3162 3663 3354 3718 habere
3374 3678 3490 3717 cer-

1924 3756 2085 3808 nitur.
2128 3753 2265 3822 lgnis
2305 3768 2564 3822 supernus
2600 3754 2714 3807 sine
2756 3757 2976 3807 materia
3011 3794 3026 3818 ,
3073 3754 3207 3822 ignis
3251 3753 3488 3806 infernus

1923 3860 2041 3899 cum
2066 3845 2313 3898 materia:
2341 3844 2571 3897 caelestis
2594 3844 2734 3897 enim
2764 3843 2899 3912 ignis
2928 3843 3007 3896 his
3030 3852 3110 3896 est
3132 3841 3327 3905 affinis,
3352 3844 3490 3894 sicut

1924 3943 1976 3989 et
2018 3935 2189 3987 anima
2230 3941 2412 3987 nostra
2457 3932 2627 3984 affinis
2661 3940 2743 3985 est
2788 3933 3025 4000 angelis:
3065 3941 3121 3984 ut
3161 3932 3232 3985 illi
3272 3933 3489 3999 spiritus

1924 4034 2078 4087 sunt,
2112 4025 2188 4077 sic
2216 4034 2268 4076 et
2296 4022 2379 4076 hae
2406 4030 2529 4077 sunt
2552 4022 2767 4090 spiritus
2788 4061 2802 4085 ,
2827 4030 2887 4074 ut
2903 4022 3060 4074 etiam
3093 4030 3201 4074 tres
3231 4022 3378 4089 pueri
3403 4021 3488 4071 di-

1924 4126 2048 4169 cunt
2074 4134 2086 4170 :
2113 4114 2629 4182 Beuedicite,spiritus
2663 4121 2709 4165 et
2745 4113 2925 4164 anima:
2944 4115 3193 4181 justorum
3226 4110 3244 4180 (
3274 4109 3405 4161 Dan.
3432 4110 3483 4163 5.

1924 4206 2012 4272 86)
2039 4222 2053 4268 ;
2084 4220 2145 4259 ac
2172 4218 2401 4268 rursum,
2428 4202 2526 4268 Qui
2556 4202 2675 4269 facit
2699 4203 2902 4270 angelos
2930 4217 3046 4254 suos
3073 4200 3235 4265 Spiritt
3258 4216 3279 4244 π
3312 4197 3482 4267 (Psal.

1925 4295 2045 4348 105.
2080 4294 2113 4348 «1
2140 4294 2177 4363 ).
2210 4292 2387 4361 Neque
2417 4291 2573 4361 igitur
2600 4290 2773 4343 anima
2816 4289 2928 4343 sine
2957 4303 3181 4356 corpore
3221 4294 3440 4354 apparet
3470 4326 3484 4350 ,

1926 4402 2094 4455 neque
2120 4387 2291 4455 ignem
2316 4386 2429 4438 sine
2455 4394 2663 4452 stuppa,
2689 4381 2772 4436 vel
2802 4390 3072 4435 sarmento
3091 4423 3106 4446 ,
3129 4381 3211 4434 vel
3233 4380 3334 4432 alia
3365 4394 3478 4431 ma-

1926 4477 2053 4530 teria
2098 4475 2277 4529 videre
2316 4484 2417 4527 est.
2463 4472 2533 4528 Ut
2565 4481 2739 4525 autem
2783 4471 3089 4525 ostendatur
3134 4468 3273 4521 hunc
3314 4469 3486 4535 ignem

1923 4582 2029 4621 non
2058 4580 2175 4621 esse
2204 4565 2469 4630 alienum,
2514 4562 2566 4616 id
2596 4562 2752 4615 dooet
2781 4562 2892 4629 ipsa
2925 4569 3128 4613 natura.
3153 4557 3300 4611 Multi
3330 4571 3486 4609 nam-

1924 4673 2026 4724 que
2052 4670 2191 4723 saepc
2220 4670 2283 4707 ex
2306 4654 2420 4707 sole
2451 4654 2621 4720 ignem
2654 4659 2978 4713 mutuantur,
3000 4656 3054 4701 et
3075 4646 3367 4700 accendunt
3393 4663 3406 4697 :
3442 4646 3486 4698 si

1924 4755 2097 4798 autem
2128 4745 2329 4796 alienus
2359 4752 2519 4805 esset,
2549 4739 2818 4809 quomodo
2848 4739 3075 4792 alienum
3107 4753 3171 4791 ex
3197 4739 3308 4805 ipso
3344 4737 3487 4789 acci—

1926 4834 2180 4903 peretur?
2207 4834 2453 4901 Alioquin
2484 4840 2588 4884 tam
2619 4832 2799 4899 ingens
2844 4831 2895 4883 in
2944 4829 3074 4883 czelo
3106 4829 3238 4896 ignis
3266 4838 3349 4881 est
3374 4830 3489 4884 sine

1924 4925 2163 4982 materia,
2188 4932 2243 4975 ut
2272 4924 2322 4975 in
2353 4930 2529 4974 monte
2558 4920 2680 4975 Sina
2708 4920 2841 4989 ignis
2867 4928 3162 4987 appareret,
3182 4934 3335 4987 quem
3368 4918 3489 4973 abs-

1924 5030 2026 5085 que
2064 5014 2215 5081 lignis
2270 5012 2520 5079 subjectis
2553 5052 2567 5071 ,
2594 5010 2686 5063 sed
2734 5025 2796 5062 ex
2841 5010 2955 5077 ipso
2991 5009 3225 5061 materia:
3270 5018 3489 5077 experte

1927 5108 2045 5175 igne
2066 5105 2131 5157 ad
2154 5104 2505 5172 Spectaculum
2536 5101 2719 5154 eduxit
2749 5100 2911 5159 Deus,
2934 5110 2989 5152 ut
3009 5100 3267 5167 quispiam
3295 5099 3488 5151 dixerit

1928 5209 2142 5263 parvum
2174 5206 2291 5246 esse
2339 5192 2477 5243 hunc
2517 5191 2691 5259 ignem
2722 5204 2840 5243 cum
2871 5189 2960 5241 illo
2992 5189 3187 5256 ingenti
3214 5202 3489 5255 compara-

1927 5296 2058 5340 tum.
2104 5285 2192 5340 Sic
2231 5285 2403 5351 itaque
2448 5284 2520 5335 ait
2562 5281 2803 5351 Moyses:
2836 5279 2912 5333 De
2952 5282 3074 5331 caelo
3112 5280 3331 5331 auditam
3376 5278 3487 5345 fecit

1925 5378 2174 5432 Dominus
2216 5391 2381 5427 vocent
2422 5390 2563 5426 suam
2598 5414 2611 5435 ,
2651 5383 2696 5425 et
2728 5373 2938 5425 asteudit
2980 5371 3114 5423 Deus
3153 5372 3313 5439 ignem
3342 5383 3485 5421 suum

1926 5466 2203 5541 magnum(
2233 5465 2379 5519 Deut.
2414 5466 2465 5517 4.
2493 5465 2563 5518 36
2594 5463 2645 5533 );
2678 5474 2732 5515 ut
2771 5462 3161 5518 demonstraret
3200 5461 3333 5511 hunc
3369 5470 3489 5509 esse

1926 5576 2163 5630 parvum.
2192 5557 2377 5611 Omnia
2406 5558 2576 5625 itaque
2603 5555 2736 5623 ignis
2757 5563 2895 5617 sunt,
2929 5562 2979 5605 et
3006 5552 3197 5619 fulgur,
3221 5560 3271 5603 et
3298 5546 3483 5608 stellae,

1927 5662 1979 5705 et
2008 5651 2083 5703 sol
2106 5659 2156 5702 et
2182 5648 2323 5709 luna,
2358 5646 2564 5714 illisque
2596 5654 2775 5697 noster
2796 5643 2927 5711 ignis
2957 5642 3130 5693 affinis
3156 5648 3253 5690 cst.
3277 5638 3336 5689 Et
3367 5635 3487 5689 vide

1927 5756 2083 5809 quam
2124 5738 2431 5790 afﬁnitatem
2475 5734 2701 5787 habeant
2730 5737 2955 5802 ἀστραπή
2981 5738 3033 5783 et
3066 5732 3279 5794 ἀστέρες,
3314 5724 3486 5790 fulgur

1928 5841 1980 5885 ct
2006 5828 2192 5894 stellae,
2219 5828 2303 5882 vel
2328 5842 2393 5881 cx
2420 5827 2531 5896 ipso
2558 5826 2805 5889 nomine;
2836 5826 3059 5891 ἀστραπή
3090 5826 3141 5871 ct
3167 5825 3319 5887 ᾱςτρα
3340 5855 3354 5882 ,
3382 5813 3483 5866 ful-
