4102 6464
613 445 728 502 435

613 566 713 617 gur
736 556 792 603 et
813 546 995 602 stellae.
1028 544 1278 599 Servator
1303 550 1502 604 autem,
1535 547 1589 592 ut
1614 533 1914 591 ostenderet
1940 534 2112 602 ignem
2133 543 2186 588 et

615 642 792 711 fulgur
817 639 1006 694 similia
1033 651 1152 691 esse
1177 677 1191 699 ,
1215 636 1288 688 ait
1318 633 1368 686 in
1399 627 1721 697 Evangelio:
1748 627 1974 680 Lucerna
2005 641 2187 688 corpo-

614 733 687 785 ris
705 739 777 783 est
797 728 990 782 oculus.
1020 726 1080 781 Si
1101 725 1274 778 oculus
1294 733 1406 774 tuus
1425 722 1575 789 fuerit
1597 717 1811 780 lucidus,
1831 724 1988 768 totum
2008 730 2191 780 corpus

617 830 757 872 tuum
779 817 1001 870 lucidum
1027 816 1119 868 erit
1139 813 1351 884 (Matth.
1379 811 1431 865 6.
1454 809 1570 877 22).
1596 809 1720 862 Haec
1741 809 2010 861 Servator.
2037 803 2193 857 Dein—

614 908 684 962 de
704 907 1005 974 subiungit:
1031 904 1096 959 Ut
1125 919 1237 956 cum
1262 902 1463 954 lucerna
1482 900 1682 969 fulgure
1700 896 1952 950 illuminat
1973 903 2019 946 te
2040 893 2192 965 (Luc.

621 999 707 1052 ll.
742 997 832 1064 56)
857 1014 869 1059 ;
901 997 1128 1049 lucerna:
1153 994 1325 1062 fulgur
1349 1006 1546 1045 vocans
1575 990 1808 1043 lucernae
1837 986 2116 1056 fulgorem.

691 1087 743 1141 5.
772 1085 958 1139 Omnia
981 1085 1138 1151 igitur
1167 1082 1301 1136 facta
1329 1089 1453 1135 sunt
1485 1098 1498 1134 :
1529 1080 1667 1148 ignis
1694 1077 1864 1131 lactus
1889 1084 1990 1140 est,
2014 1074 2194 1144 abyssi

619 1177 772 1232 factze
799 1184 959 1237 sunt,
993 1175 1133 1229 venti
1159 1215 1174 1239 ,
1220 1183 1445 1243 quatuor
1473 1172 1736 1226 elementa
1766 1209 1780 1234 ,
1815 1178 1949 1222 terra
1974 1207 1989 1230 ,
2019 1167 2152 1236 ignis
2177 1207 2192 1232 ,

623 1283 777 1336 aqua,
807 1282 918 1320 aer.
949 1265 1079 1319 Nam
1108 1279 1227 1333 qua:
1251 1263 1671 1331 omiseratquasi
1695 1260 1782 1314 hic
1804 1259 2024 1313 resumit
2050 1257 2198 1327 Moy-

620 1371 708 1413 ses
726 1358 940 1412 dicens:
976 1356 1080 1411 Sea:
1104 1355 1275 1409 diebus
1300 1354 1415 1424 fecit
1443 1353 1579 1407 Deus
1605 1354 1781 1406 caelum
1811 1361 1854 1404 et
1879 1361 2065 1404 terram
2094 1391 2107 1411 ,
2150 1358 2197 1403 et

625 1449 793 1500 omnia
818 1462 931 1515 qua:
951 1446 1003 1499 in
1025 1447 1094 1499 eis
1122 1453 1238 1498 sunt
1264 1443 1456 1514 (Exod.
1485 1442 1574 1498 20.
1602 1440 1711 1513 ll).
1739 1438 2194 1506 Quemadmodum

622 1547 800 1592 autem
827 1537 1067 1606 corporis
1095 1552 1200 1590 non
1230 1536 1408 1590 omnia
1437 1535 1672 1588 membra
1703 1533 1857 1594 dixit,
1890 1532 1966 1586 sic
1995 1546 2056 1586 ea
2079 1546 2197 1598 qua:

622 1628 690 1682 ad
719 1628 1042 1683 creationem
1073 1635 1314 1695 spectant
1335 1641 1440 1678 nen
1470 1623 1820 1685 enumeravit,
1855 1619 2062 1676 etiamsi
2085 1634 2202 1674 om-

624 1720 710 1772 nia
733 1732 852 1772 cum
875 1717 1074 1770 mundo
1100 1718 1204 1771 sint
1228 1716 1459 1771 condita.
1492 1714 1546 1770 Si
1588 1729 1746 1783 porro
1774 1729 1876 1767 non
1898 1719 2041 1767 esset
2067 1711 2202 1781 ignis

624 1810 679 1864 in
706 1817 869 1872 terra,
893 1823 1000 1861 non
1029 1807 1187 1862 hodie
1214 1809 1386 1877 ignem
1406 1823 1470 1861 ex
1498 1815 1643 1875 petra
1671 1805 1980 1871 educerent,
2011 1819 2114 1857 non
2135 1817 2201 1857 ex

625 1899 811 1969 ligno;
842 1900 1082 1954 collisum
1121 1901 1312 1969 quippe
1358 1900 1558 1967 lignum
1609 1900 1782 1968 ignem
1829 1896 2041 1951 emittit.
2070 1895 2203 1949 Ani-

626 2007 771 2043 mum
810 2006 937 2060 ergo
961 1992 1244 2061 diligenter
1272 1993 1484 2047 adhibe.
1521 1990 1757 2045 Tenebras
1783 2033 1795 2057 ,
1827 1989 1995 2059 inquit
2020 2030 2035 2056 ,
2061 1998 2204 2042 erant

626 2096 776 2149 super
805 2082 983 2151 facient
1016 2083 1183 2151 abyssi
1226 2081 1245 2153 (
1271 2081 1400 2137 Gen.
1434 2083 1483 2134 1.
1514 2082 1550 2134 2
1571 2083 1610 2151 ).
1661 2081 1872 2149 Ergone
1898 2120 1913 2142 ,
1956 2077 2160 2147 inquies
2186 2116 2203 2144 ,

631 2169 776 2224 Deus
807 2171 1050 2225 tenebras
1080 2172 1242 2225 fecit?
1270 2172 1478 2227 Scimus
1507 2172 1665 2224 altam
1699 2184 1818 2224 esse
1843 2167 2162 2223 sententiam
2188 2184 2201 2220 :

630 2260 724 2314 sed
755 2261 875 2329 quia
898 2261 949 2314 in
981 2269 1121 2315 ccetu
1164 2277 1308 2330 sazpe
1341 2275 1523 2315 sumus
1565 2275 1752 2315 eorum
1784 2301 1798 2325 ,
1828 2273 2053 2328 quorum
2085 2271 2206 2326 pars

631 2350 804 2403 amico
829 2350 1048 2403 audiunt
1081 2352 1259 2404 animo
1279 2392 1294 2415 ,
1331 2366 1453 2420 pars
1478 2366 1604 2404 vero
1631 2348 2023 2418 reprehendere
2065 2357 2208 2401 sata-

631 2449 765 2507 gunt
797 2456 812 2502 ;
859 2453 1082 2494 necesse
1125 2450 1208 2494 est
1245 2441 1468 2494 verbum
1502 2457 1606 2494 non
1637 2442 1753 2495 sine
1778 2440 2020 2494 examine
2045 2439 2210 2494 relin-

635 2543 826 2596 quere,
854 2545 920 2584 ne
947 2539 1066 2599 post
1093 2546 1280 2600 magna
1308 2531 1566 2600 promissa
1601 2573 1615 2596 ,
1648 2532 1837 2602 exigua
1868 2541 2206 2600 prtestemus.

634 2617 912 2673 Undenam
943 2635 1070 2690 ergo
1096 2622 1334 2676 tenebrae
1359 2622 1382 2675 ?
1411 2622 1541 2676 Nam
1571 2622 1710 2676 Deus
1744 2663 1759 2688 ,
1802 2623 2048 2691 inquiunt
2073 2661 2088 2687 ,
2115 2621 2210 2676 has

633 2725 741 2765 non
768 2710 923 2765 fecit:
955 2711 1094 2767 Deus
1114 2714 1254 2766 enim
1289 2755 1302 2778 ,
1333 2715 1479 2767 aiunt
1507 2755 1522 2779 ,
1554 2729 1723 2784 neque
1752 2714 2085 2768 tenebrarum
2110 2729 2211 2769 ne—

635 2814 742 2868 que
785 2801 1026 2870 caliginis
1071 2803 1248 2872 Opifex
1279 2815 1378 2857 est.
1412 2804 1548 2871 Quid
1579 2805 1734 2872 igitur
1775 2815 1898 2857 sunt
1925 2804 2159 2858 tenebrae
2189 2806 2211 2858 ?

635 2887 782 2942 Multi
811 2888 1060 2945 dixerunt
1082 2905 1200 2946 esse
1226 2893 1340 2945 caeli
1385 2893 1648 2946 umbram.
1686 2892 1816 2946 Nam
1842 2934 1856 2956 ,
1878 2893 2026 2947 aiunt
2051 2934 2063 2956 ,
2090 2907 2213 2948 cum

636 2979 824 3032 caelum
851 2981 1094 3050 superius
1118 2981 1388 3035 conditum
1435 2991 1548 3048 est,
1577 2997 1697 3036 cum
1746 2997 1974 3051 superna
2014 2982 2213 3036 lumina

637 3073 873 3128 nondum
913 3084 1121 3138 essent,
1153 3075 1348 3129 nudata
1376 3086 1488 3130 erat
1517 3085 1654 3130 terra
1679 3115 1695 3141 ,
1724 3085 1778 3132 et
1804 3075 1958 3130 facta:
1989 3084 2112 3129 sunt
2133 3085 2214 3129 te-

637 3165 838 3219 nebrae.
882 3165 952 3220 At
981 3166 1167 3220 cmlum
1197 3181 1482 3236 supernum
1514 3166 1747 3220 lucidum
1778 3175 1860 3220 est
1889 3207 1902 3231 ,
1935 3182 2039 3220 non
2068 3176 2216 3220 tene-

639 3257 856 3310 brosum
881 3273 895 3321 ;
922 3265 1081 3326 atque
1109 3258 1316 3312 etiamsi
1341 3273 1446 3312 non
1475 3257 1696 3312 haberet
1718 3258 1885 3312 solem
1912 3299 1926 3322 ,
1960 3259 2137 3312 lunam
2161 3265 2216 3313 et

640 3345 828 3401 stellas
861 3388 876 3410 ,
909 3347 1077 3415 ipsam
1105 3356 1345 3400 naturam
1377 3363 1468 3415 per
1491 3362 1548 3400 se
1569 3348 1937 3415 splendentem
1974 3349 2214 3402 haberet.

640 3438 694 3492 Si
721 3453 847 3507 ergo
863 3440 1049 3492 cmlum
1080 3439 1415 3504 imminebat,
1443 3448 1687 3506 terraque
1709 3453 1940 3507 expansa
1971 3448 2118 3505 erat,
2151 3439 2216 3493 il—

642 3528 839 3596 ludque
875 3543 1105 3598 superne
1153 3528 1404 3596 lucebat,
1433 3539 1485 3583 et
1521 3528 1632 3582 lucc
1665 3530 1837 3583 lucem
1877 3529 2174 3598 excipiebat
2201 3569 2217 3592 ,

641 3617 905 3672 undenam
938 3619 1169 3673 tenebra:
1194 3621 1217 3672 ἲ
1242 3617 1366 3672 Mihi
1395 3627 1539 3673 certe
1566 3617 1792 3682 videtur,
1816 3619 2063 3688 quoniam
2082 3633 2217 3688 aqua

640 3721 798 3764 terra:
828 3710 1162 3778 superﬁciem
1192 3712 1439 3779 tegebat,
1469 3711 1768 3781 nebulaque
1807 3719 1861 3765 et
1887 3713 2057 3780 caligo
2077 3712 2218 3765 circa

639 3815 806 3869 aquas
828 3799 1156 3853 consistebat
1183 3841 1198 3865 ,
1230 3800 1371 3870 quod
1401 3802 1561 3855 etiam
1595 3815 1735 3855 nunc
1761 3802 1975 3855 evenire
1998 3801 2134 3855 solet
2165 3802 2217 3855 in

642 3890 948 3946 ﬂuminibus
982 3933 996 3956 ,
1035 3891 1411 3947 obscuritatem
1436 3893 1581 3946 illam
1607 3892 1890 3962 caliginem
1918 3893 2216 3948 excitasse:

641 3982 916 4051 nubesque
961 3981 1150 4037 fecisse
1182 4024 1198 4049 ,
1228 3997 1292 4038 ac
1342 3982 1510 4038 nubes
1551 3983 1929 4038 obumbrantes
1974 3985 2219 4039 tenebras

643 4074 936 4129 induxisse.
960 4075 1110 4142 Quod
1141 4084 1316 4128 autem
1343 4081 1512 4128 nubes
1544 4073 1789 4130 tenebras
1816 4075 2033 4140 excitet,
2065 4075 2113 4129 id
2140 4076 2222 4129 dit

643 4165 716 4219 cit
738 4163 1044 4233 Scriptura:
1079 4165 1139 4219 Et
1179 4166 1357 4219 calum
1383 4164 1756 4218 obtenebratum
1795 4175 1866 4219 est
1909 4166 1962 4218 in
2009 4165 2219 4219 nubibus

646 4241 736 4318 (3.
770 4254 897 4324 Reg.
928 4256 1012 4309 l8.
1034 4256 1159 4326 45).
1194 4257 1578 4310 llrcretlcorum
1609 4265 1792 4310 autem
1818 4257 2087 4327 allegoriae
2114 4272 2219 4312 non

645 4344 951 4416 ignoranda:
992 4353 1133 4398 sunt.
1167 4345 1390 4413 Quidam
1419 4345 1654 4398 haeretici
1686 4346 1866 4400 dicere
1911 4347 2021 4399 ausi
2049 4356 2169 4398 sunt
2203 4388 2217 4412 ,

648 4435 897 4491 tenebras
922 4450 1042 4490 esse
1071 4436 1338 4489 diabolum
1362 4436 1467 4505 (ιι),
1496 4435 1744 4505 abyssum
1773 4450 1899 4489 vero
1928 4435 2218 4488 daemonas:

643 4525 855 4597 quando
897 4534 1074 4579 autem
1110 4524 1243 4578 dixit
1284 4526 1423 4580 Deus
1459 4543 1471 4578 :
1508 4524 1627 4577 Fiat
1669 4525 1794 4587 lux;
1824 4524 1876 4579 id
1905 4534 1984 4579 est
2034 4524 2221 4590 Filius,

645 4619 794 4670 aiunt
818 4635 828 4668 :
855 4615 967 4670 Non
994 4599 1307 4685 modo'ergo
1331 4619 1344 4648 ¹
1377 4615 1454 4669 illi
1481 4615 1681 4670 honore
1703 4630 1800 4684 par
1829 4624 1909 4670 est
1938 4615 2178 4672 diabolus
2203 4659 2218 4682 ,

645 4708 740 4763 sed
791 4709 948 4762 etiam
999 4710 1089 4765 illo
1129 4710 1323 4763 senior.
1359 4709 1552 4762 Verum
1606 4709 1742 4762 hanc
1783 4708 2103 4777 impietatem
2154 4724 2221 4763 ne

644 4813 1066 4854 commemorare
1093 4799 1303 4861 quidem
1333 4814 1427 4866 par
1450 4809 1530 4853 est
1553 4815 1569 4856 :
1589 4799 1683 4854 sed
1712 4799 1832 4852 ideo
1857 4800 2171 4867 protulimus
2202 4841 2218 4865 ,

645 4904 715 4944 ne
739 4902 801 4943 ea
828 4903 949 4958 qua:
974 4889 1114 4943 dicta
1143 4899 1266 4943 sunt
1287 4889 1622 4958 ignoraretis.
1656 4889 1915 4944 Tenebra:
1939 4905 2066 4958 ergo
2094 4898 2219 4945 tunc

645 4979 750 5034 illa:
772 4994 840 5032 ex
871 4979 1097 5033 nubibus
1138 4988 1308 5034 erant.
1356 4979 1446 5033 Sic
1485 4981 1627 5034 enim
1671 4982 1723 5034 in
1754 4980 1986 5051 :Egypto
2013 4995 2222 5050 quoque

646 5069 880 5124 tenebras
904 5079 1056 5125 erant
1079 5111 1093 5132 .
1125 5087 1228 5124 non
1257 5070 1398 5141 quod
1428 5086 1532 5125 nox
1558 5080 1738 5136 esset,
1769 5071 1863 5126 sed
1884 5071 2025 5141 quod
2052 5073 2221 5142 caligo

645 5167 792 5213 esset
820 5157 1031 5212 inducta
1078 5159 1097 5232 (
1130 5159 1295 5214 Exod.
1327 5159 1416 5215 10.
1445 5160 1515 5213 22
1542 5177 1648 5230 sqq.
1684 5159 1704 5231 )
1751 5159 1840 5216 Sic
1867 5171 1920 5215 et
1959 5162 2009 5214 in
2043 5172 2221 5217 monte

647 5250 773 5304 Sina
801 5247 998 5304 factum
1025 5259 1145 5316 est;
1180 5250 1412 5306 tenebras
1448 5262 1599 5306 erant
1642 5269 1744 5307 non
1791 5270 1858 5310 ex
1906 5265 2096 5320 nocte,
2128 5256 2221 5310 sed

713 5398 730 5428 ί
765 5403 877 5445 Haec
919 5397 968 5446 in
1007 5395 1175 5447 Savilio
1198 5396 1523 5446 additamento
1561 5404 1697 5447 aucta
1739 5397 1969 5450 leguntur
2007 5400 2054 5447 in
2095 5400 2222 5450 hunc

646 5457 1080 5524 modumzquandp
1103 5464 1260 5507 autem
1283 5457 1411 5506 dia-it
1436 5465 1561 5524 Deus
1585 5470 1601 5506 :
1634 5476 1655 5504 ι
1675 5457 1909 5524 Figulum,
1934 5476 1956 5504 ι
1983 5459 2050 5524 sic
2074 5461 2223 5524 impe-

647 5518 772 5568 ravit
797 5519 1010 5570 utrilius
1032 5518 1201 5579 ﬁeret;
1223 5524 1268 5566 et
1283 5531 1383 5579 non
1398 5518 1678 5568 erubescunt
1703 5520 1946 5571 diabolum
1961 5522 2122 5571 dicere
2141 5518 2220 5573 se-

653 5581 837 5644 niorem
859 5579 998 5644 tilio.
1027 5578 1075 5629 Si
1109 5579 1235 5629 enim
1257 5578 1445 5644 dromon
1468 5580 1526 5629 sit
1550 5580 1766 5644 abyssus,
1784 5589 1827 5632 et
1852 5582 2068 5644 diabolus
2092 5592 2220 5634 tene-

647 5640 767 5698 brat,
805 5649 850 5689 et
885 5641 927 5691 si
957 5654 1068 5690 cum
1096 5644 1196 5697 iam
1232 5640 1432 5700 abyssus
1465 5648 1510 5690 et
1550 5640 1756 5693 tenebrae
1771 5643 2068 5699 exsisterent.
2096 5653 2222 5696 Deus

649 5652 767 5698 om,
805 5652 850 5689 et
885 5655 926 5691 si
957 5654 1068 5690 cum
1096 5653 1196 5697 7am
1232 5652 1432 5749 amissus
1465 5652 1510 5690 et
1550 5652 1756 5693 teneone
1771 5652 2068 5699 exsisterent.
2096 5653 2217 5696 Deus

649 5700 864 5768 digerit:
891 5709 958 5750 αἸε
973 5702 1038 5751 int
1063 5702 1208 5768 tua,»
1232 5709 1276 5750 et
1322 5714 1388 5768 ax
1407 5701 1466 5750 sit
1493 5702 1678 5767 Filius;
1701 5718 1791 5754 non
1814 5704 1953 5756 modo
1971 5719 2099 5768 ergo.
2123 5715 2217 5758 ctc.

710 5764 785 5816 (al
820 5771 912 5814 tloc
932 5765 1256 5814 contendebat
1277 5764 1529 5825 Origenes.

2060 413 2427 475 SEVERIANI

3779 435 3890 490 436

2305 530 2447 586 nube
2469 527 2821 584 obumbrante
2853 531 2871 600 (
2904 527 3052 583 Deut.
3085 531 3138 584 4.
3169 531 3227 584 ll
3262 527 3304 600 ).
3328 528 3414 584 Sic
3444 530 3606 585 etiam
3637 529 3689 583 in
3719 544 3878 586 cruce

2295 622 2492 676 Christi
2525 620 2756 675 tenebrm
2783 620 2934 673 fact-.12
2961 630 3084 673 sunt
3111 661 3125 683 ,
3171 635 3274 673 non
3321 620 3644 675 adveniente
3676 631 3832 673 nocte
3860 661 3875 683 ,

2297 715 2389 769 sed
2417 715 2600 768 umbra
2624 723 2677 768 et
2705 713 3065 766 obstruetione
3095 712 3251 765 facta.
3276 711 3348 765 lta
3376 728 3478 764 non
3507 720 3718 779 oportet
3745 711 3883 764 divi-

2298 819 2364 857 na
2387 805 2596 871 eloquia
2653 810 2854 856 temere
2881 802 3114 871 aggredi.
3152 801 3215 855 Et
3243 802 3450 870 spiritus
3479 801 3574 854 Dei
3598 802 3884 870 superfere-

2299 893 2445 946 batur
2469 909 2621 960 super
2645 891 2868 962 aquam(
2899 891 3025 945 Gen.
3061 893 3112 946 1.
3143 891 3178 944 2
3209 893 3246 958 ).
3273 891 3527 959 Spiritum
3564 900 3722 943 vocat
3748 906 3884 945 vcn-

2301 992 2434 1044 tum.
2467 992 2521 1035 ut
2544 981 2666 1034 alibi
2689 981 2814 1034 dicit
2845 996 2858 1032 :
2899 979 2962 1033 In
2990 981 3168 1050 spiritu
3187 981 3456 1033 vehementi
3479 990 3703 1033 conteres
3726 997 3884 1033 naves

2303 1073 2510 1126 Tharsis
2544 1072 2713 1141 (Psal.
2745 1074 2831 1127 47.
2863 1074 2952 1141 8):
2987 1073 3228 1141 spiritum
3263 1087 3462 1125 vocans
3489 1075 3628 1124 aeris
3656 1083 3884 1126 mutum.

2300 1162 2379 1216 Ne
2412 1172 2565 1232 putes
2593 1165 2736 1216 enim
2777 1163 2916 1216 aliud
2961 1178 3082 1217 esse
3119 1178 3294 1217 aerem
3326 1204 3338 1228 ,
3371 1172 3423 1217 et
3449 1163 3591 1216 aliud
3618 1174 3832 1217 \entum
3872 1180 3886 1217 :

2305 1254 2418 1321 ipse
2447 1254 2642 1322 quippe
2668 1269 2760 1306 aer
2796 1253 3092 1306 concitatus
3133 1263 3347 1306 ventum
3383 1252 3504 1306 facit
3532 1294 3547 1317 ,
3592 1264 3646 1306 ut
3674 1253 3892 1318 experi-

2304 1355 2487 1398 mento
2508 1345 2905 1412 comprobatur.
2943 1344 3096 1412 Smpe
3126 1343 3284 1412 igitur
3306 1342 3516 1396 ﬂabello
3545 1352 3635 1396 aut
3660 1344 3891 1398 sindone

2303 1433 2642 1501 tranquillum
2672 1448 2848 1488 aerem
2875 1447 3280 1488 commovemus
3305 1473 3319 1494 ,
3371 1442 3422 1485 ct
3461 1447 3526 1486 cx
3567 1433 3708 1485 aeris
3737 1443 3889 1486 mqu

2306 1534 2523 1578 ventum
2549 1523 2788 1578 facimus.
2821 1524 2887 1579 Ut
2905 1538 3032 1593 ergo
3060 1539 3126 1578 cx
3152 1525 3267 1593 ipso
3287 1524 3473 1592 spiritu
3495 1523 3897 1578 demonstrare-

2306 1624 2393 1668 tur
2421 1624 2634 1669 ventum
2678 1630 2796 1670 esse
2839 1615 2977 1668 aeris
3022 1624 3263 1678 motum,
3307 1611 3406 1667 bac
3432 1613 3498 1666 de
3527 1627 3686 1666 causa
3716 1613 3852 1666 dixit
3874 1653 3891 1675 ,

2308 1704 2753 1772 Superferebatur.
2788 1704 3065 1773 Proprium
3090 1702 3233 1758 enim
3269 1713 3427 1757 vento
3454 1713 3535 1756 est
3562 1712 3619 1755 ut
3649 1701 3899 1771 superfe-

2306 1807 2456 1850 ratur
2481 1797 2756 1850 creationi.
2803 1795 2949 1850 Dixit
2983 1795 3121 1850 Deus
3150 1835 3164 1858 ,
3209 1794 3331 1848 Fiat
3357 1795 3464 1848 lux.
3492 1793 3597 1849 Cur
3624 1809 3730 1846 non
3763 1794 3903 1847 dixit

2308 1885 2537 1956 Moyses,
2574 1887 2716 1939 Dixit
2744 1886 2882 1940 Deus
2909 1927 2923 1949 ,
2958 1883 3076 1938 Fiat
3104 1884 3291 1938 caelum
3315 1924 3329 1947 ,
3361 1882 3446 1936 liat
3475 1897 3625 1937 mare
3646 1920 3665 1946 ,
3698 1883 3792 1936 scd
3825 1883 3900 1935 ibi

2308 1975 2521 2044 quidem
2545 2017 2559 2041 ,
2586 1974 2730 2028 Fecit
2755 2015 2769 2038 ,
2801 1974 2888 2029 hic
2908 1989 3066 2039 vero,
3098 1973 3273 2038 Dixit,
3299 1972 3726 2042 quandoquidem
3757 1973 3903 2041 apud

2309 2079 2409 2118 nos
2436 2080 2613 2119 sermo
2638 2064 2894 2134 prteccdit
2921 2079 3055 2134 opus
3080 2082 3092 2116 :
3116 2079 3237 2118 nam
3267 2063 3437 2132 primo
3460 2063 3688 2116 dicimus
3710 2103 3724 2127 ,
3749 2063 3874 2116 dein
3891 2094 3904 2104 -

2310 2153 2377 2208 de
2419 2153 2682 2208 facimus?
2709 2153 3005 2209 Ostendere
3035 2154 3218 2208 volens
3245 2153 3412 2208 Deum
3463 2153 3636 2221 primo
3675 2150 3898 2217 facere;

2311 2253 2371 2297 ut
2391 2245 2533 2298 omni
2560 2259 2808 2299 sermone
2828 2244 3150 2299 velociorem
3177 2245 3502 2299 creationem
3530 2257 3648 2296 esse
3679 2243 3906 2296 demon-

2313 2343 2480 2398 stret;
2512 2335 2726 2405 quando
2749 2335 3023 2390 materiam
3048 2336 3247 2389 virtute
3276 2349 3368 2388 sua
3394 2343 3558 2393 creat.
3589 2334 3718 2388 dicit
3744 2333 3902 2399 illud,

2314 2425 2461 2480 Fecit
2486 2444 2504 2492 ;
2525 2426 2736 2496 quando
2761 2435 2939 2482 autem
2963 2426 3138 2480 omnia
3168 2427 3304 2481 Deus
3334 2434 3620 2480 ornaturus
3647 2434 3786 2490 erat,
3808 2441 3908 2480 or-

2313 2528 2470 2574 natus
2500 2530 2674 2573 autem
2700 2518 3003 2588 huiusmodi
3034 2519 3352 2588 principium
3375 2518 3462 2572 lux
3493 2528 3627 2582 erat,
3664 2527 3790 2572 tunc
3816 2519 3904 2571 in-

2314 2609 2459 2662 ducit
2487 2611 2808 2663 concinnum
2839 2622 3162 2663 sermonem.
3193 2607 3260 2662 Et
3287 2609 3410 2677 quia
3433 2622 3645 2661 rursum
3667 2609 3901 2675 primum

2317 2698 2408 2752 Dei
2454 2711 2588 2766 opus
2626 2699 2715 2751 lux
2749 2738 2762 2756 .
2811 2708 3137 2766 postremum
3185 2712 3313 2751 vero
3361 2697 3524 2751 homo
3570 2697 3698 2750 fuit:
3730 2698 3910 2766 primo

2316 2788 2457 2841 Deus
2474 2789 2642 2842 lucem
2656 2796 2907 2857 operatur
2924 2790 3107 2851 verbo,
3130 2796 3399 2856 postremo
3417 2786 3689 2840 hominem
3713 2802 3902 2856 opere,

2322 2894 2350 2931 a
2387 2878 2503 2932 luce
2527 2879 2577 2932 in
2605 2880 2775 2932 lucem
2802 2878 3074 2933 desinens.

2389 2967 2439 3021 6.
2475 2966 2640 3019 Homo
2673 2967 2922 3034 quomodo
2961 2967 3066 3020 lux.
3104 2996 3168 3005 —
3193 2965 3470 3032 Quomodo
3500 2975 3680 3019 autem
3729 2966 3900 3019 homo

2319 3055 2407 3109 lux
2435 3057 2521 3120 sit,
2557 3056 2701 3110 audi.
2727 3057 2840 3109 Lux
2869 3072 2954 3110 res
2983 3055 3219 3111 ostendit
3244 3074 3256 3108 :
3286 3055 3372 3109 lux
3397 3056 3579 3110 mundi
3605 3056 3767 3110 homo
3786 3066 3905 3110 est:

2320 3144 2594 3214 ingressus
2631 3145 2870 3199 ostendit
2915 3145 3008 3199 tibi
3040 3146 3211 3200 lucem
3244 3145 3396 3210 artis,
3432 3145 3604 3200 lucem
3637 3147 3902 3200 scientim.

2321 3236 2433 3291 Lux
2482 3237 2720 3291 ostendit
2769 3236 3115 3303 frumentum,
3146 3237 3490 3307 intelligentia
3523 3254 3715 3306 panem
3747 3241 3907 3302 fecit;

2323 3327 2413 3381 lux
2441 3327 2679 3382 ostendit
2707 3328 2876 3382 vineae
2910 3343 3063 3381 uvam
3089 3346 3102 3390 ;
3130 3328 3216 3381 lux
3249 3327 3616 3397 intelligentiae
3663 3328 3914 3383 exhibuit

2324 3421 2506 3473 vinum
2529 3461 2543 3482 ,
2583 3419 2724 3489 quod
2755 3419 2806 3472 in
2836 3435 2939 3472 uva
2985 3420 3322 3484 continetur,
3354 3419 3441 3472 lux
3469 3421 3793 3473 monstravit
3840 3420 3914 3473 la-

2328 3526 2487 3572 nam,
2546 3512 2635 3564 lux
2668 3510 2900 3564 hominis
2946 3509 3191 3564 exhibuit
3239 3519 3441 3563 vestem
3488 3509 3617 3562 :lux
3674 3511 3916 3564 ostendit

2326 3611 2586 3665 montem,
2621 3601 2709 3654 lux
2746 3601 3112 3671 intelligentiae
3134 3601 3758 3670 exhilmitlapicidinam.
3785 3602 3913 3656 Ideo

2324 3691 2576 3746 Servator
2604 3691 2776 3744 lucem
2805 3700 2961 3745 vocat
3001 3692 3275 3761 apostolos
3304 3691 3386 3745 his
3405 3692 3586 3746 verbis
3612 3709 3625 3744 :
3667 3691 3766 3745 Vos
3790 3695 3914 3747 estis

2327 3781 2417 3834 tua:
2441 3783 2614 3834 mundi
2638 3781 2849 3849 (Matth.
2876 3782 2929 3836 5.
2955 3782 3065 3851 14).
3099 3779 3206 3836 Cur
3236 3783 3352 3836 illos
3372 3782 3545 3837 lucem
3575 3784 3911 3838 vocat?Non

2327 3880 2384 3924 ut
2412 3869 2532 3925 illos
2557 3871 2754 3924 alliciat
2791 3872 2997 3927 honore
3029 3881 3237 3926 tantum
3260 3912 3273 3930 .
3316 3873 3409 3927 sed
3453 3874 3616 3927 etiam
3652 3883 3708 3926 ut
3756 3889 3911 3943 spem

2326 3959 2736 4012 resurrectionis
2763 3959 3029 4014 ostendat.
3061 3959 3521 4027 Quemadmodum
3543 3963 3686 4015 enim
3705 3962 3792 4015 lux
3822 3979 3914 4014 vc-

2326 4063 2482 4118 spere
2503 4048 2752 4102 occidens
2781 4063 2885 4102 non
2927 4050 3064 4118 perit
3089 4089 3102 4111 ,
3144 4050 3238 4103 sed
3269 4049 3633 4113 absconditur,
3682 4061 3734 4104 et
3765 4063 3915 4120 post-

2326 4152 2484 4205 quam
2508 4137 2716 4191 occulta
2738 4135 2859 4202 fuit,
2892 4151 3103 4190 rursum
3132 4145 3355 4206 apparet
3384 4154 3396 4189 :
3429 4139 3509 4192 sic
3547 4147 3604 4193 et
3631 4139 3795 4192 homo
3817 4156 3910 4194 ve-

2327 4225 2405 4280 lut
2441 4226 2491 4279 in
2526 4241 2774 4280 occasum
2830 4225 3115 4295 quemdam
3155 4226 3209 4279 in
3251 4226 3554 4295 sepulcrum
3597 4228 3905 4292 demissus,

2327 4316 2738 4371 resurrectionis
2771 4331 2982 4370 rursum
3010 4316 3150 4370 ortui
3173 4328 3438 4371 servatur.
3483 4317 3606 4371 Fiat
3631 4320 3737 4373 lux.
3765 4320 3914 4375 Dixit

2330 4405 2529 4460 factam
2562 4422 2682 4461 esse
2709 4423 2723 4470 ;
2756 4421 2862 4475 quo
2896 4416 3075 4461 autem
3102 4407 3285 4471 modo,
3311 4425 3418 4463 non
3456 4408 3767 4474 declaravit,
3820 4428 3915 4466 ne-

2332 4509 2434 4562 que
2461 4495 2619 4548 etiam
2638 4494 2838 4548 didicit.
2861 4493 2992 4549 Nam
3006 4495 3246 4565 quodlux
3273 4495 3408 4552 facta
3433 4498 3522 4562 sit,
3547 4500 3738 4568 inquit,
3763 4500 3905 4554 bene

2329 4585 2450 4638 novi
2483 4604 2497 4640 :
2529 4585 2800 4654 quomodo
2821 4594 2998 4642 autem
3024 4586 3160 4644 facta
3187 4590 3257 4642 sit
3283 4604 3388 4643 non
3419 4589 3592 4660 capio.
3624 4589 3749 4645 ldeo
3775 4591 3910 4646 Ser-

2331 4686 2484 4730 vator
2506 4679 2764 4745 apostolis
2793 4677 3006 4733 dicebat
3038 4696 3050 4729 :
3085 4677 3206 4733 Non
3232 4690 3450 4734 vestrum
3499 4692 3572 4735 est
3601 4699 3748 4736 nosse
3773 4695 3906 4737 tem-

2327 4783 2451 4835 pora
2477 4768 2552 4820 vel
2596 4778 2848 4821 momenta
2870 4810 2884 4834 ,
2914 4785 3026 4838 qua:
3052 4769 3214 4824 Pater
3241 4773 3404 4840 posuit
3432 4774 3482 4825 in
3509 4790 3604 4827 sua
3642 4784 3910 4844 potestate

2327 4858 2458 4926 (Act.
2486 4860 2539 4912 1.
2565 4859 2639 4925 '7).
2690 4859 2850 4927 Atqui
2904 4873 3006 4913 non
3038 4868 3124 4914 est
3163 4871 3402 4915 nosuum
3453 4879 3617 4920 nosse
3663 4877 3906 4934 tempora

2327 4948 2407 5001 vel
2435 4957 2705 5002 momenta
2730 4989 2745 5013 ,
2782 4957 2835 5002 et
2877 4948 3161 5003 Dominum
3206 4958 3506 5019 temporum
3537 4953 3909 5026 Opiﬁcemque

2325 5038 2650 5091 saaculorum
2681 5046 2933 5105 poterunt
2963 5037 3193 5093 humana
3223 5042 3505 5097 ratiocinia
3539 5046 3906 5113 comprehen-

2324 5126 2490 5181 dere?
2515 5126 2659 5179 Dixit
2685 5125 2846 5192 Deus,
2881 5126 2998 5180 Fiat
3029 5126 3118 5182 lux
3146 5144 3164 5182 :
3193 5139 3238 5182 st
3268 5129 3404 5199 facta
3424 5141 3496 5184 est
3522 5133 3614 5184 lux
3667 5131 3821 5201 (Cen.
3852 5138 3905 5189 Ι.

2325 5219 2402 5288 ὅ).
2447 5217 2491 5272 Ο
2545 5226 2783 5271 sanctam
2825 5219 2966 5272 illam
2999 5233 3353 5291 magnamque
3392 5221 3722 5291 potentiam!
3751 5237 3784 5276 ο
3818 5225 3908 5278 in-

2324 5309 2502 5379 gentia
2531 5309 2786 5363 miracula
2814 5311 2827 5364 !
2854 5308 3017 5364 Facta
3045 5320 3118 5364 est
3139 5312 3232 5367 tua:
3258 5327 3276 5365 :
3316 5322 3363 5365 et
3383 5321 3537 5366 vocat
3562 5311 3698 5367 Deus
3739 5314 3905 5369 lucem

2327 5400 2480 5463 diem,
2511 5409 2555 5452 et
2576 5401 2802 5456 tenebras
2831 5409 3024 5455 noctem
3054 5399 3205 5471 (Gen.
3247 5403 3296 5456 l.
3329 5402 3408 5468 5).
3437 5400 3544 5456 Cur
3565 5418 3725 5470 porro
3754 5405 3907 5461 dic-

2328 5502 2503 5562 ἡμέραν
2547 5494 2740 5546 vocat?
2798 5495 3058 5559 Quoniam
3109 5492 3366 5564 quidquid
3398 5492 3573 5547 laetum
3601 5504 3654 5548 et
3683 5494 3858 5553 hilare
3885 5541 3903 5564 ,

2329 5594 2495 5653 ἥμερον
2546 5584 2661 5639 sive
2698 5584 2851 5640 dulce
2878 5585 3093 5640 dicitur.
3137 5584 3261 5640 Ideo
3305 5584 3462 5638 etiam
3513 5585 3901 5658 benignitatem

2332 5683 2600 5746 ἡμερότητα
2642 5689 2895 5730 vocamus
2915 5716 2930 5739 ,
2963 5684 3018 5731 et
3036 5675 3243 5730 cicures
3267 5673 3566 5730 animantes
3593 5685 3786 5748 ἥμεροι-ις
3817 5680 3905 5735 di-

2328 5765 2514 5822 cimus.
2542 5763 2608 5820 Et
2635 5765 2824 5826 vocavit
2855 5765 2990 5821 Deus
3007 5765 3168 5820 lucem
3187 5763 3318 5819 diem
3341 5802 3360 5832 ,
3383 5770 3431 5817 et
3449 5765 3674 5822 tenebras
3699 5771 3904 5825 vocaris
