4094 6478
594 393 708 450 437

587 512 742 564 δοντα
772 514 850 573 εἰς
877 509 1182 582 ὑπόμνησιν
1206 510 1436 567 Θανάτου
1460 510 1636 587 φέρει,
1659 519 1942 588 μονονουχὶ
1964 520 2140 588 λέγων
2163 535 2175 548 ·

588 595 1050 666 Μάθε,ανθρωπε,
1071 600 1152 663 τίς
1168 597 1236 653 εἴ.
1255 600 1460 671 Θνητδς
1477 595 1547 666 εἷ,
1568 601 1720 674 ῦπνῳ
1733 603 2022 670 δουλεύεις·
2043 607 2183 660 διατί

587 683 656 738 τὰ
681 684 822 754 ὑπὲρ
843 685 900 738 σὲ
928 687 1168 758 φαντάζῃ
1192 704 1206 751 ;
1242 688 1308 740 'H
1330 689 1438 760 γὰρ
1455 689 1552 754 νὺξ
1575 694 1853 763 κατανυγή
1880 693 2046 746 ἐστιν’
2065 694 2186 748 ὅθεν

589 773 683 826 καὶ
696 773 858 826 Δαυῖδ
875 789 1056 843 φησιν·
1072 777 1130 827 Ἃ
1147 775 1353 843 λέγετε
1369 777 1441 828 ἐν
1453 776 1580 842 ταῖς
1593 777 1868 846 καρδίαις
1886 780 2072 848 ὑμῶν,
2085 780 2183 832 ἐπὶ

587 859 719 925 ταῖς
734 860 958 926 κοίταις
974 860 1143 929 ὑμῶν
1154 863 1545 931 κατανύγυητε.
1565 864 1782 934 Ἀμέλει
1795 869 1970 918 κεῖται
1984 867 2078 920 ἄνθ
2091 885 2189 936 ρω-

590 968 689 1014 πος
715 952 771 1003 ἐν
801 951 977 1014 νυκτὶ,
1010 949 1133 1004 οὐτε
1161 953 1372 1024 νεκρὸς,
1413 954 1535 1007 οὔτε
1569 955 1701 1019 ζῶν.
1754 956 2060 1027 Ἐρώτησον
2100 959 2186 1010 αί-

592 1040 835 1110 ρετικόνο
863 1041 929 1093 Τί
972 1043 1121 1106 ἐστι;
1152 1040 1261 1106 ζῶν
1285 1045 1318 1113 ἢ
1345 1043 1537 1114 νεκρός
1564 1062 1578 1110 ;
1613 1045 1723 1098 Καὶ
1769 1045 1864 1098 ἐὰν
1906 1047 2006 1116 μὲν
2033 1048 2184 1118 εἴπῃ,

589 1129 730 1193 Ζῶν,
768 1129 910 1182 εἰπέο
931 1131 1084 1182 Διατί
1108 1126 1202 1183 οῦν
1233 1131 1332 1184 οὐκ
1354 1131 1667 1186 αἰσθάνεται
1694 1133 1802 1186 τῶν
1822 1133 2126 1188 λαλούντων
2151 1135 2184 1206 ἢ

591 1217 1036 1288 περιπατούντων
1055 1234 1068 1281 ;
1087 1219 1212 1270 Ἐὰν
1236 1219 1292 1271 δὲ
1320 1219 1471 1290 εῖπῃ,
1499 1221 1579 1272 ὃτι
1602 1221 1832 1292 Νεκρδς,
1869 1223 1988 1274 εἰπέ
2008 1239 2021 1251 ·
2061 1222 2186 1285 Πῶς

589 1301 683 1358 οῦν
716 1306 977 1369 ἀναπνεῖ;
998 1305 1060 1357 t6
1084 1305 1193 1375 γὰρ
1220 1307 1454 1376 ὲμπνέον
1473 1308 1573 1360 οὐκ
1603 1309 1717 1361 ἔστι
1751 1309 1944 1379 νεκρόν
1973 1326 1984 1338 ο
2013 1309 2073 1362 τὸ
2111 1311 2184 1380 μὴ

591 1392 980 1462 αἰσθανόμενον
1009 1394 1110 1446 οὐκ
1141 1394 1254 1446 ἐστι
1284 1394 1394 1458 ζῶν
1419 1412 1432 1426 ο
1465 1395 1659 1449 σαυτὸν
1691 1396 1750 1448 οὐ
1777 1397 2012 1466 βλέπεις,
2051 1396 2187 1450 ἁλλά

590 1480 660 1533 τά
683 1480 820 1550 ὑπὲρ
845 1481 904 1532 σὲ
935 1480 1204 1554 φαντὰζῃ.
1248 1481 1408 1534 Ἀλλά
1438 1481 1611 1536 ταῦτα
1632 1483 1945 1553 ἀρκούντως
1983 1486 2060 1546 είς
2092 1484 2186 1554 τὴν

592 1565 819 1638 πρώτην
867 1567 1080 1638 ἡμέραν
1123 1568 1381 1638 εἰρήσθω.
1432 1570 1713 1622 Κατέλαϐε
1751 1570 1859 1642 γάρ
1892 1573 1924 1640 ή
1957 1570 2183 1640 ἑσπέρα,

590 1654 781 1725 ὥσπερ
809 1656 970 1708 κάκεῖ
995 1655 1062 1708 τά
1094 1656 1193 1725 τῆς
1219 1655 1444 1726 πρώτης
1471 1657 1704 1727 ἡμέρας,
1736 1659 1831 1711 καὶ
1862 1659 2004 1712 κατά
2027 1657 2186 1710 δύνα-

595 1760 710 1812 μιν,
754 1743 802 1794 εί
837 1742 932 1796 καὶ
970 1740 1138 1811 βαθέα
1164 1738 1232 1814 ἦν
1262 1744 1330 1796 τὰ
1372 1745 1641 1814 νοήματα,
1687 1745 1837 1816 ὅμως
1865 1743 2184 1814 ἐξεθέμεθα.

591 1829 714 1882 Τῶν
742 1829 799 1882 δὲ
831 1829 1039 1882 πιστῶν
1065 1831 1212 1884 ἐστιν
1246 1832 1538 1902 ἐρευνῆσαι
1570 1833 1640 1884 τὰ
1664 1831 1944 1902 λεχθέντα,
1977 1834 2070 1886 καὶ
2091 1832 2185 1903 ζη-

591 1917 754 1989 τῆσαι
773 1917 871 1989 τὴν
900 1919 1159 1989 ἱστορίαν.

665 2005 732 2069 C'.
775 2005 969 2077 Ἡμεῖς
990 2006 1045 2059 δὲ
1072 2006 1327 2077 νηστείας
1361 2008 1512 2071 ὄντες
1545 2007 1706 2076 ἁγίας
1737 2007 2054 2080 θρέμματα,
2093 2009 2188 2063 καὶ

593 2094 653 2147 ἐν
680 2093 916 2166 ἀτροφίᾳ
947 2095 1218 2165 σωμάτων
1239 2097 1620 2167 τρυφήσαντες
1645 2098 1713 2150 τὰ
1744 2098 1992 2168 οὐράνια,
2023 2114 2188 2150 σπου-

595 2180 850 2250 δάσωμεν
896 2182 996 2253 τὴν
1050 2183 1307 2253 νηστείαν
1353 2184 1515 2252 ἁγίαν
1569 2185 1838 2254 φυλάξαι·
1877 2184 2190 2254 Ἀγιάσατε

597 2269 728 2341 γάρ,
779 2269 932 2338 φησὶ,
969 2271 1278 2337 νηστείαν.
1329 2272 1517 2341 Ἡμεῖς
1569 2273 1738 2343 αὐτὴν
1775 2273 2109 2342 ἁγιάζομεν,
2154 2271 2186 2342 ἢ

603 2357 695 2410 ὐπ’
731 2356 901 2426 αὐτῆς
927 2357 1303 2428 ἁγιαζόμεθας
1357 2359 1516 2412 Ἀλλά
1549 2359 1670 2411 ἀντὶ
1693 2358 1787 2411 τοῦ
1832 2361 1994 2427 ἁγίαν
2023 2358 2192 2428 αὐτὴν

601 2443 855 2512 φυλάξαι,
888 2443 1048 2497 τοῦτο
1077 2445 1299 2515 εἴρηκεν
1329 2447 1358 2498 6
1391 2448 1694 2517 προφήτης.
1719 2447 1930 2517 Ὥσπερ
1963 2447 2070 2518 γάρ
2103 2448 2191 2499 ὅτε

599 2531 870 2602 εὐχόμεθα
891 2570 907 2596 ,
955 2532 1314 2602 Ἁγιασθήτω
1338 2533 1402 2588 τὸ
1425 2534 1611 2603 ὄνομα
1631 2551 1770 2599 σου,
1795 2536 1916 2605 οὐχὶ
1938 2537 2019 2588 ὃτι
2051 2535 2192 2606 ὑπὲρ

599 2618 694 2674 τοῦ
727 2621 987 2691 ὀνόματος
1033 2622 1198 2675 αὐτοῦ
1227 2623 1498 2694 εὐχόμεθα
1539 2623 1637 2693 (τὸ
1676 2623 1785 2694 γάρ
1816 2626 1986 2694 ὄνομα
2026 2623 2191 2676 αὐτοῦ

600 2709 817 2778 ἁγιάζει
857 2710 1077 2781 πάντα),
1108 2711 1224 2765 ἀλλ’
1258 2713 1446 2782 ἐπειδὴ
1491 2713 1551 2766 τὸ
1592 2714 1766 2781 ὄνομα
1803 2713 1968 2767 αὐτοῦ
2010 2713 2194 2765 ἐπικέ-

601 2796 797 2867 κληται
834 2798 969 2866 ἡμῖν
998 2799 1339 2868 (Χριστιανοὶ
1387 2801 1495 2869 γάρ
1537 2799 1645 2852 ἀπὸ
1701 2799 1937 2869 Χριστοῦ
2001 2798 2195 2852 καλού-

603 2885 792 2957 μεθα),
833 2885 1019 2954 λέγει·
1053 2887 1128 2940 Τὸ
1180 2887 1354 2956 δνομά
1414 2905 1509 2940 σου
1558 2889 1641 2957 ἐφ’
1677 2889 1810 2959 ήμῖν
1855 2886 2192 2958 ἁγιασθήτω.

606 2971 767 3044 Παρὰ
794 2972 901 3045 γὰρ
932 2973 1011 3044 τῷ
1046 2973 1188 3044 ἁγίῳ
1211 2973 1388 3029 πάντα
1416 2975 1547 3044 ἅγια
1567 2992 1580 3005 ·
1617 2977 1711 3028 καὶ
1741 2974 1850 3046 γάρ
1870 2974 2018 3028 οὐδὲν
2061 2975 2197 3045 πλη-

604 3059 781 3125 σιάζει
808 3059 928 3132 Θεῷ
962 3060 1038 3132 μή
1073 3060 1134 3114 ὃν
1165 3061 1346 3131 ἅγιονο
1380 3062 1533 3129 ἆγιος
1568 3060 1676 3132 γάρ
1702 3063 1728 3114 6
1751 3060 1883 3125 Θεὸς
1920 3063 1977 3114 ἐν
2019 3062 2198 3131 ἁγίοις

603 3151 1037 3221 αναπαυόμενος.
1075 3150 1187 3204 Καὶ
1214 3151 1242 3200 ὁ
1270 3151 1498 3220 οὐρανὸς
1539 3149 1596 3202 δὲ
1644 3150 1810 3204 αὐτοῦ
1847 3149 2035 3218 am;-
2074 3151 2198 3202 Ἐπ-

603 3237 925 3292 σκοὺσεται
960 3237 1067 3309 γὰρ
1103 3237 1290 3292 αὑτοῦ
1319 3237 1387 3302 ἐξ
1412 3237 1670 3305 οὐρανοῦ
1701 3238 1873 3306 ἁγίου
1902 3237 2107 3290 αὐτοῦ.
2134 3237 2198 3290 Οἱ

605 3323 826 3393 ἄγγελοι
849 3323 994 3392 ἆγιοι
1012 3337 1028 3352 ’
1061 3325 1247 3378 Ὅταν
1266 3324 1415 3392 ἔλθη
1447 3328 1479 3378 ό
1511 3325 1644 3388 Υἱὸς
1667 3325 1772 3377 τοῦ
1795 3323 2108 3393 ἀνθρώπου
2131 3324 2199 3376 ἐν

605 3411 681 3482 τῇ
710 3412 859 3480 δόξῃ
889 3412 1077 3467 αὐτοῦ
1094 3412 1246 3482 μετὰ
1271 3412 1388 3466 τῶν
1407 3414 1594 3483 ἁγίων
1612 3413 1883 3483 ἀγγέλων
1899 3413 2104 3467 αὐτοῦ.
2133 3414 2199 3466 Ἠ

606 3499 682 3570 γῆ
705 3500 902 3570 ἔχουσα
920 3503 1016 3570 τὴν
1035 3500 1292 3571 λατρείαν
1313 3499 1461 3572 [M4]
1489 3501 1639 3568 ἁγία·
1670 3502 1777 3554 Καὶ
1805 3499 2073 3566 θελήσει,
2098 3518 2200 3570 φη-

611 3588 686 3652 σὶ,
712 3587 1069 3656 διαστρέψαι
1095 3587 1391 3654 διαθήκην
1407 3589 1502 3641 ἐπὶ
1530 3587 1648 3657 γῆν
1668 3589 1847 3657 ἁγίαν
1862 3589 2066 3642 αὐτοῦ.
2091 3588 2201 3640 Καὶ

607 3677 637 3728 6
666 3673 850 3739 Δαυῒδ,
875 3675 908 3745 ή
936 3673 1073 3746 αὐλὴ
1099 3674 1229 3743 ἁγία
1252 3691 1264 3706 ’
1301 3675 1778 3741 Προσκυνήσατε
1808 3673 1886 3740 τῷ
1913 3677 2106 3742 Κιφίῳ
2134 3676 2203 3728 ἐν

613 3761 780 3830 αὐλῇ
807 3763 945 3832 ἁγίᾳ
974 3762 1260 3818 αὐτοῦ.”0
1295 3762 1542 3827 Ἡσαΐας,
1589 3764 1617 3816 ὁ
1651 3762 1778 3824 ναὸς
1808 3763 1982 3830 ἆγιος·
2008 3763 2203 3832 ’Ἄγιος

611 3851 718 3922 γάρ
766 3853 798 3903 ό
837 3851 984 3916 ναός
1018 3867 1156 3913 σου,
1194 3850 1539 3919 θαυμαστὸς
1594 3851 1662 3903 ὲν
1704 3850 2084 3918 δικαιοσύνῃ.
2122 3849 2202 3902 Τά

612 3938 861 4008 πρόϐατα
916 3937 983 3990 τὰ
1023 3937 1193 4005 ἄλογα
1226 3938 1294 3990 τὰ
1334 3937 1454 3990 τότε
1500 3937 1739 4006 θυόμενα
1787 3939 1920 4004 ἆγια
1947 3937 2199 4005 ἐλέγετοο

623 4026 715 4093 Ὡς
741 4027 1025 4093 πρόϐατα,
1053 4026 1236 4096 φησὶν,
1262 4026 1399 4095 ἅγια
1431 4025 1500 4077 ἐν
1536 4025 1953 4094 Ἰερουσαλήμ.
1997 4025 2063 4078 Ἠ
2087 4026 2203 4079 δια-

612 4113 757 4185 θήκη
789 4114 952 4182 ἁγία⁶
1009 4112 1116 4166 Καὶ
1165 4111 1505 4182 δυναμώσει
1530 4114 1682 4182 μετὰ
1723 4112 1973 4166 πολλῶν
1999 4112 2204 4178 διαθή-

612 4219 730 4267 κην
760 4202 937 4270 ἁγίαν
973 4200 1181 4254 αὑτοῦ.
1207 4201 1355 4266 Αὐτὴ
1387 4203 1419 4270 ἡ
1463 4201 1614 4264 πόλις
1645 4201 1775 4268 ἁγία
1809 4200 2061 4268 ἐλέγετο⁶
2096 4199 2206 4254 Καὶ

614 4288 711 4341 ἐπὶ
738 4288 854 4356 τὴν
878 4290 1061 4342 πόλιν
1089 4286 1205 4354 τὴν
1233 4287 1412 4356 ἁγίαν
1449 4289 1563 4353 τὴν
1590 4287 1707 4340 τῶν
1742 4294 2013 4356 πατέρων
2037 4289 2209 4357 ἡμῶν

626 4373 1043 4443 Ἰερουσαλήμ.
1081 4373 1248 4427 Οὐδὲν
1296 4371 1405 4443 γὰρ
1459 4374 1820 4443 προσέρχεται
1869 4374 1990 4443 Θεῷ
2035 4375 2108 4444 μὴ
2148 4376 2206 4427 ὃν

615 4463 793 4531 ἁγιον.
823 4461 914 4514 Διὸ
941 4459 1087 4528 λέγει
1119 4459 1330 4524 Παῦλος
1350 4477 1362 4490 ·
1390 4461 1499 4513 Καὶ
1525 4461 1631 4512 τὸν
1652 4461 1971 4529 ἁγιασμόν,
1998 4458 2069 4516 οὗ
2099 4479 2211 4527 χω-

610 4549 710 4618 ρὶς
731 4548 929 4615 οὐδεὶς
955 4547 1164 4617 ὄψεται
1193 4549 1360 4602 Θεόν.
1413 4547 1845 4616 Ἐνηστεύσαμεν
1883 4547 1990 4600 ἀπὸ
2018 4549 2207 4618 ἄρτουο

619 4639 1006 4709 νηστεύσωμεν
1045 4639 1140 4691 καὶ
1192 4637 1304 4692 ἀπὸ
1344 4637 1579 4701 ἀδικίας.
1613 4638 1726 4691 Οὐκ
1761 4637 1964 4700 ἐσθίεις
2009 4639 2208 4707 ἁρτον;

624 4727 700 4800 μὴ
738 4728 921 4799 φάγῃς
967 4728 1177 4797 σάρκας
1225 4728 1492 4798 πενήτων,
1543 4727 1628 4780 ῖνα
1662 4727 1738 4798 μὴ
1771 4728 1899 4798 είπῃ
1939 4727 2033 4780 κα)⁸
2082 4727 2213 4798 περὶ

623 4815 717 4869 σοῦ
747 4817 776 4868 6
808 4815 971 4878 Θεός’
1021 4817 1084 4867 Ol
1119 4817 1543 4881 κατεσθίοντες
1593 4815 1700 4868 τὸν
1758 4816 1916 4870 λαόν
1966 4832 2085 4884 μου
2142 4815 2213 4866 ἐν

616 4904 842 4974 ,ϐρώσει
864 4904 1068 4973 ἄρτου.
1090 4905 1164 4956 Οὐ
1191 4903 1365 4967 πίνεις
1390 4900 1562 4966 οἷνον;
1590 4905 1664 4974 μὴ
1687 4904 1896 4975 μεθύσῃ
1926 4921 1985 4957 σε
2017 4903 2209 4974 θυμὸς,

628 4994 717 5046 ἵνα
744 4992 817 5062 μὴ
848 4990 1137 5066 ἀκούσῃίς]
1163 4991 1315 5063 παρὰ
1333 4989 1427 5043 τοῦ
1453 4991 1762 5061 νομοθέτου·
1793 4992 1986 5060 Θυμὸς
2008 4991 2213 5057 αὐτοῖς

625 5081 775 5134 κατὰ
805 5079 920 5147 τὴν
952 5080 1236 5148 ὁμοίωσιν
1262 5077 1371 5133 τοῦ
1406 5079 1626 5148 ὄφεωςο
1667 5080 1758 5131 καὶ
1791 5081 1975 5142 πάλιν,
2019 5080 2214 5149 Θυμὸς

625 5169 969 5237 δρακόντων
1022 5170 1053 5221 ό
1089 5163 1253 5234 οἶνος
1285 5166 1504 5221 αὐτῶν.
1540 5167 1709 5221 Ὅταν
1743 5171 1849 5238 γὰρ
1886 5169 2078 5239 θλίψῃς
2114 5168 2211 5220 πέ-

626 5274 783 5328 νητα,
803 5255 895 5308 καὶ
919 5254 1170 5324 στενάξῃ,
1185 5255 1278 5307 ἐπὶ
1299 5253 1392 5308 τοῦ
1415 5255 1550 5308 Θεοῦ
1576 5255 1770 5325 εὑρέθη
1791 5268 1814 5295 ει
1838 5256 2029 5308 ἐσθίων
2051 5255 2214 5326 ἄρτον

626 5343 898 5416 δακρύων.
930 5342 1028 5396 Διὰ
1054 5341 1212 5394 τοῦτο
1235 5340 1382 5409 λέγει
1411 5343 1504 5395 καὶ
1536 5344 1564 5395 6
1593 5343 1725 5404 Θεός
1749 5358 1759 5369 ⁸
1823 5343 2215 5398 Ἐκαλύπτετε

626 5433 697 5486 ἑν
725 5430 981 5500 δάκρυσι
1014 5430 1081 5483 τὸ
1112 5429 1543 5497 θυσιαστήριόν
1584 5449 1723 5499 μου.
1769 5431 2019 5498 Ἑγκαλεῖ
2062 5427 2154 5484 οῦν
2188 5433 2216 5483 6

628 5520 762 5585 Θεδς
798 5523 910 5582 τοῖς
950 5519 1227 5573 κλαίουσιν
1275 5519 1369 5570 ἐπὶ
1423 5519 1516 5573 τοῦ
1568 5520 1956 5590 θυσιαστηρίου
2005 5521 2211 5588 λέγων·

641 5607 863 5678 Ἰερεῖς,
894 5607 1225 5670 εἰσέλθητε,
1273 5606 1607 5662 κλαύσατε.
1657 5608 1797 5661 Ἀλλ’
1846 5609 2088 5677 ἐγκαλεῖ,
2120 5610 2216 5678 οὐχ

658 5836 670 5851 σ
693 5774 826 5895 διῇξε
848 5774 1005 5826 Vatic.
1032 5772 1231 5836 melius,
1258 5774 1309 5823 ni
1338 5770 1504 5834 fallor,
1526 5785 1669 5834 quam
1692 5773 1842 5824 Savil.
1872 5775 1947 5822 ἐπὶ
1972 5775 2054 5822 τὸν
2078 5775 2216 5834 Θεὸν,

658 5850 731 5895 up:
794 5853 832 5894 ς.

631 5850 832 5898 ιυριυης.

2047 393 2417 454 SEVEBIANI

3769 417 3894 470 438

2291 515 2370 567 ὅτι
2414 515 2628 568 ἔκλαιον
2671 516 2846 581 αὐτοὶ,
2896 516 3011 570 ἀλλ’
3041 515 3228 588 ἐπειδὴ
3265 519 3315 571 οί
3359 516 3704 587 ἀδικούμενοι
3761 518 3889 570 ἐκεῖ

2291 603 2645 673 ἐνετύγχανον
2688 606 2780 658 ἐπὶ
2821 607 2916 658 τοῦ
2957 606 3376 678 θυσιαστηρίου,
3419 605 3645 677 ὀρφανοί
3683 621 3741 656 τε
3782 604 3889 656 καὶ

2291 691 2476 760 χῆραι.
2526 692 2634 744 Καὶ
2675 694 2763 746 ἵνα
2803 693 2971 765 δείξῃ,
3012 695 3092 746 ὅτι
3137 693 3266 763 περὶ
3306 693 3526 745 ἐκείνων
3577 692 3746 758 λέγει,
3779 692 3890 742 ἐπ-

2291 780 2486 849 ήγαγεο
2519 780 2835 849 κλαυθμῷ,
2857 782 2952 834 καὶ
2977 780 3228 844 κοπετῷ,
3259 780 3358 833 καί
3377 779 3561 846 κόπῳ.
3583 780 3704 832 Ἔτι
3727 778 3888 842 ἀξιον

2291 866 2578 936 ἐπιϐλέψαι
2613 869 2704 920 ἐπὶ
2727 868 2824 931 τὰς
2861 868 3048 931 θυσίας
3080 867 3253 937 ἡμῶν.
3281 868 3575 938 Πρόκειται
3606 862 3699 918 οῦν
3748 866 3894 934 τρά-

2293 953 2429 1016 πεζα
2461 953 2639 1023 ψυχῆς
2667 955 2696 1006 6
2724 954 2816 1006 τοῦ
2840 954 2974 1007 Θεοῦ
3013 955 3188 1022 λόγος.
3219 955 3386 1025 Σῶμα
3416 953 3678 1023 νηστεῦον
3718 953 3890 1019 ἁγιά-

2289 1041 2460 1109 ζεται,
2499 1043 2647 1114 ψυχὴ
2692 1043 2766 1115 μὴ
2819 1043 3129 1116 τρεφομένη
3173 1043 3471 1114 φθείρεται.
3505 1043 3720 1096 Γένοιτο
3742 1041 3797 1094 δὲ
3823 1041 3893 1092 τὸ

2292 1128 2390 1199 μὲν
2416 1128 2574 1199 σῶμα
2609 1130 2890 1200 νηστεύειν
2913 1131 3020 1184 ἀπὺ
3043 1131 3476 1200 ἁμαρτημάτων,
3505 1128 3603 1200 τὴν
3623 1129 3680 1180 δὲ
3704 1128 3891 1198 ψυχὴν

2289 1217 2560 1287 ἐντρυφᾷν
2605 1220 2718 1280 τοῖς
2757 1217 2921 1281 θείοις
2952 1217 3237 1287 δόγμασιν.
3280 1218 3354 1269 Οὐ
3402 1218 3532 1287 δύνῃ
3575 1215 3631 1268 δὲ
3679 1215 3891 1268 ἐσθίειν

2289 1305 2452 1376 ἄρτον
2484 1304 2720 1375 Χριστοῦ
2747 1305 2840 1358 καὶ
2871 1304 3034 1374 ἁρτον
3060 1303 3329 1375 δακρύων,
3364 1304 3442 1365 ὡς
3465 1304 3612 1369 λέγει
3637 1303 3851 1364 Παῦλος
3873 1318 3888 1331 ⁸

2292 1393 2374 1444 Οὐ
2408 1390 2673 1445 δύνασθε
2709 1391 3000 1459 τραπέζης
3026 1391 3284 1462 Χριστοῦ
3317 1391 3594 1460 μετέχειν
3613 1391 3715 1442 καὶ
3749 1406 3890 1457 τρα-

2289 1477 2468 1545 πέζης
2507 1479 2848 1549 δαιμονίων.
2890 1482 2983 1532 Δεῖ
3026 1479 3206 1533 τοίνυν
3247 1478 3338 1531 τὸν
3389 1477 3719 1548 νηστεύοντα
3773 1478 3889 1529 άπ-

2290 1567 2634 1636 έχεσθαιάπδ
2663 1567 2990 1638 βρωμάτων,
3025 1567 3122 1620 καί⁵
3163 1566 3374 1637 πρῶτόν
3404 1583 3469 1634 γε
3493 1565 3599 1620 ἀπὸ
3625 1566 3891 1635 ἁμαρτη-

2294 1654 2499 1724 μάτων.
2533 1656 2643 1709 Καὶ
2670 1656 2779 1726 γάρ
2814 1655 2935 1709 καθ’
2971 1655 3210 1724 ἑκάστην
3260 1653 3475 1724 ἡμέραν
3536 1653 3760 1721 ἄγγελοι
3792 1669 3892 1720 ση⁴

2295 1742 2689 1814 μειοῦνται,τίς
2724 1743 2982 1814 προέθετο
3009 1741 3309 1812 ἀπέχεσθαι
3341 1743 3446 1794 ἀπὸ
3479 1741 3813 1805 πλεονεξίας,
3851 1740 3889 1808 ἢ

2291 1829 2567 1901 πορνείας,
2605 1828 2637 1899 ἢ
2669 1829 2881 1893 ἀδικίας
2906 1829 2955 1884 ι’.
2991 1829 3206 1892 Ταύτας
3237 1828 3345 1898 γὰρ
3373 1827 3475 1892 τάς
3512 1828 3768 1899 νηστείας
3789 1826 3891 1879 καὶ

2291 1920 2513 1987 ἄγγελοι
2539 1920 2965 1991 ἁναγράφονται,
3001 1920 3094 1972 καὶ
3119 1919 3250 1982 Θεὸς
3294 1917 3632 1988 ταμιεύεται.
3670 1916 3890 1984 Ὥσπερ

2292 2008 2422 2077 γὰρ,
2465 2008 2706 2077 ἀδελφοὶ,
2746 2007 2854 2061 ἀπὸ
2886 2007 2993 2060 τῶν
3037 2005 3361 2076 ἁναφορῶνο
3411 2005 3461 2058 οἱ
3499 2005 3758 2073 ἄρχοντες
3805 2002 3893 2071 τῷ

2295 2095 2505 2166 βασιλεῖ
2537 2098 2715 2150 πάντα
2753 2095 3048 2166 μηνύουσιν
3069 2137 3083 2158 ,
3111 2093 3284 2156 οὕτως
3308 2094 3403 2146 καὶ
3433 2094 3482 2146 οἱ
3535 2091 3758 2159 ἁγγελοι
3806 2088 3894 2159 τῷ

2292 2183 2410 2252 Θεῷ
2437 2185 2613 2238 πάντα
2638 2183 2707 2236 τὰ
2737 2185 3018 2253 γινόμενα,
3051 2185 3150 2236 οὐκ
3177 2180 3475 2249 ἀγνοοῦντα
3511 2179 3890 2239 διδάσκοντες,

2294 2271 2431 2325 ἀλλά
2458 2271 2553 2341 τὴν
2591 2271 2970 2343 λειτουργικὴν
3007 2267 3159 2334 τάξιν
3207 2269 3306 2337 τῆς
3352 2265 3715 2336 δημιουργίας
3749 2261 3891 2331 πλη-

2299 2359 2537 2429 ροῦντες.
2585 2357 2728 2427 Ἐγὼ
2757 2359 3069 2429 ἐμακάρισα
3098 2357 3164 2410 ἂν
3206 2353 3465 2426 μυριάκις
3498 2352 3589 2406 τὸν
3614 2349 3890 2410 ἐσθίοντα,

2295 2445 2326 2515 ἦ
2368 2444 2459 2497 τὸν
2496 2445 2824 2514 νηστεύοντα
2877 2445 2971 2496 καὶ
3014 2442 3324 2496 ἀδικοῦντα.
3357 2437 3544 2492 Ταῦτα
3589 2438 3768 2505 λέγω,
3823 2437 3892 2487 οὐ

2295 2533 2548 2603 νηστείαν
2575 2531 2738 2596 λύων,
2767 2531 2880 2584 ἁλλ’
2914 2529 3197 2583 εὐσέϐειαν
3239 2527 3544 2599 κηρύττων.
3573 2526 3648 2578 Οὐ
3688 2524 3798 2594 γὰρ
3828 2522 3895 2575 τὺ

2297 2623 2489 2689 φαγεῖν
2539 2619 2727 2686 κακὸν,
2760 2618 2896 2672 ἀλλὰ
2931 2618 2992 2671 τὺ
3036 2616 3371 2688 ἁμαρτάνειν
3413 2615 3670 2683 πονηρὸν,
3703 2609 3893 2672 καθὼς

2296 2709 2444 2776 λέγει
2465 2711 2491 2761 6
2520 2709 2652 2772 Θεὸς
2679 2709 2809 2779 περί
2861 2725 3004 2772 τινος
3037 2707 3245 2760 δικαίου
3266 2722 3278 2734 ·
3318 2705 3382 2756 '0
3415 2700 3608 2769 πατήρ
3638 2714 3756 2754 σου
3779 2700 3895 2752 οὐκ

2297 2795 2500 2864 ἔφαγε,
2531 2796 2624 2849 καὶ
2656 2796 2722 2848 τὸ
2753 2793 2982 2863 θέλημὰ
3002 2811 3120 2863 μου
3142 2791 3458 2856 ἐποίησεν.
3492 2787 3647 2841 Οὐτω
3688 2786 3753 2856 δὴ
3797 2784 3897 2837 καὶ

2298 2883 2530 2953 ἀλλαχοῦ
2554 2901 2566 2912 ·
2599 2883 2862 2945 Νηστεία
2884 2884 2920 2950 ἠ
2940 2879 3166 2948 τετρὰς,
3185 2877 3282 2931 καὶ
3299 2876 3549 2944 νηστεία
3571 2876 3608 2942 ἠ
3628 2875 3891 2942 πέμπτη,

2301 2971 2451 3043 HAS]
2479 2973 2574 3026 ml
2603 2973 2854 3040 νηστεία
2882 2974 2919 3040 η
2941 2969 3181 3034 δεκάτη,
3207 2968 3378 3020 ἔσται
3406 2963 3552 3035 ὑμῖν
3582 2965 3670 3027 είς
3698 2961 3896 3031 χαρὰν

2299 3063 2397 3114 καὶ
2425 3063 2511 3126 είς
2541 3062 2928 3130 εὐφροσύνην
2969 3057 3068 3111 καὶ
3114 3057 3201 3120 είς
3239 3051 3443 3121 ἑορτὰς
3502 3049 3752 3118 ἀγαθὰς,
3792 3046 3895 3100 καί

2298 3148 2414 3216 τὴν
2446 3147 2737 3213 ἀλήθειαν
2762 3144 3138 3216 ἀγαπήσατε.
3157 3140 3298 3194 Ἀλλ’
3322 3136 3602 3206 ἐπέλαμψε
3620 3135 3682 3187 τὸ
3699 3133 3894 3203 αἰσθη-

2299 3237 2390 3291 τὸν
2425 3237 2560 3306 φῶς,
2593 3237 2682 3289 ἵνα
2720 3235 2966 3307 κηρυχθῇ
3013 3235 3042 3285 6
3084 3230 3177 3284 τοῦ
3209 3229 3386 3298 φωτὸς
3427 3226 3688 3295 ἐργάτης.
3746 3224 3894 3275 Κατ-

2301 3326 2538 3396 έλαϐενὴ
2563 3324 2771 3394 ἑσπέρα
2797 3321 3170 3392 σφραγίζουσα
3190 3319 3286 3387 τῆς
3314 3315 3527 3386 ἡμέρας
3557 3313 3648 3365 τὸν
3670 3311 3890 3382 δρόμον.

2301 3414 2457 3484 Καλὴ
2505 3415 2537 3483 ἡ
2579 3411 2756 3482 ἁρχὴ,
2803 3408 3156 3480 προστεθήτω
3207 3405 3268 3457 τὸ
3313 3403 3489 3465 τέλος.
3548 3400 3640 3468 Μὴ
3683 3397 3894 3451 ἀπώθει

2303 3503 2511 3565 κακῶς,
2556 3501 2671 3555 ἀλλ’
2716 3500 2879 3554 ἄκουε
2930 3495 3024 3548 τοῦ
3059 3492 3260 3546 Δαυῖδ·
3314 3493 3417 3556 El;
3467 3489 3530 3542 t6
3578 3488 3777 3552 τέλος,
3807 3484 3894 3554 μὴ

2303 3589 2673 3658 διαφθείρῃς.
2710 3587 2768 3639 '0
2799 3585 2856 3639 δὲ
2902 3583 3033 3645 Θεὸς
3077 3580 3171 3634 τοῦ
3208 3578 3384 3647 φωτὸς
3436 3575 3626 3630 τούτου
3685 3575 3897 3634 πάντας

2305 3679 2450 3748 ὑμᾶς
2495 3677 2704 3746 φωτίσῃ
2755 3674 2919 3742 λόγῳ,
2955 3672 3126 3741 νόμῳ,
3176 3667 3378 3728 πίστει,
3408 3662 3755 3734 δικαιοσύνῃ,
3791 3677 3898 3748 om:

2307 3740 2569 3839 φροσύνη,
2598 3765 2656 3817 ἐν
2680 3740 2904 3833 Χριστῷ
2944 3740 3120 3830 Ἰησοῦ
3153 3755 3230 3826 τῷ
3280 3753 3469 3824 Κυρίῳ
3510 3751 3689 3821 ήμῶν,
3718 3749 3803 3839 *δι’
3833 3740 3895 3800 οὗ

2309 3836 2402 3909 καὶ
2428 3853 2546 3925 μεθ’
2573 3847 2634 3907 οὐ
2674 3850 2751 3922 τῷ
2779 3848 2953 3918 Πατρὶ
2987 3846 3142 3910 δόξα,
3174 3845 3291 3912 ἅμα
3316 3841 3394 3911 τῷ
3417 3840 3559 3910 ἁγίῳ
3593 3836 3894 3908 ιΙνεύματι,

2310 3947 2388 4009 είς
2412 3944 2537 4005 τούς
2565 3941 2767 4002 αίῶνας
2791 3936 2900 3989 τῶν
2936 3933 3168 3989 αἰώνων.
3217 3929 3409 3999 Ἀμήν.

2315 4112 2425 4170 Τοῦ
2464 4108 2649 4164 αὐτοῦ
2691 4109 2778 4172 εις
2813 4103 2928 4179 τὴν
2965 4099 3252 4179 δευτέραις
3284 4095 3658 4179 ήμέρᾳνοτῆςὶ
3677 4107 3900 4179 κοσμο-

2380 4159 2600 4247 ποῆας,
2620 4159 2729 4231 -καὶ
2752 4159 2930 4243 ’πρός
2958 4173 3067 4225 τὸν
3090 4159 3342 4247 ,εἰπόντᾶ
3383 4159 3543 4247 αὐτῷ
3566 4178 3580 4193 ο
3605 4159 3896 4247 Ορκιέδει

2382 4231 3152 4322 ημᾶς-’τοὺςῃΧρισξτιαν-οιίίς
3188 4237 3391 4307 λέγειν
3431 4234 3529 4287 ἐπὶ
3579 4231 3684 4285 τοῦ
3731 4231 3896 4300 ἁγιά-

2383 4311 2629 4393 σρατοςο
2667 4311 2872 4388 Κύριος
2903 4311 3152 4366 Σαϐαὼθ.

2388 4456 2456 4502 α’.
2490 4446 2683 4515 Ψυχῆς
2717 4443 2879 4495 πόθον
2914 4437 3117 4509 ἐγείρει
3168 4434 3303 4489 Θεοῦ
3339 4434 3494 4502 λόγος
3526 4476 3539 4497 ,
3579 4432 3671 4485 καὶ
3708 4430 3898 4498 ὥσπερ

2313 4536 2436 4591 τινὰ
2473 4532 2733 4605 λαμπάδα
2762 4529 3105 4602 περιτίθησιν
3134 4526 3268 4597 αὐτῇ
3304 4526 3402 4597 τὴν
3439 4521 3632 4594 χαρὰν,
3686 4522 3775 4573 ἵνα
3805 4520 3898 4572 καὶ

2312 4626 2438 4688 τοὺς
2468 4621 2764 4690 λογισμούς
2797 4616 3206 4688 λαμπρύνηται,
3233 4613 3326 4667 καὶ
3363 4613 3462 4682 τὴν
3499 4611 3737 4664 διάνοιαν
3774 4625 3898 4676 φαι-

2313 4712 2602 4784 δρύνηται,
2655 4709 2747 4762 καὶ
2778 4706 2845 4759 τὰ
2897 4704 3270 4775 ἁμαρτήματα
3299 4699 3622 4768 καθαίρηται
3645 4741 3658 4760 ,
3693 4698 3786 4784 καῖ
3829 4693 3900 4748 τὰ

2316 4782 2561 4870 νοήματα
2592 4795 2913 4865 φωτίζηται.
2932 4790 3187 4853 Τοιοῦτός
3207 4790 3356 4840 ὲστιν
3381 4789 3408 4839 ό
3429 4786 3521 4839 τοῦ
3555 4784 3689 4838 Θεοῦ
3717 4782 3892 4849 λόγος.

2317 4890 2494 4957 Ὅπερ
2527 4887 2634 4956 γάρ
2667 4887 2812 4936 ἐστιν
2837 4882 3004 4950 ἀκόνη
3035 4878 3260 4948 σιδήρῳ.
3291 4874 3448 4929 τοῦτο
3474 4872 3606 4926 Θεοῦ
3641 4871 3810 4957 λόγος

2315 4955 2481 5046 ψυχῇ.
2514 4976 2574 5027 'H
2603 4955 2767 5040 ἀκόνη
2798 4971 2895 5039 οὐχ
2927 4968 2985 5020 ’έν
3005 4985 3057 5019 τι
3088 4963 3370 5036 χαρίζεται
3394 4960 3473 5032 τῷ
3505 4960 3723 5030 σιδήρῳ,
3765 4955 3898 5046 ἀλλὰ

2319 5039 2533 5139 πρωτον
2570 5061 2731 5116 αὐτὸν
2767 5055 3172 5126 παρασκευάζει
3210 5050 3519 5105 ἀποπτύσαι
3537 5049 3628 5101 τὸν
3649 5047 3754 5099 ἰόνο
3782 5039 3896 5096 εἶτα

2320 5128 2495 5226 παχὺν
2524 5154 2651 5206 ὄντα
2681 5147 2954 5207 λεπτύνει,
2983 5142 3194 5213 ἀμϐλὺν
3233 5139 3362 5192 ὄντα
3393 5135 3592 5201 όξύνει,
3627 5128 3897 5185 σκοτεινὸν

2317 5217 2446 5299 ὄντα
2497 5237 2824 5310 λαμπρύνει,
2867 5233 3087 5302 σμήχει,
3132 5226 3434 5298 φαιδρύνει,
3475 5217 3898 5310 ὀξύνειίοῦτως

2317 5331 2410 5388 οῦν
2443 5305 2587 5385 ἐστιν
2616 5305 2776 5379 ὁντοῦ
2823 5320 2959 5375 Θεοῦ
3003 5319 3179 5386 λόγος,
3211 5313 3381 5367 ποιῶν
3419 5312 3516 5382 τὴν
3556 5305 3733 5376 ψυχὴν
3767 5306 3897 5357 ἀπο-

2319 5424 2520 5478 πτύσαι
2559 5417 2648 5469 τὸν
2683 5415 2759 5466 ίδν
2797 5411 2896 5480 τῆς
2935 5407 3228 5479 ἁμαρτίας,
3254 5401 3516 5473 ἀμϐλεῖαν
3559 5391 3723 5480 θῦσαν
3775 5392 3897 5455 ὀξύ-

2321 5530 2444 5572 νων,
2471 5507 2704 5574 παχεῖαν
2731 5497 2894 5554 οὖσαν
2923 5494 3216 5557 λεπτύνων,
3243 5487 3520 5556 σκοτεινὴν
3563 5479 3728 5536 οὖσαν
3761 5480 3897 5549 λαμ-

2386 5649 2411 5738 ῗ
2435 5633 3899 5765 τῖῗθοῗὲἓλῖίῗ’τῗιῗιὲἲῗέρὲῖίῗιῗῗὲῗῦῗῗῖςεείξξπεὲιιεξξὶιξὲἱοε

2321 5735 3274 5818 saéio166:5?Zizﬁéﬂﬁv'éﬁﬂpbv,
3299 5744 3381 5807 qui
3406 5735 3593 5792 libellés
3616 5735 3898 5802 imperatori

2325 5827 2598 5896 oﬁ‘crebam.

2325 5833 2598 5881 otfcreham.
