  <div class='ocr_page' id='page_1' title='image "/cluster/home/n/w/nwhite01/storage/ocr_20150623/56/uva.x004697988/436.png"; bbox 0 0 4102 6530; ppageno 0'>
   <div class='ocr_carea' id='block_1_1' title="bbox 235 494 349 550">
    <p class='ocr_par' dir='ltr' id='par_1_1' title="bbox 235 494 349 550">
     <span class='ocr_line' id='line_1_1' title="bbox 235 494 349 550; baseline 0.026 -3"><span class='ocrx_word' id='word_1_1' title='bbox 235 494 349 550; x_wconf 81' lang='lat'><strong>437</strong></span> 
     </span>
    </p>
   </div>
   <div class='ocr_carea' id='block_1_2' title="bbox 248 599 1832 673">
    <p class='ocr_par' dir='ltr' id='par_1_2' title="bbox 248 599 1832 673">
     <span class='ocr_line' id='line_1_2' title="bbox 248 599 1832 673; baseline -0.003 -16"><span class='ocrx_word' id='word_1_2' title='bbox 248 614 470 659; x_wconf 76' lang='lat' dir='ltr'><strong>noctem.</strong></span> <span class='ocrx_word' id='word_1_3' title='bbox 500 603 722 659; x_wconf 78' lang='lat' dir='ltr'><strong>Noctem</strong></span> <span class='ocrx_word' id='word_1_4' title='bbox 743 616 910 673; x_wconf 88' lang='lat' dir='ltr'><strong>quare</strong></span> <span class='ocrx_word' id='word_1_5' title='bbox 935 604 958 656; x_wconf 74' lang='grc' dir='ltr'><strong><em>Ἰ</em></strong></span> <span class='ocrx_word' id='word_1_6' title='bbox 997 601 1131 670; x_wconf 82' lang='lat' dir='ltr'><strong>Quia</strong></span> <span class='ocrx_word' id='word_1_7' title='bbox 1158 610 1319 659; x_wconf 89' lang='lat' dir='ltr'><strong>noctu</strong></span> <span class='ocrx_word' id='word_1_8' title='bbox 1342 602 1699 656; x_wconf 80' lang='lat' dir='ltr'><strong>dormientem</strong></span> <span class='ocrx_word' id='word_1_9' title='bbox 1736 599 1832 654; x_wconf 87' lang='lat' dir='ltr'><strong>ho-</strong></span> 
     </span>
    </p>
   </div>
   <div class='ocr_carea' id='block_1_3' title="bbox 248 693 1829 763">
    <p class='ocr_par' dir='ltr' id='par_1_3' title="bbox 248 693 1829 763">
     <span class='ocr_line' id='line_1_3' title="bbox 248 693 1829 763; baseline -0.003 -13"><span class='ocrx_word' id='word_1_10' title='bbox 248 698 449 751; x_wconf 84' lang='lat' dir='ltr'><strong>minem</strong></span> <span class='ocrx_word' id='word_1_11' title='bbox 478 697 531 751; x_wconf 90' lang='lat' dir='ltr'><strong>in</strong></span> <span class='ocrx_word' id='word_1_12' title='bbox 561 697 751 751; x_wconf 88' lang='lat' dir='ltr'><strong>mortis</strong></span> <span class='ocrx_word' id='word_1_13' title='bbox 803 695 1116 751; x_wconf 83' lang='lat' dir='ltr'><strong>memoriam</strong></span> <span class='ocrx_word' id='word_1_14' title='bbox 1170 703 1389 750; x_wconf 77' lang='lat' dir='ltr'><strong>revocat</strong></span> <span class='ocrx_word' id='word_1_15' title='bbox 1439 693 1829 763; x_wconf 86' lang='lat' dir='ltr'><strong>propemodum</strong></span> 
     </span>
    </p>
   </div>
   <div class='ocr_carea' id='block_1_4' title="bbox 249 785 1828 857">
    <p class='ocr_par' dir='ltr' id='par_1_4' title="bbox 249 785 1828 857">
     <span class='ocr_line' id='line_1_4' title="bbox 249 785 1828 857; baseline -0.001 -17"><span class='ocrx_word' id='word_1_16' title='bbox 249 788 474 842; x_wconf 86' lang='lat' dir='ltr'><strong>dicens:</strong></span> <span class='ocrx_word' id='word_1_17' title='bbox 506 788 691 852; x_wconf 88' lang='lat' dir='ltr'><strong>Disce,</strong></span> <span class='ocrx_word' id='word_1_18' title='bbox 750 788 931 852; x_wconf 90' lang='lat' dir='ltr'><strong>homo,</strong></span> <span class='ocrx_word' id='word_1_19' title='bbox 974 787 1099 857; x_wconf 92' lang='lat' dir='ltr'><strong>quid</strong></span> <span class='ocrx_word' id='word_1_20' title='bbox 1144 787 1239 841; x_wconf 81' lang='lat' dir='ltr'><strong>sis.</strong></span> <span class='ocrx_word' id='word_1_21' title='bbox 1272 786 1514 842; x_wconf 81' lang='lat' dir='ltr'><strong>Mortalis</strong></span> <span class='ocrx_word' id='word_1_22' title='bbox 1541 800 1623 851; x_wconf 92' lang='lat' dir='ltr'><strong>es,</strong></span> <span class='ocrx_word' id='word_1_23' title='bbox 1652 785 1828 839; x_wconf 88' lang='lat' dir='ltr'><strong>somni</strong></span> 
     </span>
    </p>
   </div>
   <div class='ocr_carea' id='block_1_5' title="bbox 248 877 1833 947">
    <p class='ocr_par' dir='ltr' id='par_1_5' title="bbox 248 877 1833 947">
     <span class='ocr_line' id='line_1_5' title="bbox 248 877 1833 947; baseline 0.001 -17"><span class='ocrx_word' id='word_1_24' title='bbox 248 880 431 931; x_wconf 72' lang='lat' dir='ltr'><strong>virtuti</strong></span> <span class='ocrx_word' id='word_1_25' title='bbox 459 877 709 933; x_wconf 79' lang='lat' dir='ltr'><strong>addictus</strong></span> <span class='ocrx_word' id='word_1_26' title='bbox 741 896 753 933; x_wconf 89' lang='lat'>:</span> <span class='ocrx_word' id='word_1_27' title='bbox 782 894 877 933; x_wconf 91' lang='lat' dir='ltr'><strong>cur</strong></span> <span class='ocrx_word' id='word_1_28' title='bbox 918 894 980 933; x_wconf 89' lang='lat' dir='ltr'><strong>ea</strong></span> <span class='ocrx_word' id='word_1_29' title='bbox 1002 894 1119 947; x_wconf 69' lang='lat' dir='ltr'><strong>qum</strong></span> <span class='ocrx_word' id='word_1_30' title='bbox 1148 892 1306 945; x_wconf 85' lang='lat' dir='ltr'><strong>supra</strong></span> <span class='ocrx_word' id='word_1_31' title='bbox 1336 889 1386 932; x_wconf 89' lang='lat' dir='ltr'><strong>te</strong></span> <span class='ocrx_word' id='word_1_32' title='bbox 1413 886 1537 932; x_wconf 90' lang='lat' dir='ltr'><strong>sunt</strong></span> <span class='ocrx_word' id='word_1_33' title='bbox 1574 877 1833 946; x_wconf 83' lang='lat' dir='ltr'><strong>imagina-</strong></span> 
     </span>
    </p>
   </div>
   <div class='ocr_carea' id='block_1_6' title="bbox 245 968 1829 1039">
    <p class='ocr_par' dir='ltr' id='par_1_6' title="bbox 245 968 1829 1039">
     <span class='ocr_line' id='line_1_6' title="bbox 245 968 1829 1039; baseline -0.004 -13"><span class='ocrx_word' id='word_1_34' title='bbox 245 972 366 1026; x_wconf 86' lang='lat' dir='ltr'><strong>ris?</strong></span> <span class='ocrx_word' id='word_1_35' title='bbox 399 970 514 1024; x_wconf 82' lang='lat' dir='ltr'><strong>Nox</strong></span> <span class='ocrx_word' id='word_1_36' title='bbox 544 971 689 1025; x_wconf 90' lang='lat' dir='ltr'><strong>enim</strong></span> <span class='ocrx_word' id='word_1_37' title='bbox 719 970 1060 1039; x_wconf 88' lang='lat' dir='ltr'><strong>compunctio</strong></span> <span class='ocrx_word' id='word_1_38' title='bbox 1090 978 1173 1023; x_wconf 89' lang='lat' dir='ltr'><strong>est</strong></span> <span class='ocrx_word' id='word_1_39' title='bbox 1203 987 1215 1023; x_wconf 94' lang='lat'>:</span> <span class='ocrx_word' id='word_1_40' title='bbox 1246 969 1592 1038; x_wconf 83' lang='lat' dir='ltr'><strong>quamobrem</strong></span> <span class='ocrx_word' id='word_1_41' title='bbox 1618 969 1692 1022; x_wconf 87' lang='lat' dir='ltr'><strong>ait</strong></span> <span class='ocrx_word' id='word_1_42' title='bbox 1726 968 1829 1020; x_wconf 86' lang='lat' dir='ltr'><strong>Da-</strong></span> 
     </span>
    </p>
   </div>
   <div class='ocr_carea' id='block_1_7' title="bbox 246 1060 1832 1127">
    <p class='ocr_par' dir='ltr' id='par_1_7' title="bbox 246 1060 1832 1127">
     <span class='ocr_line' id='line_1_7' title="bbox 246 1060 1832 1127; baseline 0.001 -15"><span class='ocrx_word' id='word_1_43' title='bbox 246 1061 333 1114; x_wconf 65' lang='lat' dir='ltr'><strong>vid</strong></span> <span class='ocrx_word' id='word_1_44' title='bbox 368 1080 381 1113; x_wconf 89' lang='lat'><strong>:</strong></span> <span class='ocrx_word' id='word_1_45' title='bbox 413 1062 541 1127; x_wconf 74' lang='lat' dir='ltr'><strong>Qua:</strong></span> <span class='ocrx_word' id='word_1_46' title='bbox 566 1061 729 1114; x_wconf 89' lang='lat' dir='ltr'><strong>dicitis</strong></span> <span class='ocrx_word' id='word_1_47' title='bbox 751 1061 801 1113; x_wconf 89' lang='lat' dir='ltr'><strong>in</strong></span> <span class='ocrx_word' id='word_1_48' title='bbox 820 1060 1054 1114; x_wconf 76' lang='lat' dir='ltr'><strong>cordibus</strong></span> <span class='ocrx_word' id='word_1_49' title='bbox 1080 1062 1274 1125; x_wconf 77' lang='lat' dir='ltr'><strong>vestris,</strong></span> <span class='ocrx_word' id='word_1_50' title='bbox 1304 1061 1355 1113; x_wconf 89' lang='lat' dir='ltr'><strong>in</strong></span> <span class='ocrx_word' id='word_1_51' title='bbox 1384 1060 1630 1115; x_wconf 87' lang='lat' dir='ltr'><strong>cubilibus</strong></span> <span class='ocrx_word' id='word_1_52' title='bbox 1658 1060 1832 1114; x_wconf 76' lang='lat' dir='ltr'><strong>vestris</strong></span> 
     </span>
    </p>
   </div>
   <div class='ocr_carea' id='block_1_8' title="bbox 244 1150 1829 1221">
    <p class='ocr_par' dir='ltr' id='par_1_8' title="bbox 244 1150 1829 1221">
     <span class='ocr_line' id='line_1_8' title="bbox 244 1150 1829 1221; baseline -0.001 -17"><span class='ocrx_word' id='word_1_53' title='bbox 244 1151 644 1221; x_wconf 84' lang='lat' dir='ltr'><strong>compungimini</strong></span> <span class='ocrx_word' id='word_1_54' title='bbox 691 1150 857 1221; x_wconf 85' lang='lat' dir='ltr'><strong>(Psal.</strong></span> <span class='ocrx_word' id='word_1_55' title='bbox 903 1152 957 1205; x_wconf 69' lang='grc'><strong>1.</strong></span> <span class='ocrx_word' id='word_1_56' title='bbox 985 1151 1064 1219; x_wconf 85' lang='grc'><strong>5).</strong></span> <span class='ocrx_word' id='word_1_57' title='bbox 1097 1150 1233 1206; x_wconf 88' lang='lat' dir='ltr'><strong>Vere</strong></span> <span class='ocrx_word' id='word_1_58' title='bbox 1257 1154 1403 1220; x_wconf 84' lang='lat' dir='ltr'><strong>jacet</strong></span> <span class='ocrx_word' id='word_1_59' title='bbox 1458 1152 1616 1205; x_wconf 87' lang='lat' dir='ltr'><strong>homo</strong></span> <span class='ocrx_word' id='word_1_60' title='bbox 1646 1161 1829 1214; x_wconf 90' lang='lat' dir='ltr'><strong>noctu,</strong></span> 
     </span>
    </p>
   </div>
   <div class='ocr_carea' id='block_1_9' title="bbox 245 1236 1827 1305">
    <p class='ocr_par' dir='ltr' id='par_1_9' title="bbox 245 1236 1827 1305">
     <span class='ocr_line' id='line_1_9' title="bbox 245 1236 1827 1305; baseline -0.001 -16"><span class='ocrx_word' id='word_1_61' title='bbox 245 1251 421 1304; x_wconf 84' lang='lat' dir='ltr'><strong>neque</strong></span> <span class='ocrx_word' id='word_1_62' title='bbox 450 1244 713 1301; x_wconf 88' lang='lat' dir='ltr'><strong>mortuus,</strong></span> <span class='ocrx_word' id='word_1_63' title='bbox 763 1250 936 1305; x_wconf 90' lang='lat' dir='ltr'><strong>neque</strong></span> <span class='ocrx_word' id='word_1_64' title='bbox 964 1236 1136 1290; x_wconf 85' lang='lat' dir='ltr'><strong>vivus.</strong></span> <span class='ocrx_word' id='word_1_65' title='bbox 1166 1236 1445 1304; x_wconf 85' lang='lat' dir='ltr'><strong>interroga</strong></span> <span class='ocrx_word' id='word_1_66' title='bbox 1480 1236 1786 1291; x_wconf 72' lang='lat' dir='ltr'><strong>hrcreticuin</strong></span> <span class='ocrx_word' id='word_1_67' title='bbox 1814 1253 1827 1288; x_wconf 94' lang='lat'>:</span> 
     </span>
    </p>
   </div>
   <div class='ocr_carea' id='block_1_10' title="bbox 244 1325 1827 1392">
    <p class='ocr_par' dir='ltr' id='par_1_10' title="bbox 244 1325 1827 1392">
     <span class='ocr_line' id='line_1_10' title="bbox 244 1325 1827 1392; baseline 0 -12"><span class='ocrx_word' id='word_1_68' title='bbox 244 1327 383 1392; x_wconf 87' lang='lat' dir='ltr'><strong>Quid</strong></span> <span class='ocrx_word' id='word_1_69' title='bbox 417 1328 535 1380; x_wconf 84' lang='lat' dir='ltr'><strong>est?</strong></span> <span class='ocrx_word' id='word_1_70' title='bbox 592 1327 812 1381; x_wconf 74' lang='lat' dir='ltr'><strong>vivusne</strong></span> <span class='ocrx_word' id='word_1_71' title='bbox 848 1342 916 1380; x_wconf 86' lang='lat' dir='ltr'><strong>an</strong></span> <span class='ocrx_word' id='word_1_72' title='bbox 969 1328 1250 1381; x_wconf 83' lang='lat' dir='ltr'><strong>mortuus?</strong></span> <span class='ocrx_word' id='word_1_73' title='bbox 1279 1325 1336 1382; x_wconf 88' lang='lat' dir='ltr'><strong>Si</strong></span> <span class='ocrx_word' id='word_1_74' title='bbox 1366 1328 1581 1390; x_wconf 78' lang='lat' dir='ltr'><strong>dixerit,</strong></span> <span class='ocrx_word' id='word_1_75' title='bbox 1620 1327 1783 1381; x_wconf 80' lang='lat' dir='ltr'><strong>Vivus</strong></span> <span class='ocrx_word' id='word_1_76' title='bbox 1814 1369 1827 1392; x_wconf 96' lang='lat'><strong>,</strong></span> 
     </span>
    </p>
   </div>
   <div class='ocr_carea' id='block_1_11' title="bbox 244 1418 1832 1488">
    <p class='ocr_par' dir='ltr' id='par_1_11' title="bbox 244 1418 1832 1488">
     <span class='ocr_line' id='line_1_11' title="bbox 244 1418 1832 1488; baseline -0.001 -16"><span class='ocrx_word' id='word_1_77' title='bbox 244 1432 448 1487; x_wconf 88' lang='lat' dir='ltr'><strong>repone</strong></span> <span class='ocrx_word' id='word_1_78' title='bbox 478 1418 552 1472; x_wconf 89' lang='lat' dir='ltr'><strong>illi</strong></span> <span class='ocrx_word' id='word_1_79' title='bbox 580 1435 591 1470; x_wconf 91' lang='lat'><strong>:</strong></span> <span class='ocrx_word' id='word_1_80' title='bbox 619 1418 726 1471; x_wconf 87' lang='lat' dir='ltr'><strong>Cur</strong></span> <span class='ocrx_word' id='word_1_81' title='bbox 756 1434 885 1488; x_wconf 78' lang='lat' dir='ltr'><strong>ergo</strong></span> <span class='ocrx_word' id='word_1_82' title='bbox 914 1433 1014 1474; x_wconf 86' lang='lat' dir='ltr'><strong>nec</strong></span> <span class='ocrx_word' id='word_1_83' title='bbox 1058 1419 1339 1488; x_wconf 83' lang='lat' dir='ltr'><strong>loquentes</strong></span> <span class='ocrx_word' id='word_1_84' title='bbox 1367 1432 1466 1473; x_wconf 85' lang='lat' dir='ltr'><strong>nec</strong></span> <span class='ocrx_word' id='word_1_85' title='bbox 1496 1418 1832 1474; x_wconf 84' lang='lat' dir='ltr'><strong>ambulantes</strong></span> 
     </span>
    </p>
   </div>
   <div class='ocr_carea' id='block_1_12' title="bbox 245 1508 1831 1577">
    <p class='ocr_par' dir='ltr' id='par_1_12' title="bbox 245 1508 1831 1577">
     <span class='ocr_line' id='line_1_12' title="bbox 245 1508 1831 1577; baseline -0.005 -12"><span class='ocrx_word' id='word_1_86' title='bbox 245 1510 447 1565; x_wconf 85' lang='lat' dir='ltr'><strong>sentit?</strong></span> <span class='ocrx_word' id='word_1_87' title='bbox 478 1509 533 1563; x_wconf 89' lang='lat' dir='ltr'><strong>Si</strong></span> <span class='ocrx_word' id='word_1_88' title='bbox 563 1509 778 1573; x_wconf 79' lang='lat' dir='ltr'><strong>dixerit,</strong></span> <span class='ocrx_word' id='word_1_89' title='bbox 810 1509 1069 1571; x_wconf 80' lang='lat' dir='ltr'><strong>Mortuus.</strong></span> <span class='ocrx_word' id='word_1_90' title='bbox 1103 1518 1155 1563; x_wconf 92' lang='lat' dir='ltr'><strong>tu</strong></span> <span class='ocrx_word' id='word_1_91' title='bbox 1182 1508 1346 1564; x_wconf 85' lang='lat' dir='ltr'><strong>dicito</strong></span> <span class='ocrx_word' id='word_1_92' title='bbox 1371 1526 1384 1561; x_wconf 92' lang='lat'><strong>:</strong></span> <span class='ocrx_word' id='word_1_93' title='bbox 1408 1508 1686 1576; x_wconf 82' lang='lat' dir='ltr'><strong>Quomodo</strong></span> <span class='ocrx_word' id='word_1_94' title='bbox 1703 1524 1831 1577; x_wconf 79' lang='lat' dir='ltr'><strong>ergo</strong></span> 
     </span>
    </p>
   </div>
   <div class='ocr_carea' id='block_1_13' title="bbox 245 1598 1827 1670">
    <p class='ocr_par' dir='ltr' id='par_1_13' title="bbox 245 1598 1827 1670">
     <span class='ocr_line' id='line_1_13' title="bbox 245 1598 1827 1670; baseline -0.001 -15"><span class='ocrx_word' id='word_1_95' title='bbox 245 1600 517 1669; x_wconf 78' lang='lat' dir='ltr'><strong>rcSpirat?</strong></span> <span class='ocrx_word' id='word_1_96' title='bbox 570 1598 713 1670; x_wconf 87' lang='lat' dir='ltr'><strong>quod</strong></span> <span class='ocrx_word' id='word_1_97' title='bbox 763 1599 907 1654; x_wconf 89' lang='lat' dir='ltr'><strong>enim</strong></span> <span class='ocrx_word' id='word_1_98' title='bbox 945 1600 1209 1669; x_wconf 81' lang='lat' dir='ltr'><strong>respirat,</strong></span> <span class='ocrx_word' id='word_1_99' title='bbox 1260 1615 1366 1654; x_wconf 90' lang='lat' dir='ltr'><strong>non</strong></span> <span class='ocrx_word' id='word_1_100' title='bbox 1415 1608 1497 1655; x_wconf 92' lang='lat' dir='ltr'><strong>est</strong></span> <span class='ocrx_word' id='word_1_101' title='bbox 1525 1609 1827 1653; x_wconf 80' lang='lat' dir='ltr'><strong>mortuum;</strong></span> 
     </span>
    </p>
   </div>
   <div class='ocr_carea' id='block_1_14' title="bbox 245 1692 1827 1764">
    <p class='ocr_par' dir='ltr' id='par_1_14' title="bbox 245 1692 1827 1764">
     <span class='ocr_line' id='line_1_14' title="bbox 245 1692 1827 1764; baseline -0.003 -15"><span class='ocrx_word' id='word_1_102' title='bbox 245 1695 389 1764; x_wconf 89' lang='lat' dir='ltr'><strong>quod</strong></span> <span class='ocrx_word' id='word_1_103' title='bbox 422 1711 524 1748; x_wconf 82' lang='lat' dir='ltr'><strong>non</strong></span> <span class='ocrx_word' id='word_1_104' title='bbox 562 1694 749 1759; x_wconf 82' lang='lat' dir='ltr'><strong>sentit,</strong></span> <span class='ocrx_word' id='word_1_105' title='bbox 778 1710 885 1748; x_wconf 88' lang='lat' dir='ltr'><strong>non</strong></span> <span class='ocrx_word' id='word_1_106' title='bbox 910 1703 994 1747; x_wconf 89' lang='lat' dir='ltr'><strong>est</strong></span> <span class='ocrx_word' id='word_1_107' title='bbox 1016 1694 1193 1748; x_wconf 87' lang='lat' dir='ltr'><strong>vivum</strong></span> <span class='ocrx_word' id='word_1_108' title='bbox 1221 1711 1233 1745; x_wconf 87' lang='lat'><strong>:</strong></span> <span class='ocrx_word' id='word_1_109' title='bbox 1263 1695 1491 1761; x_wconf 86' lang='lat' dir='ltr'><strong>teipsum</strong></span> <span class='ocrx_word' id='word_1_110' title='bbox 1518 1709 1620 1745; x_wconf 88' lang='lat' dir='ltr'><strong>non</strong></span> <span class='ocrx_word' id='word_1_111' title='bbox 1655 1692 1827 1755; x_wconf 75' lang='lat' dir='ltr'><strong>vides,</strong></span> 
     </span>
    </p>
   </div>
   <div class='ocr_carea' id='block_1_15' title="bbox 244 1783 1829 1854">
    <p class='ocr_par' dir='ltr' id='par_1_15' title="bbox 244 1783 1829 1854">
     <span class='ocr_line' id='line_1_15' title="bbox 244 1783 1829 1854; baseline -0.003 -16"><span class='ocrx_word' id='word_1_112' title='bbox 244 1787 339 1840; x_wconf 86' lang='lat' dir='ltr'><strong>sed</strong></span> <span class='ocrx_word' id='word_1_113' title='bbox 368 1802 486 1854; x_wconf 70' lang='lat' dir='ltr'><strong>qua:</strong></span> <span class='ocrx_word' id='word_1_114' title='bbox 509 1801 672 1854; x_wconf 79' lang='lat' dir='ltr'><strong>supra</strong></span> <span class='ocrx_word' id='word_1_115' title='bbox 702 1794 750 1837; x_wconf 93' lang='lat' dir='ltr'><strong>tc</strong></span> <span class='ocrx_word' id='word_1_116' title='bbox 777 1793 901 1838; x_wconf 89' lang='lat' dir='ltr'><strong>sunt</strong></span> <span class='ocrx_word' id='word_1_117' title='bbox 940 1785 1269 1853; x_wconf 77' lang='lat' dir='ltr'><strong>imaginaris.</strong></span> <span class='ocrx_word' id='word_1_118' title='bbox 1304 1784 1499 1837; x_wconf 81' lang='lat' dir='ltr'><strong>Verum</strong></span> <span class='ocrx_word' id='word_1_119' title='bbox 1528 1783 1643 1837; x_wconf 72' lang='lat' dir='ltr'><strong>haec</strong></span> <span class='ocrx_word' id='word_1_120' title='bbox 1698 1783 1829 1836; x_wconf 86' lang='lat' dir='ltr'><strong>satis</strong></span> 
     </span>
    </p>
   </div>
   <div class='ocr_carea' id='block_1_16' title="bbox 242 1874 1826 1944">
    <p class='ocr_par' dir='ltr' id='par_1_16' title="bbox 242 1874 1826 1944">
     <span class='ocr_line' id='line_1_16' title="bbox 242 1874 1826 1944; baseline -0.003 -15"><span class='ocrx_word' id='word_1_121' title='bbox 242 1877 388 1930; x_wconf 89' lang='lat' dir='ltr'><strong>circa</strong></span> <span class='ocrx_word' id='word_1_122' title='bbox 422 1877 648 1943; x_wconf 81' lang='lat' dir='ltr'><strong>primam</strong></span> <span class='ocrx_word' id='word_1_123' title='bbox 673 1875 817 1929; x_wconf 90' lang='lat' dir='ltr'><strong>diem</strong></span> <span class='ocrx_word' id='word_1_124' title='bbox 857 1874 997 1929; x_wconf 90' lang='lat' dir='ltr'><strong>dicta</strong></span> <span class='ocrx_word' id='word_1_125' title='bbox 1022 1876 1146 1929; x_wconf 75' lang='lat' dir='ltr'><strong>sint.</strong></span> <span class='ocrx_word' id='word_1_126' title='bbox 1176 1874 1335 1930; x_wconf 78' lang='lat' dir='ltr'><strong>Venit</strong></span> <span class='ocrx_word' id='word_1_127' title='bbox 1364 1875 1559 1944; x_wconf 88' lang='lat' dir='ltr'><strong>quippe</strong></span> <span class='ocrx_word' id='word_1_128' title='bbox 1581 1888 1826 1942; x_wconf 82' lang='lat' dir='ltr'><strong>vespera,</strong></span> 
     </span>
    </p>
   </div>
   <div class='ocr_carea' id='block_1_17' title="bbox 243 1966 1824 2036">
    <p class='ocr_par' dir='ltr' id='par_1_17' title="bbox 243 1966 1824 2036">
     <span class='ocr_line' id='line_1_17' title="bbox 243 1966 1824 2036; baseline -0.001 -16"><span class='ocrx_word' id='word_1_129' title='bbox 243 1977 301 2021; x_wconf 83' lang='lat' dir='ltr'><strong>ut</strong></span> <span class='ocrx_word' id='word_1_130' title='bbox 327 1970 487 2022; x_wconf 89' lang='lat' dir='ltr'><strong>etiam</strong></span> <span class='ocrx_word' id='word_1_131' title='bbox 518 1967 624 2021; x_wconf 89' lang='lat' dir='ltr'><strong>illic</strong></span> <span class='ocrx_word' id='word_1_132' title='bbox 648 1982 765 2036; x_wconf 77' lang='lat' dir='ltr'><strong>qua:</strong></span> <span class='ocrx_word' id='word_1_133' title='bbox 790 1966 855 2019; x_wconf 89' lang='lat' dir='ltr'><strong>ad</strong></span> <span class='ocrx_word' id='word_1_134' title='bbox 871 1968 1097 2036; x_wconf 89' lang='lat' dir='ltr'><strong>primam</strong></span> <span class='ocrx_word' id='word_1_135' title='bbox 1126 1967 1265 2021; x_wconf 91' lang='lat' dir='ltr'><strong>diem</strong></span> <span class='ocrx_word' id='word_1_136' title='bbox 1286 1975 1530 2036; x_wconf 86' lang='lat' dir='ltr'><strong>spectant</strong></span> <span class='ocrx_word' id='word_1_137' title='bbox 1553 1966 1824 2029; x_wconf 85' lang='lat' dir='ltr'><strong>desinunt,</strong></span> 
     </span>
    </p>
   </div>
   <div class='ocr_carea' id='block_1_18' title="bbox 244 2056 1829 2128">
    <p class='ocr_par' dir='ltr' id='par_1_18' title="bbox 244 2056 1829 2128">
     <span class='ocr_line' id='line_1_18' title="bbox 244 2056 1829 2128; baseline -0.001 -15"><span class='ocrx_word' id='word_1_138' title='bbox 244 2069 296 2113; x_wconf 89' lang='lat' dir='ltr'><strong>ct</strong></span> <span class='ocrx_word' id='word_1_139' title='bbox 325 2074 422 2128; x_wconf 91' lang='lat' dir='ltr'><strong>pro</strong></span> <span class='ocrx_word' id='word_1_140' title='bbox 451 2058 723 2123; x_wconf 84' lang='lat' dir='ltr'><strong>facultate,</strong></span> <span class='ocrx_word' id='word_1_141' title='bbox 753 2059 853 2113; x_wconf 90' lang='lat' dir='ltr'><strong>etsi</strong></span> <span class='ocrx_word' id='word_1_142' title='bbox 891 2056 1182 2127; x_wconf 88' lang='lat' dir='ltr'><strong>profundos</strong></span> <span class='ocrx_word' id='word_1_143' title='bbox 1202 2072 1411 2124; x_wconf 87' lang='lat' dir='ltr'><strong>sensus,</strong></span> <span class='ocrx_word' id='word_1_144' title='bbox 1448 2058 1829 2126; x_wconf 76' lang='lat' dir='ltr'><strong>explicavimus</strong></span> 
     </span>
    </p>
   </div>
   <div class='ocr_carea' id='block_1_19' title="bbox 244 2148 1826 2219">
    <p class='ocr_par' dir='ltr' id='par_1_19' title="bbox 244 2148 1826 2219">
     <span class='ocr_line' id='line_1_19' title="bbox 244 2148 1826 2219; baseline 0.003 -16"><span class='ocrx_word' id='word_1_145' title='bbox 244 2161 445 2205; x_wconf 89' lang='lat' dir='ltr'><strong>tamen.</strong></span> <span class='ocrx_word' id='word_1_146' title='bbox 480 2151 649 2204; x_wconf 90' lang='lat' dir='ltr'><strong>Porro</strong></span> <span class='ocrx_word' id='word_1_147' title='bbox 678 2148 915 2205; x_wconf 86' lang='lat' dir='ltr'><strong>ﬁdelium</strong></span> <span class='ocrx_word' id='word_1_148' title='bbox 943 2157 1030 2204; x_wconf 87' lang='lat' dir='ltr'><strong>est</strong></span> <span class='ocrx_word' id='word_1_149' title='bbox 1061 2148 1203 2204; x_wconf 88' lang='lat' dir='ltr'><strong>dicta</strong></span> <span class='ocrx_word' id='word_1_150' title='bbox 1230 2150 1534 2219; x_wconf 82' lang='lat' dir='ltr'><strong>explorare,</strong></span> <span class='ocrx_word' id='word_1_151' title='bbox 1564 2160 1620 2206; x_wconf 91' lang='lat' dir='ltr'><strong>et</strong></span> <span class='ocrx_word' id='word_1_152' title='bbox 1651 2152 1826 2209; x_wconf 92' lang='lat' dir='ltr'><strong>histo-</strong></span> 
     </span>
    </p>
   </div>
   <div class='ocr_carea' id='block_1_20' title="bbox 244 2241 710 2312">
    <p class='ocr_par' dir='ltr' id='par_1_20' title="bbox 244 2241 710 2312">
     <span class='ocr_line' id='line_1_20' title="bbox 244 2241 710 2312; baseline 0 -16"><span class='ocrx_word' id='word_1_153' title='bbox 244 2242 377 2296; x_wconf 90' lang='lat' dir='ltr'><strong>riam</strong></span> <span class='ocrx_word' id='word_1_154' title='bbox 396 2241 710 2312; x_wconf 90' lang='lat' dir='ltr'><strong>disquirere.</strong></span> 
     </span>
    </p>
   </div>
   <div class='ocr_carea' id='block_1_21' title="bbox 316 2332 1832 2410">
    <p class='ocr_par' dir='ltr' id='par_1_21' title="bbox 316 2332 1832 2410">
     <span class='ocr_line' id='line_1_21' title="bbox 316 2332 1832 2410; baseline 0.005 -25"><span class='ocrx_word' id='word_1_155' title='bbox 316 2334 370 2386; x_wconf 90' lang='lat'><strong>7.</strong></span> <span class='ocrx_word' id='word_1_156' title='bbox 421 2332 685 2403; x_wconf 84' lang='lat' dir='ltr'><strong>Jejunium</strong></span> <span class='ocrx_word' id='word_1_157' title='bbox 738 2336 986 2404; x_wconf 86' lang='lat' dir='ltr'><strong>quomodo</strong></span> <span class='ocrx_word' id='word_1_158' title='bbox 1033 2338 1441 2408; x_wconf 79' lang='lat' dir='ltr'><strong>sanctiﬁcemus;</strong></span> <span class='ocrx_word' id='word_1_159' title='bbox 1491 2339 1832 2410; x_wconf 78' lang='lat' dir='ltr'><strong>jejunanduir.</strong></span> 
     </span>
    </p>
   </div>
   <div class='ocr_carea' id='block_1_22' title="bbox 244 2425 1829 2499">
    <p class='ocr_par' dir='ltr' id='par_1_22' title="bbox 244 2425 1829 2499">
     <span class='ocr_line' id='line_1_22' title="bbox 244 2425 1829 2499; baseline 0.006 -22"><span class='ocrx_word' id='word_1_160' title='bbox 244 2425 467 2478; x_wconf 67' lang='lat' dir='ltr'><strong>maxime</strong></span> <span class='ocrx_word' id='word_1_161' title='bbox 491 2442 523 2478; x_wconf 91' lang='lat' dir='ltr'><strong>a</strong></span> <span class='ocrx_word' id='word_1_162' title='bbox 545 2428 779 2495; x_wconf 85' lang='lat' dir='ltr'><strong>peccatis.</strong></span> <span class='ocrx_word' id='word_1_163' title='bbox 808 2457 878 2466; x_wconf 92' lang='lat'><strong><em>—</em></strong></span> <span class='ocrx_word' id='word_1_164' title='bbox 898 2427 1008 2483; x_wconf 84' lang='lat' dir='ltr'><strong>Nos</strong></span> <span class='ocrx_word' id='word_1_165' title='bbox 1028 2438 1204 2484; x_wconf 91' lang='lat' dir='ltr'><strong>autem</strong></span> <span class='ocrx_word' id='word_1_166' title='bbox 1235 2430 1370 2485; x_wconf 88' lang='lat' dir='ltr'><strong>sacri</strong></span> <span class='ocrx_word' id='word_1_167' title='bbox 1390 2430 1577 2499; x_wconf 89' lang='lat' dir='ltr'><strong>jejunii</strong></span> <span class='ocrx_word' id='word_1_168' title='bbox 1607 2431 1829 2499; x_wconf 82' lang='lat' dir='ltr'><strong>alumni,</strong></span> 
     </span>
    </p>
   </div>
   <div class='ocr_carea' id='block_1_23' title="bbox 244 2518 1826 2589">
    <p class='ocr_par' dir='ltr' id='par_1_23' title="bbox 244 2518 1826 2589">
     <span class='ocr_line' id='line_1_23' title="bbox 244 2518 1826 2589; baseline 0.004 -18"><span class='ocrx_word' id='word_1_169' title='bbox 244 2527 298 2571; x_wconf 84' lang='lat' dir='ltr'><strong>et</strong></span> <span class='ocrx_word' id='word_1_170' title='bbox 329 2518 380 2571; x_wconf 91' lang='lat' dir='ltr'><strong>in</strong></span> <span class='ocrx_word' id='word_1_171' title='bbox 408 2518 728 2572; x_wconf 78' lang='lat' dir='ltr'><strong>abstinentia</strong></span> <span class='ocrx_word' id='word_1_172' title='bbox 747 2534 1001 2588; x_wconf 90' lang='lat' dir='ltr'><strong>corporea</strong></span> <span class='ocrx_word' id='word_1_173' title='bbox 1027 2520 1230 2577; x_wconf 89' lang='lat' dir='ltr'><strong>deliciis</strong></span> <span class='ocrx_word' id='word_1_174' title='bbox 1249 2522 1484 2578; x_wconf 80' lang='lat' dir='ltr'><strong>fruentes</strong></span> <span class='ocrx_word' id='word_1_175' title='bbox 1503 2523 1826 2589; x_wconf 81' lang='lat' dir='ltr'><strong>caelestibus,</strong></span> 
     </span>
    </p>
   </div>
   <div class='ocr_carea' id='block_1_24' title="bbox 243 2610 1822 2681">
    <p class='ocr_par' dir='ltr' id='par_1_24' title="bbox 243 2610 1822 2681">
     <span class='ocr_line' id='line_1_24' title="bbox 243 2610 1822 2681; baseline 0.003 -18"><span class='ocrx_word' id='word_1_176' title='bbox 243 2618 486 2663; x_wconf 89' lang='lat' dir='ltr'><strong>sanctum</strong></span> <span class='ocrx_word' id='word_1_177' title='bbox 528 2610 786 2678; x_wconf 73' lang='lat' dir='ltr'><strong>jejunium</strong></span> <span class='ocrx_word' id='word_1_178' title='bbox 832 2626 1050 2665; x_wconf 79' lang='lat' dir='ltr'><strong>servare</strong></span> <span class='ocrx_word' id='word_1_179' title='bbox 1088 2628 1346 2667; x_wconf 86' lang='lat' dir='ltr'><strong>conemur</strong></span> <span class='ocrx_word' id='word_1_180' title='bbox 1390 2630 1405 2667; x_wconf 88' lang='lat'><strong>:</strong></span> <span class='ocrx_word' id='word_1_181' title='bbox 1456 2614 1822 2681; x_wconf 84' lang='lat' dir='ltr'><strong>Sanctiﬁcate,</strong></span> 
     </span>
    </p>
   </div>
   <div class='ocr_carea' id='block_1_25' title="bbox 244 2698 1830 2770">
    <p class='ocr_par' dir='ltr' id='par_1_25' title="bbox 244 2698 1830 2770">
     <span class='ocr_line' id='line_1_25' title="bbox 244 2698 1830 2770; baseline 0.005 -19"><span class='ocrx_word' id='word_1_182' title='bbox 244 2698 450 2768; x_wconf 87' lang='lat' dir='ltr'><strong>inquit,</strong></span> <span class='ocrx_word' id='word_1_183' title='bbox 472 2701 730 2768; x_wconf 80' lang='lat' dir='ltr'><strong>jejunium</strong></span> <span class='ocrx_word' id='word_1_184' title='bbox 760 2699 915 2769; x_wconf 88' lang='lat' dir='ltr'><strong>(Joel.</strong></span> <span class='ocrx_word' id='word_1_185' title='bbox 944 2703 997 2755; x_wconf 93' lang='grc'><strong>1.</strong></span> <span class='ocrx_word' id='word_1_186' title='bbox 1030 2702 1141 2770; x_wconf 67' lang='grc'><strong>11).</strong></span> <span class='ocrx_word' id='word_1_187' title='bbox 1172 2702 1349 2757; x_wconf 87' lang='lat' dir='ltr'><strong>Nosne</strong></span> <span class='ocrx_word' id='word_1_188' title='bbox 1377 2704 1502 2758; x_wconf 88' lang='lat' dir='ltr'><strong>illud</strong></span> <span class='ocrx_word' id='word_1_189' title='bbox 1530 2704 1830 2759; x_wconf 86' lang='lat' dir='ltr'><strong>sanctiﬁca-</strong></span> 
     </span>
    </p>
   </div>
   <div class='ocr_carea' id='block_1_26' title="bbox 243 2791 1830 2865">
    <p class='ocr_par' dir='ltr' id='par_1_26' title="bbox 243 2791 1830 2865">
     <span class='ocr_line' id='line_1_26' title="bbox 243 2791 1830 2865; baseline 0.006 -23"><span class='ocrx_word' id='word_1_190' title='bbox 243 2804 400 2855; x_wconf 85' lang='lat' dir='ltr'><strong>mus,</strong></span> <span class='ocrx_word' id='word_1_191' title='bbox 431 2791 585 2843; x_wconf 88' lang='lat' dir='ltr'><strong>anab</strong></span> <span class='ocrx_word' id='word_1_192' title='bbox 631 2791 720 2844; x_wconf 87' lang='lat' dir='ltr'><strong>illo</strong></span> <span class='ocrx_word' id='word_1_193' title='bbox 750 2792 1180 2845; x_wconf 83' lang='lat' dir='ltr'><strong>sanctificamnr?</strong></span> <span class='ocrx_word' id='word_1_194' title='bbox 1217 2794 1407 2848; x_wconf 82' lang='lat' dir='ltr'><strong>\‘erum</strong></span> <span class='ocrx_word' id='word_1_195' title='bbox 1456 2795 1505 2849; x_wconf 91' lang='lat' dir='ltr'><strong>id</strong></span> <span class='ocrx_word' id='word_1_196' title='bbox 1534 2795 1661 2849; x_wconf 84' lang='lat' dir='ltr'><strong>dicit</strong></span> <span class='ocrx_word' id='word_1_197' title='bbox 1709 2811 1830 2865; x_wconf 88' lang='lat' dir='ltr'><strong>pro-</strong></span> 
     </span>
    </p>
   </div>
   <div class='ocr_carea' id='block_1_27' title="bbox 243 2880 1828 2950">
    <p class='ocr_par' dir='ltr' id='par_1_27' title="bbox 243 2880 1828 2950">
     <span class='ocr_line' id='line_1_27' title="bbox 243 2880 1828 2950; baseline 0.004 -16"><span class='ocrx_word' id='word_1_198' title='bbox 243 2880 428 2950; x_wconf 89' lang='lat' dir='ltr'><strong>pheta,</strong></span> <span class='ocrx_word' id='word_1_199' title='bbox 452 2889 510 2934; x_wconf 94' lang='lat' dir='ltr'><strong>ut</strong></span> <span class='ocrx_word' id='word_1_200' title='bbox 532 2881 658 2935; x_wconf 90' lang='lat' dir='ltr'><strong>illud</strong></span> <span class='ocrx_word' id='word_1_201' title='bbox 685 2891 925 2935; x_wconf 88' lang='lat' dir='ltr'><strong>sanctum</strong></span> <span class='ocrx_word' id='word_1_202' title='bbox 954 2883 1335 2937; x_wconf 81' lang='lat' dir='ltr'><strong>custodiamus.</strong></span> <span class='ocrx_word' id='word_1_203' title='bbox 1368 2884 1828 2950; x_wconf 86' lang='lat' dir='ltr'><strong>Quemadmodum</strong></span> 
     </span>
    </p>
   </div>
   <div class='ocr_carea' id='block_1_28' title="bbox 244 2972 1831 3043">
    <p class='ocr_par' dir='ltr' id='par_1_28' title="bbox 244 2972 1831 3043">
     <span class='ocr_line' id='line_1_28' title="bbox 244 2972 1831 3043; baseline 0.003 -18"><span class='ocrx_word' id='word_1_204' title='bbox 244 2972 389 3025; x_wconf 86' lang='lat' dir='ltr'><strong>enim</strong></span> <span class='ocrx_word' id='word_1_205' title='bbox 436 2986 555 3025; x_wconf 92' lang='lat' dir='ltr'><strong>cum</strong></span> <span class='ocrx_word' id='word_1_206' title='bbox 603 2972 871 3040; x_wconf 81' lang='lat' dir='ltr'><strong>precando</strong></span> <span class='ocrx_word' id='word_1_207' title='bbox 934 2973 1196 3041; x_wconf 90' lang='lat' dir='ltr'><strong>dicimus,</strong></span> <span class='ocrx_word' id='word_1_208' title='bbox 1246 2975 1605 3043; x_wconf 78' lang='lat' dir='ltr'><strong>Sanctiﬁcetnr</strong></span> <span class='ocrx_word' id='word_1_209' title='bbox 1651 2992 1831 3030; x_wconf 86' lang='lat' dir='ltr'><strong>nomen</strong></span> 
     </span>
    </p>
   </div>
   <div class='ocr_carea' id='block_1_29' title="bbox 244 3060 1833 3135">
    <p class='ocr_par' dir='ltr' id='par_1_29' title="bbox 244 3060 1833 3135">
     <span class='ocr_line' id='line_1_29' title="bbox 244 3060 1833 3135; baseline 0.006 -22"><span class='ocrx_word' id='word_1_210' title='bbox 244 3070 383 3115; x_wconf 83' lang='lat' dir='ltr'><strong>tuum</strong></span> <span class='ocrx_word' id='word_1_211' title='bbox 413 3060 622 3133; x_wconf 80' lang='lat' dir='ltr'><strong>(Matth.</strong></span> <span class='ocrx_word' id='word_1_212' title='bbox 653 3063 705 3117; x_wconf 85' lang='lat'><strong>6.</strong></span> <span class='ocrx_word' id='word_1_213' title='bbox 732 3064 782 3116; x_wconf 87' lang='lat'><strong>9.</strong></span> <span class='ocrx_word' id='word_1_214' title='bbox 804 3064 1033 3132; x_wconf 72' lang='lat' dir='ltr'><strong>M),non</strong></span> <span class='ocrx_word' id='word_1_215' title='bbox 1060 3080 1157 3135; x_wconf 89' lang='lat' dir='ltr'><strong>pro</strong></span> <span class='ocrx_word' id='word_1_216' title='bbox 1180 3067 1392 3120; x_wconf 88' lang='lat' dir='ltr'><strong>nomine</strong></span> <span class='ocrx_word' id='word_1_217' title='bbox 1406 3067 1520 3135; x_wconf 79' lang='lat' dir='ltr'><strong>ejus</strong></span> <span class='ocrx_word' id='word_1_218' title='bbox 1553 3082 1833 3135; x_wconf 88' lang='lat' dir='ltr'><strong>precamur</strong></span> 
     </span>
    </p>
   </div>
   <div class='ocr_carea' id='block_1_30' title="bbox 245 3153 1832 3227">
    <p class='ocr_par' dir='ltr' id='par_1_30' title="bbox 245 3153 1832 3227">
     <span class='ocr_line' id='line_1_30' title="bbox 245 3153 1832 3227; baseline 0.004 -21"><span class='ocrx_word' id='word_1_219' title='bbox 245 3153 466 3221; x_wconf 89' lang='lat' dir='ltr'><strong>(nomen</strong></span> <span class='ocrx_word' id='word_1_220' title='bbox 494 3153 689 3222; x_wconf 85' lang='lat' dir='ltr'><strong>quippe</strong></span> <span class='ocrx_word' id='word_1_221' title='bbox 716 3155 830 3223; x_wconf 87' lang='lat' dir='ltr'><strong>ejus</strong></span> <span class='ocrx_word' id='word_1_222' title='bbox 860 3156 1037 3209; x_wconf 87' lang='lat' dir='ltr'><strong>omnia</strong></span> <span class='ocrx_word' id='word_1_223' title='bbox 1079 3158 1422 3227; x_wconf 86' lang='lat' dir='ltr'><strong>sanctiﬁcat),</strong></span> <span class='ocrx_word' id='word_1_224' title='bbox 1466 3160 1560 3213; x_wconf 85' lang='lat' dir='ltr'><strong>sed</strong></span> <span class='ocrx_word' id='word_1_225' title='bbox 1591 3161 1710 3227; x_wconf 85' lang='lat' dir='ltr'><strong>quia</strong></span> <span class='ocrx_word' id='word_1_226' title='bbox 1746 3178 1832 3214; x_wconf 90' lang='lat' dir='ltr'><strong>no-</strong></span> 
     </span>
    </p>
   </div>
   <div class='ocr_carea' id='block_1_31' title="bbox 243 3244 1831 3319">
    <p class='ocr_par' dir='ltr' id='par_1_31' title="bbox 243 3244 1831 3319">
     <span class='ocr_line' id='line_1_31' title="bbox 243 3244 1831 3319; baseline 0.006 -22"><span class='ocrx_word' id='word_1_227' title='bbox 243 3258 368 3298; x_wconf 88' lang='lat' dir='ltr'><strong>men</strong></span> <span class='ocrx_word' id='word_1_228' title='bbox 402 3244 520 3313; x_wconf 89' lang='lat' dir='ltr'><strong>ejus</strong></span> <span class='ocrx_word' id='word_1_229' title='bbox 548 3246 846 3299; x_wconf 81' lang='lat' dir='ltr'><strong>invocatum</strong></span> <span class='ocrx_word' id='word_1_230' title='bbox 873 3256 958 3301; x_wconf 90' lang='lat' dir='ltr'><strong>est</strong></span> <span class='ocrx_word' id='word_1_231' title='bbox 987 3263 1147 3316; x_wconf 88' lang='lat' dir='ltr'><strong>super</strong></span> <span class='ocrx_word' id='word_1_232' title='bbox 1173 3264 1270 3303; x_wconf 90' lang='lat' dir='ltr'><strong>nos</strong></span> <span class='ocrx_word' id='word_1_233' title='bbox 1292 3248 1601 3319; x_wconf 80' lang='lat' dir='ltr'><strong>(Christiani</strong></span> <span class='ocrx_word' id='word_1_234' title='bbox 1629 3254 1770 3306; x_wconf 90' lang='lat' dir='ltr'><strong>enim</strong></span> <span class='ocrx_word' id='word_1_235' title='bbox 1800 3268 1831 3307; x_wconf 84' lang='lat' dir='ltr'><strong>a</strong></span> 
     </span>
    </p>
   </div>
   <div class='ocr_carea' id='block_1_32' title="bbox 242 3335 1831 3406">
    <p class='ocr_par' dir='ltr' id='par_1_32' title="bbox 242 3335 1831 3406">
     <span class='ocr_line' id='line_1_32' title="bbox 242 3335 1831 3406; baseline 0.004 -17"><span class='ocrx_word' id='word_1_236' title='bbox 242 3335 461 3393; x_wconf 75' lang='lat' dir='ltr'><strong>Christo</strong></span> <span class='ocrx_word' id='word_1_237' title='bbox 488 3336 755 3406; x_wconf 85' lang='lat' dir='ltr'><strong>dicimur),</strong></span> <span class='ocrx_word' id='word_1_238' title='bbox 782 3338 888 3404; x_wconf 88' lang='lat' dir='ltr'><strong>ait,</strong></span> <span class='ocrx_word' id='word_1_239' title='bbox 921 3337 1125 3393; x_wconf 83' lang='lat' dir='ltr'><strong>Nomen</strong></span> <span class='ocrx_word' id='word_1_240' title='bbox 1154 3349 1300 3394; x_wconf 91' lang='lat' dir='ltr'><strong>tuum</strong></span> <span class='ocrx_word' id='word_1_241' title='bbox 1332 3343 1384 3395; x_wconf 91' lang='lat' dir='ltr'><strong>in</strong></span> <span class='ocrx_word' id='word_1_242' title='bbox 1414 3343 1567 3397; x_wconf 90' lang='lat' dir='ltr'><strong>nobis</strong></span> <span class='ocrx_word' id='word_1_243' title='bbox 1598 3344 1831 3397; x_wconf 85' lang='lat' dir='ltr'><strong>sanctiﬁ-</strong></span> 
     </span>
    </p>
   </div>
   <div class='ocr_carea' id='block_1_33' title="bbox 242 3427 1832 3495">
    <p class='ocr_par' dir='ltr' id='par_1_33' title="bbox 242 3427 1832 3495">
     <span class='ocr_line' id='line_1_33' title="bbox 242 3427 1832 3495; baseline 0.004 -14"><span class='ocrx_word' id='word_1_244' title='bbox 242 3437 419 3481; x_wconf 87' lang='lat' dir='ltr'><strong>cetur.</strong></span> <span class='ocrx_word' id='word_1_245' title='bbox 452 3427 607 3495; x_wconf 81' lang='lat' dir='ltr'><strong>Apud</strong></span> <span class='ocrx_word' id='word_1_246' title='bbox 638 3437 879 3482; x_wconf 90' lang='lat' dir='ltr'><strong>sanctum</strong></span> <span class='ocrx_word' id='word_1_247' title='bbox 932 3430 1073 3483; x_wconf 90' lang='lat' dir='ltr'><strong>enim</strong></span> <span class='ocrx_word' id='word_1_248' title='bbox 1115 3432 1291 3485; x_wconf 91' lang='lat' dir='ltr'><strong>omnia</strong></span> <span class='ocrx_word' id='word_1_249' title='bbox 1338 3441 1522 3486; x_wconf 91' lang='lat' dir='ltr'><strong>sancta</strong></span> <span class='ocrx_word' id='word_1_250' title='bbox 1551 3441 1716 3487; x_wconf 89' lang='lat' dir='ltr'><strong>sunt:</strong></span> <span class='ocrx_word' id='word_1_251' title='bbox 1761 3433 1832 3487; x_wconf 90' lang='lat' dir='ltr'><strong>ad</strong></span> 
     </span>
    </p>
   </div>
   <div class='ocr_carea' id='block_1_34' title="bbox 244 3518 1831 3587">
    <p class='ocr_par' dir='ltr' id='par_1_34' title="bbox 244 3518 1831 3587">
     <span class='ocr_line' id='line_1_34' title="bbox 244 3518 1831 3587; baseline 0.004 -14"><span class='ocrx_word' id='word_1_252' title='bbox 244 3518 415 3573; x_wconf 86' lang='lat' dir='ltr'><strong>Deum</strong></span> <span class='ocrx_word' id='word_1_253' title='bbox 462 3520 658 3587; x_wconf 79' lang='lat' dir='ltr'><strong>quippe</strong></span> <span class='ocrx_word' id='word_1_254' title='bbox 697 3518 827 3572; x_wconf 88' lang='lat' dir='ltr'><strong>nihil</strong></span> <span class='ocrx_word' id='word_1_255' title='bbox 872 3535 977 3575; x_wconf 92' lang='lat' dir='ltr'><strong>non</strong></span> <span class='ocrx_word' id='word_1_256' title='bbox 1030 3533 1268 3577; x_wconf 90' lang='lat' dir='ltr'><strong>sanetum</strong></span> <span class='ocrx_word' id='word_1_257' title='bbox 1314 3524 1519 3578; x_wconf 85' lang='lat' dir='ltr'><strong>accedit</strong></span> <span class='ocrx_word' id='word_1_258' title='bbox 1559 3541 1572 3577; x_wconf 91' lang='lat'><strong>:</strong></span> <span class='ocrx_word' id='word_1_259' title='bbox 1616 3535 1831 3579; x_wconf 89' lang='lat' dir='ltr'><strong>sanctus</strong></span> 
     </span>
    </p>
   </div>
   <div class='ocr_carea' id='block_1_35' title="bbox 249 3611 1830 3684">
    <p class='ocr_par' dir='ltr' id='par_1_35' title="bbox 249 3611 1830 3684">
     <span class='ocr_line' id='line_1_35' title="bbox 249 3611 1830 3684; baseline 0.004 -19"><span class='ocrx_word' id='word_1_260' title='bbox 249 3612 387 3665; x_wconf 77' lang='lat' dir='ltr'><strong>enim</strong></span> <span class='ocrx_word' id='word_1_261' title='bbox 438 3611 579 3665; x_wconf 86' lang='lat' dir='ltr'><strong>Deus</strong></span> <span class='ocrx_word' id='word_1_262' title='bbox 626 3621 743 3674; x_wconf 88' lang='lat' dir='ltr'><strong>cst,</strong></span> <span class='ocrx_word' id='word_1_263' title='bbox 787 3613 838 3666; x_wconf 93' lang='lat' dir='ltr'><strong>in</strong></span> <span class='ocrx_word' id='word_1_264' title='bbox 885 3615 1085 3669; x_wconf 88' lang='lat' dir='ltr'><strong>sanctis</strong></span> <span class='ocrx_word' id='word_1_265' title='bbox 1135 3616 1437 3683; x_wconf 83' lang='lat' dir='ltr'><strong>quiescens.</strong></span> <span class='ocrx_word' id='word_1_266' title='bbox 1479 3618 1615 3684; x_wconf 88' lang='lat' dir='ltr'><strong>Quin</strong></span> <span class='ocrx_word' id='word_1_267' title='bbox 1670 3619 1830 3672; x_wconf 90' lang='lat' dir='ltr'><strong>ctiam</strong></span> 
     </span>
    </p>
   </div>
   <div class='ocr_carea' id='block_1_36' title="bbox 243 3701 1835 3769">
    <p class='ocr_par' dir='ltr' id='par_1_36' title="bbox 243 3701 1835 3769">
     <span class='ocr_line' id='line_1_36' title="bbox 243 3701 1835 3769; baseline 0.007 -16"><span class='ocrx_word' id='word_1_268' title='bbox 243 3701 435 3754; x_wconf 74' lang='lat' dir='ltr'><strong>ca-lum</strong></span> <span class='ocrx_word' id='word_1_269' title='bbox 476 3702 594 3769; x_wconf 88' lang='lat' dir='ltr'><strong>ejus</strong></span> <span class='ocrx_word' id='word_1_270' title='bbox 638 3713 878 3756; x_wconf 75' lang='lat' dir='ltr'><strong>sanctum</strong></span> <span class='ocrx_word' id='word_1_271' title='bbox 909 3712 991 3758; x_wconf 91' lang='lat' dir='ltr'><strong>est</strong></span> <span class='ocrx_word' id='word_1_272' title='bbox 1032 3722 1045 3756; x_wconf 88' lang='lat'><strong>:</strong></span> <span class='ocrx_word' id='word_1_273' title='bbox 1096 3720 1216 3760; x_wconf 89' lang='lat' dir='ltr'><strong>nam</strong></span> <span class='ocrx_word' id='word_1_274' title='bbox 1269 3705 1523 3761; x_wconf 78' lang='lat' dir='ltr'><strong>Exaudiet</strong></span> <span class='ocrx_word' id='word_1_275' title='bbox 1571 3710 1717 3763; x_wconf 88' lang='lat' dir='ltr'><strong>illum</strong></span> <span class='ocrx_word' id='word_1_276' title='bbox 1771 3712 1835 3764; x_wconf 90' lang='lat' dir='ltr'><strong>de</strong></span> 
     </span>
    </p>
   </div>
   <div class='ocr_carea' id='block_1_37' title="bbox 242 3792 1832 3866">
    <p class='ocr_par' dir='ltr' id='par_1_37' title="bbox 242 3792 1832 3866">
     <span class='ocr_line' id='line_1_37' title="bbox 242 3792 1832 3866; baseline 0.008 -25"><span class='ocrx_word' id='word_1_277' title='bbox 242 3792 367 3843; x_wconf 78' lang='lat' dir='ltr'><strong>cwlo</strong></span> <span class='ocrx_word' id='word_1_278' title='bbox 384 3800 561 3843; x_wconf 85' lang='lat' dir='ltr'><strong>sancto</strong></span> <span class='ocrx_word' id='word_1_279' title='bbox 578 3809 667 3844; x_wconf 86' lang='lat' dir='ltr'><strong>suo</strong></span> <span class='ocrx_word' id='word_1_280' title='bbox 684 3792 847 3863; x_wconf 84' lang='lat' dir='ltr'><strong>(Psal.</strong></span> <span class='ocrx_word' id='word_1_281' title='bbox 870 3794 1037 3864; x_wconf 79' lang='lat'><strong>19.7).</strong></span> <span class='ocrx_word' id='word_1_282' title='bbox 1068 3796 1249 3866; x_wconf 76' lang='lat' dir='ltr'><strong>Angcli</strong></span> <span class='ocrx_word' id='word_1_283' title='bbox 1264 3812 1474 3866; x_wconf 87' lang='lat' dir='ltr'><strong>quoque</strong></span> <span class='ocrx_word' id='word_1_284' title='bbox 1488 3801 1684 3853; x_wconf 88' lang='lat' dir='ltr'><strong>sancti:</strong></span> <span class='ocrx_word' id='word_1_285' title='bbox 1705 3799 1832 3855; x_wconf 83' lang='lat' dir='ltr'><strong>Cant</strong></span> 
     </span>
    </p>
   </div>
   <div class='ocr_carea' id='block_1_38' title="bbox 244 3880 1835 3961">
    <p class='ocr_par' dir='ltr' id='par_1_38' title="bbox 244 3880 1835 3961">
     <span class='ocr_line' id='line_1_38' title="bbox 244 3880 1835 3961; baseline 0.008 -28"><span class='ocrx_word' id='word_1_286' title='bbox 244 3882 430 3933; x_wconf 81' lang='lat' dir='ltr'><strong>venerit</strong></span> <span class='ocrx_word' id='word_1_287' title='bbox 460 3880 508 3933; x_wconf 82' lang='lat' dir='ltr'><em>F</em></span> <span class='ocrx_word' id='word_1_288' title='bbox 512 3882 629 3935; x_wconf 89' lang='lat' dir='ltr'><strong>ilius</strong></span> <span class='ocrx_word' id='word_1_289' title='bbox 651 3883 868 3937; x_wconf 76' lang='lat' dir='ltr'><strong>hominis</strong></span> <span class='ocrx_word' id='word_1_290' title='bbox 892 3885 946 3938; x_wconf 88' lang='lat' dir='ltr'><strong>in</strong></span> <span class='ocrx_word' id='word_1_291' title='bbox 970 3886 1133 3956; x_wconf 87' lang='lat' dir='ltr'><strong>gloria</strong></span> <span class='ocrx_word' id='word_1_292' title='bbox 1161 3903 1253 3939; x_wconf 89' lang='lat' dir='ltr'><strong>sua</strong></span> <span class='ocrx_word' id='word_1_293' title='bbox 1277 3904 1389 3940; x_wconf 90' lang='lat' dir='ltr'><strong>cum</strong></span> <span class='ocrx_word' id='word_1_294' title='bbox 1417 3890 1604 3944; x_wconf 84' lang='lat' dir='ltr'><strong>sanctis</strong></span> <span class='ocrx_word' id='word_1_295' title='bbox 1640 3892 1835 3961; x_wconf 78' lang='lat' dir='ltr'><strong>angelis</strong></span> 
     </span>
    </p>
   </div>
   <div class='ocr_carea' id='block_1_39' title="bbox 241 3972 1830 4048">
    <p class='ocr_par' dir='ltr' id='par_1_39' title="bbox 241 3972 1830 4048">
     <span class='ocr_line' id='line_1_39' title="bbox 241 3972 1830 4048; baseline 0.008 -23"><span class='ocrx_word' id='word_1_296' title='bbox 241 3974 347 4025; x_wconf 87' lang='lat' dir='ltr'><strong>suis</strong></span> <span class='ocrx_word' id='word_1_297' title='bbox 375 3972 569 4041; x_wconf 79' lang='lat' dir='ltr'><strong>(Marc.</strong></span> <span class='ocrx_word' id='word_1_298' title='bbox 600 3973 652 4028; x_wconf 93' lang='lat'><strong>8.</strong></span> <span class='ocrx_word' id='word_1_299' title='bbox 683 3974 798 4044; x_wconf 80' lang='lat'><strong>38).</strong></span> <span class='ocrx_word' id='word_1_300' title='bbox 827 3975 996 4030; x_wconf 89' lang='lat' dir='ltr'><strong>Terra</strong></span> <span class='ocrx_word' id='word_1_301' title='bbox 1024 3978 1076 4031; x_wconf 92' lang='lat' dir='ltr'><strong>in</strong></span> <span class='ocrx_word' id='word_1_302' title='bbox 1104 3995 1208 4048; x_wconf 88' lang='lat' dir='ltr'><strong>qua</strong></span> <span class='ocrx_word' id='word_1_303' title='bbox 1241 3980 1329 4034; x_wconf 88' lang='lat' dir='ltr'><strong>Dei</strong></span> <span class='ocrx_word' id='word_1_304' title='bbox 1380 3981 1554 4036; x_wconf 91' lang='lat' dir='ltr'><strong>cultus</strong></span> <span class='ocrx_word' id='word_1_305' title='bbox 1598 3996 1781 4038; x_wconf 88' lang='lat' dir='ltr'><strong>sancta</strong></span> <span class='ocrx_word' id='word_1_306' title='bbox 1819 4005 1830 4039; x_wconf 88' lang='lat'><em>:</em></span> 
     </span>
    </p>
   </div>
   <div class='ocr_carea' id='block_1_40' title="bbox 244 4062 1835 4143">
    <p class='ocr_par' dir='ltr' id='par_1_40' title="bbox 244 4062 1835 4143">
     <span class='ocr_line' id='line_1_40' title="bbox 244 4062 1835 4143; baseline 0.008 -28"><span class='ocrx_word' id='word_1_307' title='bbox 244 4062 309 4116; x_wconf 83' lang='lat' dir='ltr'><strong>Et</strong></span> <span class='ocrx_word' id='word_1_308' title='bbox 338 4065 506 4129; x_wconf 78' lang='lat' dir='ltr'><strong>volet,</strong></span> <span class='ocrx_word' id='word_1_309' title='bbox 559 4064 761 4135; x_wconf 80' lang='lat' dir='ltr'><strong>inquit,</strong></span> <span class='ocrx_word' id='word_1_310' title='bbox 805 4078 1021 4121; x_wconf 80' lang='lat' dir='ltr'><strong>evertere</strong></span> <span class='ocrx_word' id='word_1_311' title='bbox 1062 4079 1407 4124; x_wconf 82' lang='lat' dir='ltr'><strong>testamentum</strong></span> <span class='ocrx_word' id='word_1_312' title='bbox 1457 4090 1609 4143; x_wconf 84' lang='lat' dir='ltr'><strong>super</strong></span> <span class='ocrx_word' id='word_1_313' title='bbox 1650 4086 1835 4128; x_wconf 80' lang='lat' dir='ltr'><strong>(errant</strong></span> 
     </span>
    </p>
   </div>
   <div class='ocr_carea' id='block_1_41' title="bbox 241 4158 1832 4236">
    <p class='ocr_par' dir='ltr' id='par_1_41' title="bbox 241 4158 1832 4236">
     <span class='ocr_line' id='line_1_41' title="bbox 241 4158 1832 4236; baseline 0.006 -27"><span class='ocrx_word' id='word_1_314' title='bbox 241 4169 473 4210; x_wconf 83' lang='lat' dir='ltr'><strong>sanctam</strong></span> <span class='ocrx_word' id='word_1_315' title='bbox 503 4160 629 4236; x_wconf 70' lang='lat' dir='ltr'><strong>ejus.</strong></span> <span class='ocrx_word' id='word_1_316' title='bbox 655 4158 722 4212; x_wconf 88' lang='lat' dir='ltr'><strong>Et</strong></span> <span class='ocrx_word' id='word_1_317' title='bbox 748 4159 929 4213; x_wconf 91' lang='lat' dir='ltr'><strong>Davidi</strong></span> <span class='ocrx_word' id='word_1_318' title='bbox 960 4161 1081 4214; x_wconf 91' lang='lat' dir='ltr'><strong>aula</strong></span> <span class='ocrx_word' id='word_1_319' title='bbox 1103 4172 1282 4215; x_wconf 88' lang='lat' dir='ltr'><strong>sancta</strong></span> <span class='ocrx_word' id='word_1_320' title='bbox 1315 4172 1396 4217; x_wconf 82' lang='lat' dir='ltr'><strong>est</strong></span> <span class='ocrx_word' id='word_1_321' title='bbox 1426 4184 1437 4215; x_wconf 90' lang='lat'><strong>:</strong></span> <span class='ocrx_word' id='word_1_322' title='bbox 1472 4166 1695 4219; x_wconf 78' lang='lat' dir='ltr'><strong>Adorate</strong></span> <span class='ocrx_word' id='word_1_323' title='bbox 1719 4166 1832 4219; x_wconf 86' lang='lat' dir='ltr'><strong>Do-</strong></span> 
     </span>
    </p>
   </div>
   <div class='ocr_carea' id='block_1_42' title="bbox 242 4248 1834 4327">
    <p class='ocr_par' dir='ltr' id='par_1_42' title="bbox 242 4248 1834 4327">
     <span class='ocr_line' id='line_1_42' title="bbox 242 4248 1834 4327; baseline 0.008 -28"><span class='ocrx_word' id='word_1_324' title='bbox 242 4248 437 4300; x_wconf 88' lang='lat' dir='ltr'><strong>minum</strong></span> <span class='ocrx_word' id='word_1_325' title='bbox 465 4249 519 4301; x_wconf 89' lang='lat' dir='ltr'><strong>in</strong></span> <span class='ocrx_word' id='word_1_326' title='bbox 548 4248 669 4301; x_wconf 88' lang='lat' dir='ltr'><strong>aula</strong></span> <span class='ocrx_word' id='word_1_327' title='bbox 689 4259 863 4303; x_wconf 87' lang='lat' dir='ltr'><strong>sancta</strong></span> <span class='ocrx_word' id='word_1_328' title='bbox 880 4250 989 4321; x_wconf 82' lang='lat' dir='ltr'><strong>ejus</strong></span> <span class='ocrx_word' id='word_1_329' title='bbox 1018 4250 1185 4321; x_wconf 80' lang='lat' dir='ltr'><strong>(I’sal.</strong></span> <span class='ocrx_word' id='word_1_330' title='bbox 1213 4254 1300 4308; x_wconf 77' lang='lat'><strong>93.</strong></span> <span class='ocrx_word' id='word_1_331' title='bbox 1326 4254 1402 4325; x_wconf 82' lang='grc'><strong>9).</strong></span> <span class='ocrx_word' id='word_1_332' title='bbox 1440 4256 1589 4310; x_wconf 91' lang='lat' dir='ltr'><strong>Idem</strong></span> <span class='ocrx_word' id='word_1_333' title='bbox 1624 4273 1834 4327; x_wconf 86' lang='lat' dir='ltr'><strong>quoque</strong></span> 
     </span>
    </p>
   </div>
   <div class='ocr_carea' id='block_1_43' title="bbox 241 4338 1834 4415">
    <p class='ocr_par' dir='ltr' id='par_1_43' title="bbox 241 4338 1834 4415">
     <span class='ocr_line' id='line_1_43' title="bbox 241 4338 1834 4415; baseline 0.01 -29"><span class='ocrx_word' id='word_1_334' title='bbox 241 4338 492 4403; x_wconf 83' lang='lat' dir='ltr'><strong>templum</strong></span> <span class='ocrx_word' id='word_1_335' title='bbox 526 4347 754 4391; x_wconf 90' lang='lat' dir='ltr'><strong>sanctum</strong></span> <span class='ocrx_word' id='word_1_336' title='bbox 800 4339 969 4395; x_wconf 86' lang='lat' dir='ltr'><strong>dicit:</strong></span> <span class='ocrx_word' id='word_1_337' title='bbox 1012 4357 1134 4395; x_wconf 86' lang='lat' dir='ltr'><strong>nam</strong></span> <span class='ocrx_word' id='word_1_338' title='bbox 1176 4343 1424 4397; x_wconf 83' lang='lat' dir='ltr'><strong>Sanctum</strong></span> <span class='ocrx_word' id='word_1_339' title='bbox 1472 4356 1542 4400; x_wconf 81' lang='lat' dir='ltr'><strong>est</strong></span> <span class='ocrx_word' id='word_1_340' title='bbox 1592 4351 1834 4415; x_wconf 81' lang='lat' dir='ltr'><strong>templum</strong></span> 
     </span>
    </p>
   </div>
   <div class='ocr_carea' id='block_1_44' title="bbox 241 4429 1834 4508">
    <p class='ocr_par' dir='ltr' id='par_1_44' title="bbox 241 4429 1834 4508">
     <span class='ocr_line' id='line_1_44' title="bbox 241 4429 1834 4508; baseline 0.009 -29"><span class='ocrx_word' id='word_1_341' title='bbox 241 4438 406 4493; x_wconf 87' lang='lat' dir='ltr'><strong>tuum,</strong></span> <span class='ocrx_word' id='word_1_342' title='bbox 430 4429 663 4483; x_wconf 85' lang='lat' dir='ltr'><strong>mirabile</strong></span> <span class='ocrx_word' id='word_1_343' title='bbox 686 4432 737 4483; x_wconf 90' lang='lat' dir='ltr'><strong>in</strong></span> <span class='ocrx_word' id='word_1_344' title='bbox 765 4432 997 4500; x_wconf 79' lang='lat' dir='ltr'><strong>wquitate</strong></span> <span class='ocrx_word' id='word_1_345' title='bbox 1022 4431 1137 4503; x_wconf 83' lang='lat' dir='ltr'><strong>(Ps.</strong></span> <span class='ocrx_word' id='word_1_346' title='bbox 1170 4435 1258 4487; x_wconf 75' lang='grc'><strong>64.</strong></span> <span class='ocrx_word' id='word_1_347' title='bbox 1283 4435 1335 4489; x_wconf 86' lang='grc'><strong>5.</strong></span> <span class='ocrx_word' id='word_1_348' title='bbox 1360 4437 1441 4504; x_wconf 83' lang='lat'><strong>6).</strong></span> <span class='ocrx_word' id='word_1_349' title='bbox 1463 4435 1599 4491; x_wconf 89' lang='lat' dir='ltr'><strong>Oves</strong></span> <span class='ocrx_word' id='word_1_350' title='bbox 1622 4454 1834 4508; x_wconf 89' lang='lat' dir='ltr'><strong>quoque</strong></span> 
     </span>
    </p>
   </div>
   <div class='ocr_carea' id='block_1_45' title="bbox 241 4520 1834 4591">
    <p class='ocr_par' dir='ltr' id='par_1_45' title="bbox 241 4520 1834 4591">
     <span class='ocr_line' id='line_1_45' title="bbox 241 4520 1834 4591; baseline 0.007 -20"><span class='ocrx_word' id='word_1_351' title='bbox 241 4520 474 4573; x_wconf 82' lang='lat' dir='ltr'><strong>rationis</strong></span> <span class='ocrx_word' id='word_1_352' title='bbox 506 4529 755 4588; x_wconf 83' lang='lat' dir='ltr'><strong>expertes</strong></span> <span class='ocrx_word' id='word_1_353' title='bbox 776 4562 790 4586; x_wconf 96' lang='lat'><strong>,</strong></span> <span class='ocrx_word' id='word_1_354' title='bbox 840 4537 958 4591; x_wconf 70' lang='lat' dir='ltr'><strong>quae</strong></span> <span class='ocrx_word' id='word_1_355' title='bbox 988 4531 1113 4578; x_wconf 92' lang='lat' dir='ltr'><strong>tunc</strong></span> <span class='ocrx_word' id='word_1_356' title='bbox 1147 4524 1578 4589; x_wconf 85' lang='lat' dir='ltr'><strong>immolabantur,</strong></span> <span class='ocrx_word' id='word_1_357' title='bbox 1634 4540 1834 4582; x_wconf 76' lang='lat' dir='ltr'><strong>sancta:</strong></span> 
     </span>
    </p>
   </div>
   <div class='ocr_carea' id='block_1_46' title="bbox 240 4610 1831 4687">
    <p class='ocr_par' dir='ltr' id='par_1_46' title="bbox 240 4610 1831 4687">
     <span class='ocr_line' id='line_1_46' title="bbox 240 4610 1831 4687; baseline 0.008 -24"><span class='ocrx_word' id='word_1_358' title='bbox 240 4621 397 4664; x_wconf 79' lang='lat' dir='ltr'><strong>erant</strong></span> <span class='ocrx_word' id='word_1_359' title='bbox 429 4630 441 4662; x_wconf 89' lang='lat'><strong>:</strong></span> <span class='ocrx_word' id='word_1_360' title='bbox 484 4610 552 4664; x_wconf 87' lang='lat' dir='ltr'><strong>Ut</strong></span> <span class='ocrx_word' id='word_1_361' title='bbox 582 4628 725 4677; x_wconf 78' lang='lat' dir='ltr'><strong>oves,</strong></span> <span class='ocrx_word' id='word_1_362' title='bbox 762 4613 968 4682; x_wconf 90' lang='lat' dir='ltr'><strong>inquit,</strong></span> <span class='ocrx_word' id='word_1_363' title='bbox 1000 4625 1188 4668; x_wconf 82' lang='lat' dir='ltr'><strong>sancta:</strong></span> <span class='ocrx_word' id='word_1_364' title='bbox 1211 4616 1261 4668; x_wconf 88' lang='lat' dir='ltr'><strong>in</strong></span> <span class='ocrx_word' id='word_1_365' title='bbox 1295 4616 1575 4671; x_wconf 80' lang='lat' dir='ltr'><strong>Jerusalem</strong></span> <span class='ocrx_word' id='word_1_366' title='bbox 1616 4619 1831 4687; x_wconf 74' lang='lat' dir='ltr'><strong>(Ezech.</strong></span> 
     </span>
    </p>
   </div>
   <div class='ocr_carea' id='block_1_47' title="bbox 241 4700 1831 4779">
    <p class='ocr_par' dir='ltr' id='par_1_47' title="bbox 241 4700 1831 4779">
     <span class='ocr_line' id='line_1_47' title="bbox 241 4700 1831 4779; baseline 0.007 -26"><span class='ocrx_word' id='word_1_367' title='bbox 360 4701 473 4770; x_wconf 82' lang='grc'><strong>58).</strong></span> <span class='ocrx_word' id='word_1_368' title='bbox 518 4700 917 4756; x_wconf 84' lang='lat' dir='ltr'><strong>Testamentum</strong></span> <span class='ocrx_word' id='word_1_369' title='bbox 960 4720 1171 4773; x_wconf 87' lang='lat' dir='ltr'><strong>quoque</strong></span> <span class='ocrx_word' id='word_1_370' title='bbox 1208 4717 1488 4760; x_wconf 79' lang='lat' dir='ltr'><strong>Sanctum:</strong></span> <span class='ocrx_word' id='word_1_371' title='bbox 1538 4709 1602 4761; x_wconf 82' lang='lat' dir='ltr'><strong>Et</strong></span> <span class='ocrx_word' id='word_1_372' title='bbox 1643 4712 1831 4779; x_wconf 85' lang='lat' dir='ltr'><strong>con/ir-</strong></span> 
     </span>
    </p>
   </div>
   <div class='ocr_carea' id='block_1_48' title="bbox 241 4793 1829 4868">
    <p class='ocr_par' dir='ltr' id='par_1_48' title="bbox 241 4793 1829 4868">
     <span class='ocr_line' id='line_1_48' title="bbox 241 4793 1829 4868; baseline 0.009 -25"><span class='ocrx_word' id='word_1_373' title='bbox 241 4793 393 4845; x_wconf 82' lang='lat' dir='ltr'><strong>mobit</strong></span> <span class='ocrx_word' id='word_1_374' title='bbox 420 4810 541 4846; x_wconf 89' lang='lat' dir='ltr'><strong>cum</strong></span> <span class='ocrx_word' id='word_1_375' title='bbox 586 4795 755 4847; x_wconf 88' lang='lat' dir='ltr'><strong>multis</strong></span> <span class='ocrx_word' id='word_1_376' title='bbox 782 4804 1127 4849; x_wconf 83' lang='lat' dir='ltr'><strong>testamentum</strong></span> <span class='ocrx_word' id='word_1_377' title='bbox 1152 4811 1379 4852; x_wconf 85' lang='lat' dir='ltr'><strong>sanctum</strong></span> <span class='ocrx_word' id='word_1_378' title='bbox 1412 4817 1555 4853; x_wconf 87' lang='lat' dir='ltr'><strong>suum</strong></span> <span class='ocrx_word' id='word_1_379' title='bbox 1587 4802 1749 4868; x_wconf 89' lang='lat' dir='ltr'><strong>(Dan.</strong></span> <span class='ocrx_word' id='word_1_380' title='bbox 1776 4806 1829 4858; x_wconf 80' lang='grc' dir='ltr'><strong>υ.</strong></span> 
     </span>
    </p>
   </div>
   <div class='ocr_carea' id='block_1_49' title="bbox 238 4887 1832 4963">
    <p class='ocr_par' dir='ltr' id='par_1_49' title="bbox 238 4887 1832 4963">
     <span class='ocr_line' id='line_1_49' title="bbox 238 4887 1832 4963; baseline 0.005 -22"><span class='ocrx_word' id='word_1_381' title='bbox 238 4887 351 4955; x_wconf 74' lang='grc'><strong>27).</strong></span> <span class='ocrx_word' id='word_1_382' title='bbox 389 4887 536 4940; x_wconf 88' lang='lat' dir='ltr'><strong>Urbs</strong></span> <span class='ocrx_word' id='word_1_383' title='bbox 559 4888 669 4955; x_wconf 87' lang='lat' dir='ltr'><strong>ipsa</strong></span> <span class='ocrx_word' id='word_1_384' title='bbox 696 4904 904 4958; x_wconf 90' lang='lat' dir='ltr'><strong>quoque</strong></span> <span class='ocrx_word' id='word_1_385' title='bbox 934 4899 1115 4944; x_wconf 86' lang='lat' dir='ltr'><strong>sancta</strong></span> <span class='ocrx_word' id='word_1_386' title='bbox 1142 4891 1417 4946; x_wconf 88' lang='lat' dir='ltr'><strong>dicebatur</strong></span> <span class='ocrx_word' id='word_1_387' title='bbox 1444 4910 1457 4946; x_wconf 90' lang='lat'>:</span> <span class='ocrx_word' id='word_1_388' title='bbox 1486 4892 1555 4946; x_wconf 83' lang='lat' dir='ltr'><strong>Et</strong></span> <span class='ocrx_word' id='word_1_389' title='bbox 1579 4912 1730 4963; x_wconf 84' lang='lat' dir='ltr'><strong>super</strong></span> <span class='ocrx_word' id='word_1_390' title='bbox 1757 4899 1832 4949; x_wconf 82' lang='lat' dir='ltr'><strong>ci-</strong></span> 
     </span>
    </p>
   </div>
   <div class='ocr_carea' id='block_1_50' title="bbox 240 4979 1829 5056">
    <p class='ocr_par' dir='ltr' id='par_1_50' title="bbox 240 4979 1829 5056">
     <span class='ocr_line' id='line_1_50' title="bbox 240 4979 1829 5056; baseline 0.008 -24"><span class='ocrx_word' id='word_1_391' title='bbox 240 4979 443 5032; x_wconf 81' lang='lat' dir='ltr'><strong>vitatem</strong></span> <span class='ocrx_word' id='word_1_392' title='bbox 466 4990 699 5032; x_wconf 85' lang='lat' dir='ltr'><strong>sanctam</strong></span> <span class='ocrx_word' id='word_1_393' title='bbox 740 4991 941 5049; x_wconf 85' lang='lat' dir='ltr'><strong>patrum</strong></span> <span class='ocrx_word' id='word_1_394' title='bbox 967 4992 1251 5035; x_wconf 83' lang='lat' dir='ltr'><strong>nostrorum</strong></span> <span class='ocrx_word' id='word_1_395' title='bbox 1275 4983 1558 5038; x_wconf 84' lang='lat' dir='ltr'><strong>Jerusalem</strong></span> <span class='ocrx_word' id='word_1_396' title='bbox 1588 4985 1636 5056; x_wconf 90' lang='lat' dir='ltr'><strong>(l</strong></span> <span class='ocrx_word' id='word_1_397' title='bbox 1646 4989 1748 5041; x_wconf 88' lang='lat' dir='ltr'><strong>bid.</strong></span> <span class='ocrx_word' id='word_1_398' title='bbox 1782 5007 1829 5045; x_wconf 91' lang='lat' dir='ltr'><strong>v.</strong></span> 
     </span>
    </p>
   </div>
   <div class='ocr_carea' id='block_1_51' title="bbox 238 5068 1834 5137">
    <p class='ocr_par' dir='ltr' id='par_1_51' title="bbox 238 5068 1834 5137">
     <span class='ocr_line' id='line_1_51' title="bbox 238 5068 1834 5137; baseline 0.008 -14"><span class='ocrx_word' id='word_1_399' title='bbox 238 5069 350 5137; x_wconf 73' lang='grc'><strong>2-1).</strong></span> <span class='ocrx_word' id='word_1_400' title='bbox 375 5068 523 5122; x_wconf 83' lang='lat' dir='ltr'><strong>Nihil</strong></span> <span class='ocrx_word' id='word_1_401' title='bbox 553 5068 746 5137; x_wconf 91' lang='lat' dir='ltr'><strong>quippe</strong></span> <span class='ocrx_word' id='word_1_402' title='bbox 774 5086 878 5125; x_wconf 93' lang='lat' dir='ltr'><strong>non</strong></span> <span class='ocrx_word' id='word_1_403' title='bbox 901 5084 1139 5126; x_wconf 88' lang='lat' dir='ltr'><strong>sanctum</strong></span> <span class='ocrx_word' id='word_1_404' title='bbox 1160 5074 1367 5127; x_wconf 87' lang='lat' dir='ltr'><strong>accedit</strong></span> <span class='ocrx_word' id='word_1_405' title='bbox 1395 5076 1461 5129; x_wconf 89' lang='lat' dir='ltr'><strong>ad</strong></span> <span class='ocrx_word' id='word_1_406' title='bbox 1493 5077 1678 5131; x_wconf 91' lang='lat' dir='ltr'><strong>Deum.</strong></span> <span class='ocrx_word' id='word_1_407' title='bbox 1709 5079 1834 5135; x_wconf 84' lang='lat' dir='ltr'><strong>ideo</strong></span> 
     </span>
    </p>
   </div>
   <div class='ocr_carea' id='block_1_52' title="bbox 242 5158 1831 5232">
    <p class='ocr_par' dir='ltr' id='par_1_52' title="bbox 242 5158 1831 5232">
     <span class='ocr_line' id='line_1_52' title="bbox 242 5158 1831 5232; baseline 0.008 -21"><span class='ocrx_word' id='word_1_408' title='bbox 242 5160 314 5214; x_wconf 85' lang='lat' dir='ltr'><strong>ait</strong></span> <span class='ocrx_word' id='word_1_409' title='bbox 339 5160 548 5214; x_wconf 86' lang='lat' dir='ltr'><strong>Paulus</strong></span> <span class='ocrx_word' id='word_1_410' title='bbox 578 5176 589 5210; x_wconf 90' lang='lat'>:</span> <span class='ocrx_word' id='word_1_411' title='bbox 621 5158 687 5211; x_wconf 84' lang='lat' dir='ltr'><strong>Et</strong></span> <span class='ocrx_word' id='word_1_412' title='bbox 729 5164 1143 5228; x_wconf 84' lang='lat' dir='ltr'><strong>sanctimoniam,</strong></span> <span class='ocrx_word' id='word_1_413' title='bbox 1175 5165 1283 5218; x_wconf 84' lang='lat' dir='ltr'><strong>sine</strong></span> <span class='ocrx_word' id='word_1_414' title='bbox 1319 5183 1419 5232; x_wconf 87' lang='lat' dir='ltr'><strong>qua</strong></span> <span class='ocrx_word' id='word_1_415' title='bbox 1464 5183 1607 5220; x_wconf 90' lang='lat' dir='ltr'><strong>nemo</strong></span> <span class='ocrx_word' id='word_1_416' title='bbox 1650 5170 1831 5224; x_wconf 83' lang='lat' dir='ltr'><strong>videbit</strong></span> 
     </span>
    </p>
   </div>
   <div class='ocr_carea' id='block_1_53' title="bbox 241 5249 1833 5327">
    <p class='ocr_par' dir='ltr' id='par_1_53' title="bbox 241 5249 1833 5327">
     <span class='ocr_line' id='line_1_53' title="bbox 241 5249 1833 5327; baseline 0.008 -24"><span class='ocrx_word' id='word_1_417' title='bbox 241 5250 403 5304; x_wconf 80' lang='lat' dir='ltr'><strong>Deum</strong></span> <span class='ocrx_word' id='word_1_418' title='bbox 422 5249 613 5318; x_wconf 83' lang='lat' dir='ltr'><strong>(Hebr.</strong></span> <span class='ocrx_word' id='word_1_419' title='bbox 645 5249 728 5302; x_wconf 73' lang='grc'><strong>12.</strong></span> <span class='ocrx_word' id='word_1_420' title='bbox 753 5253 865 5320; x_wconf 78' lang='grc'><strong>14).</strong></span> <span class='ocrx_word' id='word_1_421' title='bbox 898 5253 1260 5323; x_wconf 82' lang='lat' dir='ltr'><strong>Jejunavitnus</strong></span> <span class='ocrx_word' id='word_1_422' title='bbox 1286 5272 1316 5309; x_wconf 89' lang='lat' dir='ltr'><strong>a</strong></span> <span class='ocrx_word' id='word_1_423' title='bbox 1344 5272 1477 5326; x_wconf 91' lang='lat' dir='ltr'><strong>pane</strong></span> <span class='ocrx_word' id='word_1_424' title='bbox 1497 5274 1511 5322; x_wconf 92' lang='lat'>;</span> <span class='ocrx_word' id='word_1_425' title='bbox 1531 5259 1833 5327; x_wconf 86' lang='lat' dir='ltr'><strong>jejunemus</strong></span> 
     </span>
    </p>
   </div>
   <div class='ocr_carea' id='block_1_54' title="bbox 241 5343 1832 5416">
    <p class='ocr_par' dir='ltr' id='par_1_54' title="bbox 241 5343 1832 5416">
     <span class='ocr_line' id='line_1_54' title="bbox 241 5343 1832 5416; baseline 0.006 -19"><span class='ocrx_word' id='word_1_426' title='bbox 241 5345 389 5399; x_wconf 86' lang='lat' dir='ltr'><strong>etab</strong></span> <span class='ocrx_word' id='word_1_427' title='bbox 431 5343 738 5412; x_wconf 88' lang='lat' dir='ltr'><strong>iniquitate.</strong></span> <span class='ocrx_word' id='word_1_428' title='bbox 784 5344 899 5399; x_wconf 83' lang='lat' dir='ltr'><strong>Non</strong></span> <span class='ocrx_word' id='word_1_429' title='bbox 926 5346 1161 5403; x_wconf 89' lang='lat' dir='ltr'><strong>comedis</strong></span> <span class='ocrx_word' id='word_1_430' title='bbox 1209 5352 1440 5416; x_wconf 83' lang='lat' dir='ltr'><strong>panem?</strong></span> <span class='ocrx_word' id='word_1_431' title='bbox 1468 5351 1543 5404; x_wconf 82' lang='lat' dir='ltr'><strong>Ne</strong></span> <span class='ocrx_word' id='word_1_432' title='bbox 1584 5352 1832 5406; x_wconf 90' lang='lat' dir='ltr'><strong>comedas</strong></span> 
     </span>
    </p>
   </div>
   <div class='ocr_carea' id='block_1_55' title="bbox 241 5438 1833 5510">
    <p class='ocr_par' dir='ltr' id='par_1_55' title="bbox 241 5438 1833 5510">
     <span class='ocr_line' id='line_1_55' title="bbox 241 5438 1833 5510; baseline 0.004 -19"><span class='ocrx_word' id='word_1_433' title='bbox 241 5448 431 5491; x_wconf 75' lang='lat' dir='ltr'><strong>earnes</strong></span> <span class='ocrx_word' id='word_1_434' title='bbox 464 5450 789 5505; x_wconf 84' lang='lat' dir='ltr'><strong>pauperum,</strong></span> <span class='ocrx_word' id='word_1_435' title='bbox 824 5451 889 5490; x_wconf 90' lang='lat' dir='ltr'><strong>ne</strong></span> <span class='ocrx_word' id='word_1_436' title='bbox 913 5438 979 5492; x_wconf 90' lang='lat' dir='ltr'><strong>de</strong></span> <span class='ocrx_word' id='word_1_437' title='bbox 1012 5449 1062 5493; x_wconf 90' lang='lat' dir='ltr'><strong>te</strong></span> <span class='ocrx_word' id='word_1_438' title='bbox 1088 5456 1300 5510; x_wconf 91' lang='lat' dir='ltr'><strong>quoque</strong></span> <span class='ocrx_word' id='word_1_439' title='bbox 1340 5441 1482 5496; x_wconf 91' lang='lat' dir='ltr'><strong>dicat</strong></span> <span class='ocrx_word' id='word_1_440' title='bbox 1512 5444 1650 5497; x_wconf 85' lang='lat' dir='ltr'><strong>Deus</strong></span> <span class='ocrx_word' id='word_1_441' title='bbox 1686 5463 1697 5497; x_wconf 93' lang='lat'><strong>:</strong></span> <span class='ocrx_word' id='word_1_442' title='bbox 1734 5445 1833 5510; x_wconf 85' lang='lat' dir='ltr'><strong>Qui</strong></span> 
     </span>
    </p>
   </div>
   <div class='ocr_carea' id='block_1_56' title="bbox 241 5527 1829 5607">
    <p class='ocr_par' dir='ltr' id='par_1_56' title="bbox 241 5527 1829 5607">
     <span class='ocr_line' id='line_1_56' title="bbox 241 5527 1829 5607; baseline 0.006 -25"><span class='ocrx_word' id='word_1_443' title='bbox 241 5531 481 5584; x_wconf 76' lang='lat' dir='ltr'><strong>devorant</strong></span> <span class='ocrx_word' id='word_1_444' title='bbox 503 5527 698 5599; x_wconf 79' lang='lat' dir='ltr'><strong>plebem</strong></span> <span class='ocrx_word' id='word_1_445' title='bbox 726 5545 886 5582; x_wconf 89' lang='lat' dir='ltr'><strong>meam</strong></span> <span class='ocrx_word' id='word_1_446' title='bbox 913 5532 965 5583; x_wconf 90' lang='lat' dir='ltr'><strong>in</strong></span> <span class='ocrx_word' id='word_1_447' title='bbox 989 5534 1099 5586; x_wconf 87' lang='lat' dir='ltr'><strong>cibo</strong></span> <span class='ocrx_word' id='word_1_448' title='bbox 1124 5536 1271 5604; x_wconf 86' lang='lat' dir='ltr'><strong>panis</strong></span> <span class='ocrx_word' id='word_1_449' title='bbox 1301 5534 1470 5605; x_wconf 88' lang='lat' dir='ltr'><strong>(Psal.</strong></span> <span class='ocrx_word' id='word_1_450' title='bbox 1502 5536 1589 5590; x_wconf 79' lang='grc'><strong>15.</strong></span> <span class='ocrx_word' id='word_1_451' title='bbox 1612 5535 1689 5607; x_wconf 74' lang='grc'><strong>4).</strong></span> <span class='ocrx_word' id='word_1_452' title='bbox 1717 5536 1829 5591; x_wconf 82' lang='lat' dir='ltr'><strong>Non</strong></span> 
     </span>
    </p>
   </div>
   <div class='ocr_carea' id='block_1_57' title="bbox 244 5622 1831 5697">
    <p class='ocr_par' dir='ltr' id='par_1_57' title="bbox 244 5622 1831 5697">
     <span class='ocr_line' id='line_1_57' title="bbox 244 5622 1831 5697; baseline 0.004 -23"><span class='ocrx_word' id='word_1_453' title='bbox 244 5623 377 5678; x_wconf 82' lang='lat' dir='ltr'><strong>bibis</strong></span> <span class='ocrx_word' id='word_1_454' title='bbox 402 5623 631 5678; x_wconf 84' lang='lat' dir='ltr'><strong>vinum?</strong></span> <span class='ocrx_word' id='word_1_455' title='bbox 660 5622 733 5676; x_wconf 87' lang='lat' dir='ltr'><strong>Ne</strong></span> <span class='ocrx_word' id='word_1_456' title='bbox 760 5622 908 5677; x_wconf 89' lang='lat' dir='ltr'><strong>furor</strong></span> <span class='ocrx_word' id='word_1_457' title='bbox 940 5624 1168 5680; x_wconf 86' lang='lat' dir='ltr'><strong>inebriet</strong></span> <span class='ocrx_word' id='word_1_458' title='bbox 1196 5635 1275 5689; x_wconf 92' lang='lat' dir='ltr'><strong>te,</strong></span> <span class='ocrx_word' id='word_1_459' title='bbox 1310 5643 1376 5681; x_wconf 92' lang='lat' dir='ltr'><strong>ne</strong></span> <span class='ocrx_word' id='word_1_460' title='bbox 1406 5627 1591 5681; x_wconf 91' lang='lat' dir='ltr'><strong>audias</strong></span> <span class='ocrx_word' id='word_1_461' title='bbox 1612 5643 1640 5681; x_wconf 93' lang='lat' dir='ltr'><strong>a</strong></span> <span class='ocrx_word' id='word_1_462' title='bbox 1672 5629 1831 5697; x_wconf 81' lang='lat' dir='ltr'><strong>legis—</strong></span> 
     </span>
    </p>
   </div>
   <div class='ocr_carea' id='block_1_58' title="bbox 244 5713 1830 5789">
    <p class='ocr_par' dir='ltr' id='par_1_58' title="bbox 244 5713 1830 5789">
     <span class='ocr_line' id='line_1_58' title="bbox 244 5713 1830 5789; baseline 0.004 -22"><span class='ocrx_word' id='word_1_463' title='bbox 244 5713 409 5769; x_wconf 82' lang='lat' dir='ltr'><strong>latore</strong></span> <span class='ocrx_word' id='word_1_464' title='bbox 442 5734 454 5770; x_wconf 95' lang='lat'>:</span> <span class='ocrx_word' id='word_1_465' title='bbox 509 5713 678 5769; x_wconf 81' lang='lat' dir='ltr'><strong>Furor</strong></span> <span class='ocrx_word' id='word_1_466' title='bbox 710 5714 810 5768; x_wconf 82' lang='lat' dir='ltr'><strong>illis</strong></span> <span class='ocrx_word' id='word_1_467' title='bbox 847 5717 1122 5769; x_wconf 86' lang='lat' dir='ltr'><strong>secundum</strong></span> <span class='ocrx_word' id='word_1_468' title='bbox 1160 5719 1541 5773; x_wconf 84' lang='lat' dir='ltr'><strong>similitudinem</strong></span> <span class='ocrx_word' id='word_1_469' title='bbox 1584 5721 1830 5789; x_wconf 83' lang='lat' dir='ltr'><strong>serpentis</strong></span> 
     </span>
    </p>
   </div>
   <div class='ocr_carea' id='block_1_59' title="bbox 244 5804 1829 5876">
    <p class='ocr_par' dir='ltr' id='par_1_59' title="bbox 244 5804 1829 5876">
     <span class='ocr_line' id='line_1_59' title="bbox 244 5804 1829 5876; baseline 0.004 -18"><span class='ocrx_word' id='word_1_470' title='bbox 244 5804 411 5874; x_wconf 79' lang='lat' dir='ltr'><strong>(Psal.</strong></span> <span class='ocrx_word' id='word_1_471' title='bbox 442 5807 534 5861; x_wconf 83' lang='lat'><strong>57.</strong></span> <span class='ocrx_word' id='word_1_472' title='bbox 579 5807 672 5876; x_wconf 85' lang='lat'><strong>5);</strong></span> <span class='ocrx_word' id='word_1_473' title='bbox 719 5822 782 5860; x_wconf 82' lang='lat' dir='ltr'><strong>ac</strong></span> <span class='ocrx_word' id='word_1_474' title='bbox 811 5822 1059 5869; x_wconf 83' lang='lat' dir='ltr'><strong>rursum,</strong></span> <span class='ocrx_word' id='word_1_475' title='bbox 1115 5807 1287 5863; x_wconf 82' lang='lat' dir='ltr'><strong>Furor</strong></span> <span class='ocrx_word' id='word_1_476' title='bbox 1331 5812 1609 5864; x_wconf 87' lang='lat' dir='ltr'><strong>draconum</strong></span> <span class='ocrx_word' id='word_1_477' title='bbox 1661 5813 1829 5864; x_wconf 87' lang='lat' dir='ltr'><strong>vinum</strong></span> 
     </span>
    </p>
   </div>
   <div class='ocr_carea' id='block_1_60' title="bbox 241 5898 1829 5972">
    <p class='ocr_par' dir='ltr' id='par_1_60' title="bbox 241 5898 1829 5972">
     <span class='ocr_line' id='line_1_60' title="bbox 241 5898 1829 5972; baseline 0.006 -22"><span class='ocrx_word' id='word_1_478' title='bbox 241 5912 411 5951; x_wconf 82' lang='lat' dir='ltr'><strong>eorum</strong></span> <span class='ocrx_word' id='word_1_479' title='bbox 438 5898 620 5971; x_wconf 83' lang='lat' dir='ltr'><strong>(Dent.</strong></span> <span class='ocrx_word' id='word_1_480' title='bbox 650 5900 738 5952; x_wconf 75' lang='lat'><strong>59..</strong></span> <span class='ocrx_word' id='word_1_481' title='bbox 786 5901 897 5968; x_wconf 68' lang='lat'><strong>35).</strong></span> <span class='ocrx_word' id='word_1_482' title='bbox 922 5900 1050 5955; x_wconf 90' lang='lat' dir='ltr'><strong>Cum</strong></span> <span class='ocrx_word' id='word_1_483' title='bbox 1089 5902 1229 5955; x_wconf 89' lang='lat' dir='ltr'><strong>enim</strong></span> <span class='ocrx_word' id='word_1_484' title='bbox 1263 5915 1551 5972; x_wconf 79' lang='lat' dir='ltr'><strong>pauperem</strong></span> <span class='ocrx_word' id='word_1_485' title='bbox 1575 5902 1829 5959; x_wconf 80' lang='lat' dir='ltr'><strong>amixcris</strong></span> 
     </span>
    </p>
   </div>
   <div class='ocr_carea' id='block_1_61' title="bbox 1306 480 2463 541">
    <p class='ocr_par' dir='ltr' id='par_1_61' title="bbox 1306 480 2463 541">
     <span class='ocr_line' id='line_1_61' title="bbox 1306 480 2463 541; baseline -0.005 0"><span class='ocrx_word' id='word_1_486' title='bbox 1306 484 1395 541; x_wconf 86' lang='lat' dir='ltr'><strong>DE</strong></span> <span class='ocrx_word' id='word_1_487' title='bbox 1432 482 1648 541; x_wconf 83' lang='lat' dir='ltr'><strong>MUNDI</strong></span> <span class='ocrx_word' id='word_1_488' title='bbox 1685 480 2077 540; x_wconf 79' lang='lat' dir='ltr'><strong>CREATIONE</strong></span> <span class='ocrx_word' id='word_1_489' title='bbox 2114 481 2371 539; x_wconf 81' lang='lat' dir='ltr'><strong>ORATIO</strong></span> <span class='ocrx_word' id='word_1_490' title='bbox 2402 481 2463 536; x_wconf 88' lang='lat' dir='ltr'><strong>ll.</strong></span> 
     </span>
    </p>
   </div>
   <div class='ocr_carea' id='block_1_62' title="bbox 3404 507 3517 563">
    <p class='ocr_par' dir='ltr' id='par_1_62' title="bbox 3404 507 3517 563">
     <span class='ocr_line' id='line_1_62' title="bbox 3404 507 3517 563; baseline 0.027 -3"><span class='ocrx_word' id='word_1_491' title='bbox 3404 507 3517 563; x_wconf 88' lang='lat'><strong>438</strong></span> 
     </span>
    </p>
   </div>
   <div class='ocr_carea' id='block_1_63' title="bbox 1941 597 3527 669">
    <p class='ocr_par' dir='ltr' id='par_1_63' title="bbox 1941 597 3527 669">
     <span class='ocr_line' id='line_1_63' title="bbox 1941 597 3527 669; baseline 0 -16"><span class='ocrx_word' id='word_1_492' title='bbox 1941 600 2012 653; x_wconf 90' lang='lat' dir='ltr'><strong>ita</strong></span> <span class='ocrx_word' id='word_1_493' title='bbox 2040 606 2099 654; x_wconf 92' lang='lat' dir='ltr'><strong>ut</strong></span> <span class='ocrx_word' id='word_1_494' title='bbox 2133 599 2480 669; x_wconf 76' lang='lat' dir='ltr'><strong>ingemiscat,</strong></span> <span class='ocrx_word' id='word_1_495' title='bbox 2514 597 2559 653; x_wconf 92' lang='lat' dir='ltr'><strong>is</strong></span> <span class='ocrx_word' id='word_1_496' title='bbox 2585 597 2722 667; x_wconf 88' lang='lat' dir='ltr'><strong>apud</strong></span> <span class='ocrx_word' id='word_1_497' title='bbox 2770 597 2933 653; x_wconf 91' lang='lat' dir='ltr'><strong>Deum</strong></span> <span class='ocrx_word' id='word_1_498' title='bbox 2966 598 3212 655; x_wconf 87' lang='lat' dir='ltr'><strong>inventus</strong></span> <span class='ocrx_word' id='word_1_499' title='bbox 3240 606 3323 655; x_wconf 84' lang='lat' dir='ltr'><strong>est</strong></span> <span class='ocrx_word' id='word_1_500' title='bbox 3346 612 3527 654; x_wconf 84' lang='lat' dir='ltr'><strong>come-</strong></span> 
     </span>
    </p>
   </div>
   <div class='ocr_carea' id='block_1_64' title="bbox 1939 687 3527 760">
    <p class='ocr_par' dir='ltr' id='par_1_64' title="bbox 1939 687 3527 760">
     <span class='ocr_line' id='line_1_64' title="bbox 1939 687 3527 760; baseline -0.001 -16"><span class='ocrx_word' id='word_1_501' title='bbox 1939 690 2073 745; x_wconf 92' lang='lat' dir='ltr'><strong>dens</strong></span> <span class='ocrx_word' id='word_1_502' title='bbox 2102 706 2294 759; x_wconf 93' lang='lat' dir='ltr'><strong>panem</strong></span> <span class='ocrx_word' id='word_1_503' title='bbox 2322 691 2699 760; x_wconf 85' lang='lat' dir='ltr'><strong>lacrymarum.</strong></span> <span class='ocrx_word' id='word_1_504' title='bbox 2736 687 2965 759; x_wconf 84' lang='lat' dir='ltr'><strong>Ideoque</strong></span> <span class='ocrx_word' id='word_1_505' title='bbox 2984 690 3061 745; x_wconf 85' lang='lat' dir='ltr'><strong>ait</strong></span> <span class='ocrx_word' id='word_1_506' title='bbox 3088 690 3226 746; x_wconf 89' lang='lat' dir='ltr'><strong>Deus</strong></span> <span class='ocrx_word' id='word_1_507' title='bbox 3262 707 3275 744; x_wconf 90' lang='lat'><strong>:</strong></span> <span class='ocrx_word' id='word_1_508' title='bbox 3314 689 3527 760; x_wconf 71' lang='lat' dir='ltr'><strong>Operi:-</strong></span> 
     </span>
    </p>
   </div>
   <div class='ocr_carea' id='block_1_65' title="bbox 1940 779 3527 852">
    <p class='ocr_par' dir='ltr' id='par_1_65' title="bbox 1940 779 3527 852">
     <span class='ocr_line' id='line_1_65' title="bbox 1940 779 3527 852; baseline 0 -17"><span class='ocrx_word' id='word_1_509' title='bbox 1940 782 2066 835; x_wconf 88' lang='lat' dir='ltr'><strong>batis</strong></span> <span class='ocrx_word' id='word_1_510' title='bbox 2102 782 2336 851; x_wconf 83' lang='lat' dir='ltr'><strong>lacrymis</strong></span> <span class='ocrx_word' id='word_1_511' title='bbox 2375 781 2537 835; x_wconf 89' lang='lat' dir='ltr'><strong>altare</strong></span> <span class='ocrx_word' id='word_1_512' title='bbox 2579 797 2743 836; x_wconf 91' lang='lat' dir='ltr'><strong>meum</strong></span> <span class='ocrx_word' id='word_1_513' title='bbox 2774 779 3025 850; x_wconf 74' lang='lat' dir='ltr'><strong>(Malactt.</strong></span> <span class='ocrx_word' id='word_1_514' title='bbox 3076 781 3131 835; x_wconf 66' lang='grc'><strong>2.</strong></span> <span class='ocrx_word' id='word_1_515' title='bbox 3172 779 3281 852; x_wconf 76' lang='grc'><strong>15).</strong></span> <span class='ocrx_word' id='word_1_516' title='bbox 3324 780 3527 850; x_wconf 78' lang='lat' dir='ltr'><strong>Repre-</strong></span> 
     </span>
    </p>
   </div>
   <div class='ocr_carea' id='block_1_66' title="bbox 1940 871 3526 943">
    <p class='ocr_par' dir='ltr' id='par_1_66' title="bbox 1940 871 3526 943">
     <span class='ocr_line' id='line_1_66' title="bbox 1940 871 3526 943; baseline -0.001 -16"><span class='ocrx_word' id='word_1_517' title='bbox 1940 873 2198 929; x_wconf 90' lang='lat' dir='ltr'><strong>henditne</strong></span> <span class='ocrx_word' id='word_1_518' title='bbox 2222 888 2350 943; x_wconf 85' lang='lat' dir='ltr'><strong>ergo</strong></span> <span class='ocrx_word' id='word_1_519' title='bbox 2392 873 2532 928; x_wconf 90' lang='lat' dir='ltr'><strong>Deus</strong></span> <span class='ocrx_word' id='word_1_520' title='bbox 2557 887 2651 927; x_wconf 89' lang='lat' dir='ltr'><strong>eos</strong></span> <span class='ocrx_word' id='word_1_521' title='bbox 2679 872 2767 942; x_wconf 86' lang='lat' dir='ltr'><strong>qui</strong></span> <span class='ocrx_word' id='word_1_522' title='bbox 2798 872 3070 943; x_wconf 89' lang='lat' dir='ltr'><strong>plorarent</strong></span> <span class='ocrx_word' id='word_1_523' title='bbox 3110 871 3174 926; x_wconf 86' lang='lat' dir='ltr'><strong>ad</strong></span> <span class='ocrx_word' id='word_1_524' title='bbox 3201 872 3371 928; x_wconf 85' lang='lat' dir='ltr'><strong>altare</strong></span> <span class='ocrx_word' id='word_1_525' title='bbox 3390 916 3407 939; x_wconf 88' lang='lat'><strong>,</strong></span> <span class='ocrx_word' id='word_1_526' title='bbox 3435 871 3526 941; x_wconf 89' lang='lat' dir='ltr'><strong>qui</strong></span> 
     </span>
    </p>
   </div>
   <div class='ocr_carea' id='block_1_67' title="bbox 1939 963 3523 1035">
    <p class='ocr_par' dir='ltr' id='par_1_67' title="bbox 1939 963 3523 1035">
     <span class='ocr_line' id='line_1_67' title="bbox 1939 963 3523 1035; baseline -0.001 -18"><span class='ocrx_word' id='word_1_527' title='bbox 1939 964 2095 1027; x_wconf 90' lang='lat' dir='ltr'><strong>dicit,</strong></span> <span class='ocrx_word' id='word_1_528' title='bbox 2141 965 2476 1028; x_wconf 85' lang='lat' dir='ltr'><strong>Sacerdotes,</strong></span> <span class='ocrx_word' id='word_1_529' title='bbox 2523 966 2741 1029; x_wconf 79' lang='lat' dir='ltr'><strong>intrate,</strong></span> <span class='ocrx_word' id='word_1_530' title='bbox 2773 974 2819 1018; x_wconf 85' lang='lat' dir='ltr'><strong>et</strong></span> <span class='ocrx_word' id='word_1_531' title='bbox 2866 964 3063 1035; x_wconf 85' lang='lat' dir='ltr'><strong>plorate</strong></span> <span class='ocrx_word' id='word_1_532' title='bbox 3098 964 3256 1033; x_wconf 76' lang='lat' dir='ltr'><strong>(loel.</strong></span> <span class='ocrx_word' id='word_1_533' title='bbox 3298 965 3349 1018; x_wconf 90' lang='grc'><strong>1.</strong></span> <span class='ocrx_word' id='word_1_534' title='bbox 3396 963 3523 1033; x_wconf 74' lang='lat' dir='ltr'><strong>l3)?</strong></span> 
     </span>
    </p>
   </div>
   <div class='ocr_carea' id='block_1_68' title="bbox 1944 1056 3522 1128">
    <p class='ocr_par' dir='ltr' id='par_1_68' title="bbox 1944 1056 3522 1128">
     <span class='ocr_line' id='line_1_68' title="bbox 1944 1056 3522 1128; baseline -0.001 -19"><span class='ocrx_word' id='word_1_535' title='bbox 1944 1058 2136 1111; x_wconf 79' lang='lat' dir='ltr'><strong>Verum</strong></span> <span class='ocrx_word' id='word_1_536' title='bbox 2164 1056 2509 1126; x_wconf 87' lang='lat' dir='ltr'><strong>reprehendit</strong></span> <span class='ocrx_word' id='word_1_537' title='bbox 2532 1073 2655 1121; x_wconf 87' lang='lat' dir='ltr'><strong>eos,</strong></span> <span class='ocrx_word' id='word_1_538' title='bbox 2685 1073 2790 1112; x_wconf 90' lang='lat' dir='ltr'><strong>non</strong></span> <span class='ocrx_word' id='word_1_539' title='bbox 2819 1057 2960 1128; x_wconf 91' lang='lat' dir='ltr'><strong>quod</strong></span> <span class='ocrx_word' id='word_1_540' title='bbox 2988 1057 3214 1124; x_wconf 83' lang='lat' dir='ltr'><strong>ﬂerent,</strong></span> <span class='ocrx_word' id='word_1_541' title='bbox 3256 1057 3349 1113; x_wconf 89' lang='lat' dir='ltr'><strong>sed</strong></span> <span class='ocrx_word' id='word_1_542' title='bbox 3382 1058 3522 1126; x_wconf 82' lang='lat' dir='ltr'><strong>quod</strong></span> 
     </span>
    </p>
   </div>
   <div class='ocr_carea' id='block_1_69' title="bbox 1940 1147 3523 1218">
    <p class='ocr_par' dir='ltr' id='par_1_69' title="bbox 1940 1147 3523 1218">
     <span class='ocr_line' id='line_1_69' title="bbox 1940 1147 3523 1218; baseline 0 -17"><span class='ocrx_word' id='word_1_543' title='bbox 1940 1149 1972 1201; x_wconf 92' lang='lat' dir='ltr'><strong>ii</strong></span> <span class='ocrx_word' id='word_1_544' title='bbox 2005 1149 2092 1218; x_wconf 91' lang='lat' dir='ltr'><strong>qui</strong></span> <span class='ocrx_word' id='word_1_545' title='bbox 2124 1148 2369 1217; x_wconf 86' lang='lat' dir='ltr'><strong>injuriain</strong></span> <span class='ocrx_word' id='word_1_546' title='bbox 2397 1149 2530 1216; x_wconf 85' lang='lat' dir='ltr'><strong>passi</strong></span> <span class='ocrx_word' id='word_1_547' title='bbox 2563 1155 2776 1214; x_wconf 90' lang='lat' dir='ltr'><strong>essent,</strong></span> <span class='ocrx_word' id='word_1_548' title='bbox 2800 1147 2982 1218; x_wconf 91' lang='lat' dir='ltr'><strong>pupilli</strong></span> <span class='ocrx_word' id='word_1_549' title='bbox 3006 1157 3060 1203; x_wconf 90' lang='lat' dir='ltr'><strong>et</strong></span> <span class='ocrx_word' id='word_1_550' title='bbox 3080 1147 3254 1202; x_wconf 68' lang='lat' dir='ltr'><strong>vidua:</strong></span> <span class='ocrx_word' id='word_1_551' title='bbox 3274 1187 3289 1212; x_wconf 95' lang='lat'><strong>,</strong></span> <span class='ocrx_word' id='word_1_552' title='bbox 3324 1147 3431 1201; x_wconf 90' lang='lat' dir='ltr'><strong>illic</strong></span> <span class='ocrx_word' id='word_1_553' title='bbox 3455 1147 3523 1201; x_wconf 87' lang='lat' dir='ltr'><strong>ad</strong></span> 
     </span>
    </p>
   </div>
   <div class='ocr_carea' id='block_1_70' title="bbox 1939 1236 3524 1308">
    <p class='ocr_par' dir='ltr' id='par_1_70' title="bbox 1939 1236 3524 1308">
     <span class='ocr_line' id='line_1_70' title="bbox 1939 1236 3524 1308; baseline -0.001 -17"><span class='ocrx_word' id='word_1_554' title='bbox 1939 1238 2108 1292; x_wconf 87' lang='lat' dir='ltr'><strong>altare</strong></span> <span class='ocrx_word' id='word_1_555' title='bbox 2136 1238 2518 1308; x_wconf 71' lang='lat' dir='ltr'><strong>supplicari-nt.</strong></span> <span class='ocrx_word' id='word_1_556' title='bbox 2551 1238 2724 1308; x_wconf 89' lang='lat' dir='ltr'><strong>thue</strong></span> <span class='ocrx_word' id='word_1_557' title='bbox 2750 1237 2994 1293; x_wconf 89' lang='lat' dir='ltr'><strong>ostendat</strong></span> <span class='ocrx_word' id='word_1_558' title='bbox 3013 1252 3071 1293; x_wconf 90' lang='lat' dir='ltr'><strong>se</strong></span> <span class='ocrx_word' id='word_1_559' title='bbox 3097 1236 3163 1292; x_wconf 90' lang='lat' dir='ltr'><strong>de</strong></span> <span class='ocrx_word' id='word_1_560' title='bbox 3184 1236 3287 1292; x_wconf 90' lang='lat' dir='ltr'><strong>illis</strong></span> <span class='ocrx_word' id='word_1_561' title='bbox 3314 1251 3524 1293; x_wconf 81' lang='lat' dir='ltr'><strong>sermo-</strong></span> 
     </span>
    </p>
   </div>
   <div class='ocr_carea' id='block_1_71' title="bbox 1940 1326 3525 1398">
    <p class='ocr_par' dir='ltr' id='par_1_71' title="bbox 1940 1326 3525 1398">
     <span class='ocr_line' id='line_1_71' title="bbox 1940 1326 3525 1398; baseline -0.002 -16"><span class='ocrx_word' id='word_1_562' title='bbox 1940 1345 2060 1383; x_wconf 91' lang='lat' dir='ltr'><strong>nem</strong></span> <span class='ocrx_word' id='word_1_563' title='bbox 2093 1329 2289 1383; x_wconf 89' lang='lat' dir='ltr'><strong>habere</strong></span> <span class='ocrx_word' id='word_1_564' title='bbox 2309 1369 2323 1394; x_wconf 93' lang='lat'><strong>,</strong></span> <span class='ocrx_word' id='word_1_565' title='bbox 2352 1329 2657 1397; x_wconf 76' lang='lat' dir='ltr'><strong>sulijunxit:</strong></span> <span class='ocrx_word' id='word_1_566' title='bbox 2686 1328 2748 1381; x_wconf 89' lang='lat' dir='ltr'><strong>In</strong></span> <span class='ocrx_word' id='word_1_567' title='bbox 2774 1330 2923 1398; x_wconf 82' lang='lat' dir='ltr'><strong>ﬂetu,</strong></span> <span class='ocrx_word' id='word_1_568' title='bbox 2974 1338 3019 1381; x_wconf 87' lang='lat' dir='ltr'><strong>et</strong></span> <span class='ocrx_word' id='word_1_569' title='bbox 3069 1327 3306 1397; x_wconf 83' lang='lat' dir='ltr'><strong>planctu,</strong></span> <span class='ocrx_word' id='word_1_570' title='bbox 3360 1339 3406 1380; x_wconf 91' lang='lat' dir='ltr'><strong>et</strong></span> <span class='ocrx_word' id='word_1_571' title='bbox 3431 1326 3525 1380; x_wconf 86' lang='lat' dir='ltr'><strong>do-</strong></span> 
     </span>
    </p>
   </div>
   <div class='ocr_carea' id='block_1_72' title="bbox 1939 1418 3523 1489">
    <p class='ocr_par' dir='ltr' id='par_1_72' title="bbox 1939 1418 3523 1489">
     <span class='ocr_line' id='line_1_72' title="bbox 1939 1418 3523 1489; baseline 0.001 -17"><span class='ocrx_word' id='word_1_572' title='bbox 1939 1421 2043 1472; x_wconf 91' lang='lat' dir='ltr'><strong>lore</strong></span> <span class='ocrx_word' id='word_1_573' title='bbox 2075 1419 2232 1489; x_wconf 87' lang='lat' dir='ltr'><strong>(Joet.</strong></span> <span class='ocrx_word' id='word_1_574' title='bbox 2255 1419 2309 1472; x_wconf 71' lang='grc'><strong>2.</strong></span> <span class='ocrx_word' id='word_1_575' title='bbox 2344 1419 2410 1473; x_wconf 71' lang='grc'><strong>12</strong></span> <span class='ocrx_word' id='word_1_576' title='bbox 2439 1420 2479 1489; x_wconf 93' lang='grc'><strong>).</strong></span> <span class='ocrx_word' id='word_1_577' title='bbox 2532 1420 2751 1488; x_wconf 85' lang='lat' dir='ltr'><strong>Insuper</strong></span> <span class='ocrx_word' id='word_1_578' title='bbox 2798 1434 3008 1489; x_wconf 67' lang='lat' dir='ltr'><strong>acquum</strong></span> <span class='ocrx_word' id='word_1_579' title='bbox 3039 1428 3120 1474; x_wconf 90' lang='lat' dir='ltr'><strong>est</strong></span> <span class='ocrx_word' id='word_1_580' title='bbox 3145 1427 3203 1473; x_wconf 90' lang='lat' dir='ltr'><strong>ut</strong></span> <span class='ocrx_word' id='word_1_581' title='bbox 3226 1418 3293 1474; x_wconf 91' lang='lat' dir='ltr'><strong>ad</strong></span> <span class='ocrx_word' id='word_1_582' title='bbox 3320 1419 3523 1474; x_wconf 86' lang='lat' dir='ltr'><strong>hostias</strong></span> 
     </span>
    </p>
   </div>
   <div class='ocr_carea' id='block_1_73' title="bbox 1938 1510 3523 1580">
    <p class='ocr_par' dir='ltr' id='par_1_73' title="bbox 1938 1510 3523 1580">
     <span class='ocr_line' id='line_1_73' title="bbox 1938 1510 3523 1580; baseline -0.002 -16"><span class='ocrx_word' id='word_1_583' title='bbox 1938 1520 2147 1565; x_wconf 88' lang='lat' dir='ltr'><strong>nostras</strong></span> <span class='ocrx_word' id='word_1_584' title='bbox 2171 1512 2407 1564; x_wconf 89' lang='lat' dir='ltr'><strong>animum</strong></span> <span class='ocrx_word' id='word_1_585' title='bbox 2436 1511 2804 1564; x_wconf 87' lang='lat' dir='ltr'><strong>adhibeamus.</strong></span> <span class='ocrx_word' id='word_1_586' title='bbox 2838 1510 3160 1579; x_wconf 90' lang='lat' dir='ltr'><strong>Proponitur</strong></span> <span class='ocrx_word' id='word_1_587' title='bbox 3183 1524 3310 1580; x_wconf 79' lang='lat' dir='ltr'><strong>ergo</strong></span> <span class='ocrx_word' id='word_1_588' title='bbox 3339 1524 3523 1563; x_wconf 80' lang='lat' dir='ltr'><strong>mensa</strong></span> 
     </span>
    </p>
   </div>
   <div class='ocr_carea' id='block_1_74' title="bbox 1936 1597 3525 1669">
    <p class='ocr_par' dir='ltr' id='par_1_74' title="bbox 1936 1597 3525 1669">
     <span class='ocr_line' id='line_1_74' title="bbox 1936 1597 3525 1669; baseline 0.001 -18"><span class='ocrx_word' id='word_1_589' title='bbox 1936 1599 2160 1663; x_wconf 76' lang='lat' dir='ltr'><strong>animae,</strong></span> <span class='ocrx_word' id='word_1_590' title='bbox 2193 1614 2385 1669; x_wconf 90' lang='lat' dir='ltr'><strong>nempe</strong></span> <span class='ocrx_word' id='word_1_591' title='bbox 2417 1600 2506 1652; x_wconf 88' lang='lat' dir='ltr'><strong>Dei</strong></span> <span class='ocrx_word' id='word_1_592' title='bbox 2535 1600 2777 1653; x_wconf 82' lang='lat' dir='ltr'><strong>verbum.</strong></span> <span class='ocrx_word' id='word_1_593' title='bbox 2820 1597 3027 1669; x_wconf 93' lang='lat' dir='ltr'><strong>Corpus</strong></span> <span class='ocrx_word' id='word_1_594' title='bbox 3050 1599 3257 1666; x_wconf 88' lang='lat' dir='ltr'><strong>jejunio</strong></span> <span class='ocrx_word' id='word_1_595' title='bbox 3288 1597 3525 1653; x_wconf 84' lang='lat' dir='ltr'><strong>sanctiﬁ-</strong></span> 
     </span>
    </p>
   </div>
   <div class='ocr_carea' id='block_1_75' title="bbox 1938 1689 3524 1759">
    <p class='ocr_par' dir='ltr' id='par_1_75' title="bbox 1938 1689 3524 1759">
     <span class='ocr_line' id='line_1_75' title="bbox 1938 1689 3524 1759; baseline 0.001 -16"><span class='ocrx_word' id='word_1_596' title='bbox 1938 1699 2106 1755; x_wconf 90' lang='lat' dir='ltr'><strong>catur,</strong></span> <span class='ocrx_word' id='word_1_597' title='bbox 2131 1691 2305 1744; x_wconf 87' lang='lat' dir='ltr'><strong>anima</strong></span> <span class='ocrx_word' id='word_1_598' title='bbox 2324 1691 2442 1743; x_wconf 91' lang='lat' dir='ltr'><strong>cibo</strong></span> <span class='ocrx_word' id='word_1_599' title='bbox 2464 1705 2655 1759; x_wconf 73' lang='lat' dir='ltr'><strong>expers</strong></span> <span class='ocrx_word' id='word_1_600' title='bbox 2674 1691 3055 1759; x_wconf 89' lang='lat' dir='ltr'><strong>corrumpitur.</strong></span> <span class='ocrx_word' id='word_1_601' title='bbox 3088 1689 3302 1746; x_wconf 87' lang='lat' dir='ltr'><strong>Utinam</strong></span> <span class='ocrx_word' id='word_1_602' title='bbox 3328 1703 3524 1759; x_wconf 89' lang='lat' dir='ltr'><strong>corpus</strong></span> 
     </span>
    </p>
   </div>
   <div class='ocr_carea' id='block_1_76' title="bbox 1932 1781 3516 1852">
    <p class='ocr_par' dir='ltr' id='par_1_76' title="bbox 1932 1781 3516 1852">
     <span class='ocr_line' id='line_1_76' title="bbox 1932 1781 3516 1852; baseline -0.001 -15"><span class='ocrx_word' id='word_1_603' title='bbox 1932 1782 2139 1852; x_wconf 85' lang='lat' dir='ltr'><strong>jcjunet</strong></span> <span class='ocrx_word' id='word_1_604' title='bbox 2166 1800 2193 1835; x_wconf 87' lang='lat' dir='ltr'><strong>a</strong></span> <span class='ocrx_word' id='word_1_605' title='bbox 2228 1784 2458 1851; x_wconf 88' lang='lat' dir='ltr'><strong>peccatis</strong></span> <span class='ocrx_word' id='word_1_606' title='bbox 2478 1822 2496 1850; x_wconf 87' lang='lat'><strong>,</strong></span> <span class='ocrx_word' id='word_1_607' title='bbox 2522 1783 2694 1836; x_wconf 88' lang='lat' dir='ltr'><strong>anima</strong></span> <span class='ocrx_word' id='word_1_608' title='bbox 2719 1797 2847 1838; x_wconf 88' lang='lat' dir='ltr'><strong>vero</strong></span> <span class='ocrx_word' id='word_1_609' title='bbox 2872 1783 2925 1837; x_wconf 93' lang='lat' dir='ltr'><strong>in</strong></span> <span class='ocrx_word' id='word_1_610' title='bbox 2948 1781 3141 1837; x_wconf 89' lang='lat' dir='ltr'><strong>divinis</strong></span> <span class='ocrx_word' id='word_1_611' title='bbox 3177 1781 3516 1837; x_wconf 86' lang='lat' dir='ltr'><strong>documentis</strong></span> 
     </span>
    </p>
   </div>
   <div class='ocr_carea' id='block_1_77' title="bbox 1936 1874 3524 1946">
    <p class='ocr_par' dir='ltr' id='par_1_77' title="bbox 1936 1874 3524 1946">
     <span class='ocr_line' id='line_1_77' title="bbox 1936 1874 3524 1946; baseline 0.001 -17"><span class='ocrx_word' id='word_1_612' title='bbox 1936 1875 2274 1930; x_wconf 75' lang='lat' dir='ltr'><strong>conviveturl</strong></span> <span class='ocrx_word' id='word_1_613' title='bbox 2309 1874 2424 1930; x_wconf 84' lang='lat' dir='ltr'><strong>Non</strong></span> <span class='ocrx_word' id='word_1_614' title='bbox 2466 1886 2620 1946; x_wconf 89' lang='lat' dir='ltr'><strong>potes</strong></span> <span class='ocrx_word' id='word_1_615' title='bbox 2645 1874 2929 1931; x_wconf 89' lang='lat' dir='ltr'><strong>comedere</strong></span> <span class='ocrx_word' id='word_1_616' title='bbox 2950 1890 3139 1946; x_wconf 90' lang='lat' dir='ltr'><strong>panem</strong></span> <span class='ocrx_word' id='word_1_617' title='bbox 3182 1875 3419 1942; x_wconf 84' lang='lat' dir='ltr'><strong>Christi,</strong></span> <span class='ocrx_word' id='word_1_618' title='bbox 3468 1884 3524 1930; x_wconf 87' lang='lat' dir='ltr'><strong>et</strong></span> 
     </span>
    </p>
   </div>
   <div class='ocr_carea' id='block_1_78' title="bbox 1936 1966 3522 2039">
    <p class='ocr_par' dir='ltr' id='par_1_78' title="bbox 1936 1966 3522 2039">
     <span class='ocr_line' id='line_1_78' title="bbox 1936 1966 3522 2039; baseline 0 -20"><span class='ocrx_word' id='word_1_619' title='bbox 1936 1982 2125 2036; x_wconf 90' lang='lat' dir='ltr'><strong>panem</strong></span> <span class='ocrx_word' id='word_1_620' title='bbox 2156 1968 2510 2039; x_wconf 81' lang='lat' dir='ltr'><strong>lacrymarum</strong></span> <span class='ocrx_word' id='word_1_621' title='bbox 2536 2009 2551 2031; x_wconf 95' lang='lat'><strong>,</strong></span> <span class='ocrx_word' id='word_1_622' title='bbox 2577 1977 2633 2021; x_wconf 93' lang='lat' dir='ltr'><strong>ut</strong></span> <span class='ocrx_word' id='word_1_623' title='bbox 2661 1968 2733 2021; x_wconf 89' lang='lat' dir='ltr'><strong>ait</strong></span> <span class='ocrx_word' id='word_1_624' title='bbox 2760 1966 2954 2022; x_wconf 86' lang='lat' dir='ltr'><strong>Paulus</strong></span> <span class='ocrx_word' id='word_1_625' title='bbox 2985 1984 2996 2019; x_wconf 91' lang='lat'>:</span> <span class='ocrx_word' id='word_1_626' title='bbox 3031 1966 3152 2020; x_wconf 88' lang='lat' dir='ltr'><strong>Non</strong></span> <span class='ocrx_word' id='word_1_627' title='bbox 3174 1967 3378 2035; x_wconf 86' lang='lat' dir='ltr'><strong>potestis</strong></span> <span class='ocrx_word' id='word_1_628' title='bbox 3403 1982 3522 2036; x_wconf 86' lang='lat' dir='ltr'><strong>par-</strong></span> 
     </span>
    </p>
   </div>
   <div class='ocr_carea' id='block_1_79' title="bbox 1936 2056 3518 2128">
    <p class='ocr_par' dir='ltr' id='par_1_79' title="bbox 1936 2056 3518 2128">
     <span class='ocr_line' id='line_1_79' title="bbox 1936 2056 3518 2128; baseline -0.001 -17"><span class='ocrx_word' id='word_1_629' title='bbox 1936 2059 2108 2128; x_wconf 87' lang='lat' dir='ltr'><strong>ticipes</strong></span> <span class='ocrx_word' id='word_1_630' title='bbox 2139 2075 2244 2112; x_wconf 84' lang='lat' dir='ltr'><strong>esse</strong></span> <span class='ocrx_word' id='word_1_631' title='bbox 2288 2076 2473 2113; x_wconf 79' lang='lat' dir='ltr'><strong>mensa:</strong></span> <span class='ocrx_word' id='word_1_632' title='bbox 2501 2058 2722 2123; x_wconf 87' lang='lat' dir='ltr'><strong>Christi,</strong></span> <span class='ocrx_word' id='word_1_633' title='bbox 2746 2068 2790 2113; x_wconf 90' lang='lat' dir='ltr'><strong>et</strong></span> <span class='ocrx_word' id='word_1_634' title='bbox 2818 2073 3000 2112; x_wconf 76' lang='lat' dir='ltr'><strong>mensa:</strong></span> <span class='ocrx_word' id='word_1_635' title='bbox 3041 2057 3403 2115; x_wconf 78' lang='lat' dir='ltr'><strong>dcemoniorum</strong></span> <span class='ocrx_word' id='word_1_636' title='bbox 3442 2056 3518 2122; x_wconf 76' lang='grc'><strong>(1.</strong></span> 
     </span>
    </p>
   </div>
   <div class='ocr_carea' id='block_1_80' title="bbox 1934 2148 3518 2222">
    <p class='ocr_par' dir='ltr' id='par_1_80' title="bbox 1934 2148 3518 2222">
     <span class='ocr_line' id='line_1_80' title="bbox 1934 2148 3518 2222; baseline 0.001 -19"><span class='ocrx_word' id='word_1_637' title='bbox 1934 2148 2051 2204; x_wconf 87' lang='lat' dir='ltr'><strong>Cor.</strong></span> <span class='ocrx_word' id='word_1_638' title='bbox 2079 2149 2163 2204; x_wconf 89' lang='grc'><strong>10.</strong></span> <span class='ocrx_word' id='word_1_639' title='bbox 2184 2150 2298 2219; x_wconf 62' lang='lat' dir='ltr'><strong>Si).</strong></span> <span class='ocrx_word' id='word_1_640' title='bbox 2322 2152 2486 2207; x_wconf 90' lang='lat' dir='ltr'><strong>Debet</strong></span> <span class='ocrx_word' id='word_1_641' title='bbox 2511 2166 2637 2222; x_wconf 79' lang='lat' dir='ltr'><strong>ergo</strong></span> <span class='ocrx_word' id='word_1_642' title='bbox 2652 2151 2697 2206; x_wconf 91' lang='lat' dir='ltr'><strong>is</strong></span> <span class='ocrx_word' id='word_1_643' title='bbox 2714 2152 2799 2222; x_wconf 89' lang='lat' dir='ltr'><strong>qui</strong></span> <span class='ocrx_word' id='word_1_644' title='bbox 2824 2150 3309 2222; x_wconf 85' lang='lat' dir='ltr'><strong>jejunatabstinere</strong></span> <span class='ocrx_word' id='word_1_645' title='bbox 3331 2166 3359 2204; x_wconf 88' lang='lat' dir='ltr'><strong>a</strong></span> <span class='ocrx_word' id='word_1_646' title='bbox 3377 2149 3518 2217; x_wconf 76' lang='lat' dir='ltr'><strong>cibo,</strong></span> 
     </span>
    </p>
   </div>
   <div class='ocr_carea' id='block_1_81' title="bbox 1934 2241 3519 2312">
    <p class='ocr_par' dir='ltr' id='par_1_81' title="bbox 1934 2241 3519 2312">
     <span class='ocr_line' id='line_1_81' title="bbox 1934 2241 3519 2312; baseline -0.001 -17"><span class='ocrx_word' id='word_1_647' title='bbox 1934 2242 2026 2296; x_wconf 92' lang='lat' dir='ltr'><strong>sed</strong></span> <span class='ocrx_word' id='word_1_648' title='bbox 2065 2244 2327 2312; x_wconf 73' lang='lat' dir='ltr'><strong>prmcipue</strong></span> <span class='ocrx_word' id='word_1_649' title='bbox 2349 2258 2377 2297; x_wconf 90' lang='lat' dir='ltr'><strong>a</strong></span> <span class='ocrx_word' id='word_1_650' title='bbox 2415 2245 2666 2312; x_wconf 89' lang='lat' dir='ltr'><strong>peccatis.</strong></span> <span class='ocrx_word' id='word_1_651' title='bbox 2702 2243 2911 2297; x_wconf 82' lang='lat' dir='ltr'><strong>Etenim</strong></span> <span class='ocrx_word' id='word_1_652' title='bbox 2940 2242 3112 2310; x_wconf 80' lang='lat' dir='ltr'><strong>angeli</strong></span> <span class='ocrx_word' id='word_1_653' title='bbox 3160 2241 3396 2311; x_wconf 89' lang='lat' dir='ltr'><strong>quotidie</strong></span> <span class='ocrx_word' id='word_1_654' title='bbox 3426 2255 3519 2295; x_wconf 87' lang='lat' dir='ltr'><strong>no-</strong></span> 
     </span>
    </p>
   </div>
   <div class='ocr_carea' id='block_1_82' title="bbox 1937 2331 3518 2403">
    <p class='ocr_par' dir='ltr' id='par_1_82' title="bbox 1937 2331 3518 2403">
     <span class='ocr_line' id='line_1_82' title="bbox 1937 2331 3518 2403; baseline -0.001 -17"><span class='ocrx_word' id='word_1_655' title='bbox 1937 2342 2083 2398; x_wconf 89' lang='lat' dir='ltr'><strong>tant,</strong></span> <span class='ocrx_word' id='word_1_656' title='bbox 2128 2336 2245 2403; x_wconf 91' lang='lat' dir='ltr'><strong>quis</strong></span> <span class='ocrx_word' id='word_1_657' title='bbox 2274 2335 2612 2403; x_wconf 86' lang='lat' dir='ltr'><strong>proposuerit</strong></span> <span class='ocrx_word' id='word_1_658' title='bbox 2654 2334 2923 2389; x_wconf 87' lang='lat' dir='ltr'><strong>abstinere</strong></span> <span class='ocrx_word' id='word_1_659' title='bbox 2964 2333 3031 2387; x_wconf 90' lang='lat' dir='ltr'><strong>ab</strong></span> <span class='ocrx_word' id='word_1_660' title='bbox 3072 2331 3323 2397; x_wconf 79' lang='lat' dir='ltr'><strong>avaritia,</strong></span> <span class='ocrx_word' id='word_1_661' title='bbox 3372 2341 3457 2386; x_wconf 89' lang='lat' dir='ltr'><strong>aut</strong></span> <span class='ocrx_word' id='word_1_662' title='bbox 3487 2346 3518 2385; x_wconf 89' lang='lat' dir='ltr'><strong>a</strong></span> 
     </span>
    </p>
   </div>
   <div class='ocr_carea' id='block_1_83' title="bbox 1935 2421 3521 2493">
    <p class='ocr_par' dir='ltr' id='par_1_83' title="bbox 1935 2421 3521 2493">
     <span class='ocr_line' id='line_1_83' title="bbox 1935 2421 3521 2493; baseline 0.001 -17"><span class='ocrx_word' id='word_1_663' title='bbox 1935 2421 2303 2486; x_wconf 80' lang='lat' dir='ltr'><strong>fornicatione,</strong></span> <span class='ocrx_word' id='word_1_664' title='bbox 2341 2434 2434 2479; x_wconf 89' lang='lat' dir='ltr'><strong>aut</strong></span> <span class='ocrx_word' id='word_1_665' title='bbox 2455 2425 2520 2479; x_wconf 85' lang='lat' dir='ltr'><strong>ab</strong></span> <span class='ocrx_word' id='word_1_666' title='bbox 2552 2424 2844 2493; x_wconf 85' lang='lat' dir='ltr'><strong>iniquitate.</strong></span> <span class='ocrx_word' id='word_1_667' title='bbox 2878 2423 3001 2478; x_wconf 74' lang='lat' dir='ltr'><strong>[hec</strong></span> <span class='ocrx_word' id='word_1_668' title='bbox 3019 2422 3212 2493; x_wconf 85' lang='lat' dir='ltr'><strong>quippe</strong></span> <span class='ocrx_word' id='word_1_669' title='bbox 3239 2421 3439 2492; x_wconf 89' lang='lat' dir='ltr'><strong>jejunia</strong></span> <span class='ocrx_word' id='word_1_670' title='bbox 3467 2431 3521 2477; x_wconf 88' lang='lat' dir='ltr'><strong>et</strong></span> 
     </span>
    </p>
   </div>
   <div class='ocr_carea' id='block_1_84' title="bbox 1932 2509 3515 2582">
    <p class='ocr_par' dir='ltr' id='par_1_84' title="bbox 1932 2509 3515 2582">
     <span class='ocr_line' id='line_1_84' title="bbox 1932 2509 3515 2582; baseline -0.001 -16"><span class='ocrx_word' id='word_1_671' title='bbox 1932 2514 2105 2582; x_wconf 82' lang='lat' dir='ltr'><strong>angeli</strong></span> <span class='ocrx_word' id='word_1_672' title='bbox 2158 2514 2528 2581; x_wconf 83' lang='lat' dir='ltr'><strong>perscribunt.</strong></span> <span class='ocrx_word' id='word_1_673' title='bbox 2580 2524 2634 2567; x_wconf 91' lang='lat' dir='ltr'><strong>et</strong></span> <span class='ocrx_word' id='word_1_674' title='bbox 2676 2516 2812 2568; x_wconf 92' lang='lat' dir='ltr'><strong>Deus</strong></span> <span class='ocrx_word' id='word_1_675' title='bbox 2858 2514 2907 2566; x_wconf 89' lang='lat' dir='ltr'><strong>in</strong></span> <span class='ocrx_word' id='word_1_676' title='bbox 2954 2512 3205 2568; x_wconf 87' lang='lat' dir='ltr'><strong>thesauro</strong></span> <span class='ocrx_word' id='word_1_677' title='bbox 3256 2509 3515 2567; x_wconf 87' lang='lat' dir='ltr'><strong>recondit.</strong></span> 
     </span>
    </p>
   </div>
   <div class='ocr_carea' id='block_1_85' title="bbox 1934 2603 3518 2674">
    <p class='ocr_par' dir='ltr' id='par_1_85' title="bbox 1934 2603 3518 2674">
     <span class='ocr_line' id='line_1_85' title="bbox 1934 2603 3518 2674; baseline -0.001 -15"><span class='ocrx_word' id='word_1_678' title='bbox 1934 2606 2389 2672; x_wconf 87' lang='lat' dir='ltr'><strong>Quemadmodum</strong></span> <span class='ocrx_word' id='word_1_679' title='bbox 2418 2607 2557 2661; x_wconf 87' lang='lat' dir='ltr'><strong>enim</strong></span> <span class='ocrx_word' id='word_1_680' title='bbox 2578 2648 2590 2669; x_wconf 96' lang='lat'><strong>,</strong></span> <span class='ocrx_word' id='word_1_681' title='bbox 2617 2606 2806 2661; x_wconf 85' lang='lat' dir='ltr'><strong>fratres</strong></span> <span class='ocrx_word' id='word_1_682' title='bbox 2828 2647 2841 2669; x_wconf 90' lang='lat'><strong>,</strong></span> <span class='ocrx_word' id='word_1_683' title='bbox 2867 2605 2941 2659; x_wconf 85' lang='lat' dir='ltr'><strong>illi</strong></span> <span class='ocrx_word' id='word_1_684' title='bbox 2974 2605 3069 2659; x_wconf 82' lang='lat' dir='ltr'><strong>viri</strong></span> <span class='ocrx_word' id='word_1_685' title='bbox 3101 2604 3337 2674; x_wconf 90' lang='lat' dir='ltr'><strong>primarii</strong></span> <span class='ocrx_word' id='word_1_686' title='bbox 3369 2603 3457 2674; x_wconf 88' lang='lat' dir='ltr'><strong>qui</strong></span> <span class='ocrx_word' id='word_1_687' title='bbox 3488 2618 3518 2657; x_wconf 88' lang='lat' dir='ltr'><strong>a</strong></span> 
     </span>
    </p>
   </div>
   <div class='ocr_carea' id='block_1_86' title="bbox 1934 2697 3515 2767">
    <p class='ocr_par' dir='ltr' id='par_1_86' title="bbox 1934 2697 3515 2767">
     <span class='ocr_line' id='line_1_86' title="bbox 1934 2697 3515 2767; baseline -0.001 -15"><span class='ocrx_word' id='word_1_688' title='bbox 1934 2699 2128 2753; x_wconf 87' lang='lat' dir='ltr'><strong>libellis</strong></span> <span class='ocrx_word' id='word_1_689' title='bbox 2157 2699 2482 2767; x_wconf 86' lang='lat' dir='ltr'><strong>supplicibus</strong></span> <span class='ocrx_word' id='word_1_690' title='bbox 2504 2709 2627 2752; x_wconf 87' lang='lat' dir='ltr'><strong>sunt</strong></span> <span class='ocrx_word' id='word_1_691' title='bbox 2648 2698 2958 2767; x_wconf 86' lang='lat' dir='ltr'><strong>Imperatori</strong></span> <span class='ocrx_word' id='word_1_692' title='bbox 2984 2707 3176 2752; x_wconf 89' lang='lat' dir='ltr'><strong>cuncta</strong></span> <span class='ocrx_word' id='word_1_693' title='bbox 3207 2697 3478 2752; x_wconf 89' lang='lat' dir='ltr'><strong>declarant</strong></span> <span class='ocrx_word' id='word_1_694' title='bbox 3502 2712 3515 2751; x_wconf 89' lang='lat'><strong>:</strong></span> 
     </span>
    </p>
   </div>
   <div class='ocr_carea' id='block_1_87' title="bbox 1932 2788 3518 2860">
    <p class='ocr_par' dir='ltr' id='par_1_87' title="bbox 1932 2788 3518 2860">
     <span class='ocr_line' id='line_1_87' title="bbox 1932 2788 3518 2860; baseline -0.001 -15"><span class='ocrx_word' id='word_1_695' title='bbox 1932 2792 2010 2845; x_wconf 88' lang='lat' dir='ltr'><strong>sic</strong></span> <span class='ocrx_word' id='word_1_696' title='bbox 2036 2800 2087 2844; x_wconf 90' lang='lat' dir='ltr'><strong>et</strong></span> <span class='ocrx_word' id='word_1_697' title='bbox 2118 2791 2290 2859; x_wconf 83' lang='lat' dir='ltr'><strong>angeli</strong></span> <span class='ocrx_word' id='word_1_698' title='bbox 2319 2806 2379 2845; x_wconf 88' lang='lat' dir='ltr'><strong>ea</strong></span> <span class='ocrx_word' id='word_1_699' title='bbox 2407 2806 2525 2859; x_wconf 77' lang='lat' dir='ltr'><strong>qua:</strong></span> <span class='ocrx_word' id='word_1_700' title='bbox 2555 2790 2685 2845; x_wconf 87' lang='lat' dir='ltr'><strong>ﬁunt</strong></span> <span class='ocrx_word' id='word_1_701' title='bbox 2713 2791 2888 2845; x_wconf 92' lang='lat' dir='ltr'><strong>omnia</strong></span> <span class='ocrx_word' id='word_1_702' title='bbox 2920 2790 3028 2845; x_wconf 94' lang='lat' dir='ltr'><strong>Deo</strong></span> <span class='ocrx_word' id='word_1_703' title='bbox 3051 2788 3375 2860; x_wconf 78' lang='lat' dir='ltr'><strong>signiﬁcant,</strong></span> <span class='ocrx_word' id='word_1_704' title='bbox 3412 2802 3518 2843; x_wconf 91' lang='lat' dir='ltr'><strong>non</strong></span> 
     </span>
    </p>
   </div>
   <div class='ocr_carea' id='block_1_88' title="bbox 1936 2882 3522 2952">
    <p class='ocr_par' dir='ltr' id='par_1_88' title="bbox 1936 2882 3522 2952">
     <span class='ocr_line' id='line_1_88' title="bbox 1936 2882 3522 2952; baseline 0 -15"><span class='ocrx_word' id='word_1_705' title='bbox 1936 2885 2266 2952; x_wconf 81' lang='lat' dir='ltr'><strong>ignorantem</strong></span> <span class='ocrx_word' id='word_1_706' title='bbox 2296 2883 2555 2938; x_wconf 89' lang='lat' dir='ltr'><strong>docentes</strong></span> <span class='ocrx_word' id='word_1_707' title='bbox 2578 2923 2592 2948; x_wconf 92' lang='lat'><strong>,</strong></span> <span class='ocrx_word' id='word_1_708' title='bbox 2617 2882 2709 2938; x_wconf 90' lang='lat' dir='ltr'><strong>sed</strong></span> <span class='ocrx_word' id='word_1_709' title='bbox 2741 2882 3077 2938; x_wconf 68' lang='lat' dir='ltr'><strong>ministrandi</strong></span> <span class='ocrx_word' id='word_1_710' title='bbox 3107 2883 3348 2939; x_wconf 86' lang='lat' dir='ltr'><strong>ordinem</strong></span> <span class='ocrx_word' id='word_1_711' title='bbox 3379 2898 3522 2938; x_wconf 84' lang='lat' dir='ltr'><strong>crea-</strong></span> 
     </span>
    </p>
   </div>
   <div class='ocr_carea' id='block_1_89' title="bbox 1936 2974 3521 3047">
    <p class='ocr_par' dir='ltr' id='par_1_89' title="bbox 1936 2974 3521 3047">
     <span class='ocr_line' id='line_1_89' title="bbox 1936 2974 3521 3047; baseline -0.002 -16"><span class='ocrx_word' id='word_1_712' title='bbox 1936 2988 2069 3031; x_wconf 72' lang='lat' dir='ltr'><strong>tura:</strong></span> <span class='ocrx_word' id='word_1_713' title='bbox 2098 2978 2401 3047; x_wconf 89' lang='lat' dir='ltr'><strong>implentes.</strong></span> <span class='ocrx_word' id='word_1_714' title='bbox 2437 2978 2545 3045; x_wconf 63' lang='lat' dir='ltr'><strong>ligo</strong></span> <span class='ocrx_word' id='word_1_715' title='bbox 2592 2977 2896 3033; x_wconf 82' lang='lat' dir='ltr'><strong>sexcenties</strong></span> <span class='ocrx_word' id='word_1_716' title='bbox 2940 2974 3231 3031; x_wconf 88' lang='lat' dir='ltr'><strong>beatiorem</strong></span> <span class='ocrx_word' id='word_1_717' title='bbox 3265 2974 3521 3045; x_wconf 62' lang='lat' dir='ltr'><strong>pradica-</strong></span> 
     </span>
    </p>
   </div>
   <div class='ocr_carea' id='block_1_90' title="bbox 1935 3066 3522 3136">
    <p class='ocr_par' dir='ltr' id='par_1_90' title="bbox 1935 3066 3522 3136">
     <span class='ocr_line' id='line_1_90' title="bbox 1935 3066 3522 3136; baseline -0.001 -15"><span class='ocrx_word' id='word_1_718' title='bbox 1935 3069 2101 3122; x_wconf 87' lang='lat' dir='ltr'><strong>vcrim</strong></span> <span class='ocrx_word' id='word_1_719' title='bbox 2162 3069 2569 3134; x_wconf 89' lang='lat' dir='ltr'><strong>comedentem,</strong></span> <span class='ocrx_word' id='word_1_720' title='bbox 2619 3083 2774 3136; x_wconf 89' lang='lat' dir='ltr'><strong>quam</strong></span> <span class='ocrx_word' id='word_1_721' title='bbox 2833 3067 3163 3136; x_wconf 87' lang='lat' dir='ltr'><strong>jejunanlem</strong></span> <span class='ocrx_word' id='word_1_722' title='bbox 3231 3077 3285 3121; x_wconf 87' lang='lat' dir='ltr'><strong>et</strong></span> <span class='ocrx_word' id='word_1_723' title='bbox 3340 3066 3522 3135; x_wconf 85' lang='lat' dir='ltr'><strong>iniquo</strong></span> 
     </span>
    </p>
   </div>
   <div class='ocr_carea' id='block_1_91' title="bbox 1935 3155 3521 3230">
    <p class='ocr_par' dir='ltr' id='par_1_91' title="bbox 1935 3155 3521 3230">
     <span class='ocr_line' id='line_1_91' title="bbox 1935 3155 3521 3230; baseline -0.002 -17"><span class='ocrx_word' id='word_1_724' title='bbox 1935 3170 2200 3230; x_wconf 82' lang='lat' dir='ltr'><strong>agentem.</strong></span> <span class='ocrx_word' id='word_1_725' title='bbox 2236 3162 2357 3213; x_wconf 71' lang='lat' dir='ltr'><strong>llme</strong></span> <span class='ocrx_word' id='word_1_726' title='bbox 2385 3160 2542 3222; x_wconf 89' lang='lat' dir='ltr'><strong>dico,</strong></span> <span class='ocrx_word' id='word_1_727' title='bbox 2594 3174 2697 3214; x_wconf 90' lang='lat' dir='ltr'><strong>non</strong></span> <span class='ocrx_word' id='word_1_728' title='bbox 2722 3159 2979 3228; x_wconf 85' lang='lat' dir='ltr'><strong>jejunium</strong></span> <span class='ocrx_word' id='word_1_729' title='bbox 3007 3158 3217 3213; x_wconf 88' lang='lat' dir='ltr'><strong>solvens</strong></span> <span class='ocrx_word' id='word_1_730' title='bbox 3236 3197 3250 3220; x_wconf 92' lang='lat'><strong>,</strong></span> <span class='ocrx_word' id='word_1_731' title='bbox 3282 3155 3376 3211; x_wconf 89' lang='lat' dir='ltr'><strong>sed</strong></span> <span class='ocrx_word' id='word_1_732' title='bbox 3405 3156 3521 3225; x_wconf 90' lang='lat' dir='ltr'><strong>pie-</strong></span> 
     </span>
    </p>
   </div>
   <div class='ocr_carea' id='block_1_92' title="bbox 1938 3245 3519 3321">
    <p class='ocr_par' dir='ltr' id='par_1_92' title="bbox 1938 3245 3519 3321">
     <span class='ocr_line' id='line_1_92' title="bbox 1938 3245 3519 3321; baseline -0.002 -17"><span class='ocrx_word' id='word_1_733' title='bbox 1938 3261 2098 3305; x_wconf 83' lang='lat' dir='ltr'><strong>tatem</strong></span> <span class='ocrx_word' id='word_1_734' title='bbox 2127 3251 2440 3321; x_wconf 71' lang='lat' dir='ltr'><strong>prmdicans.</strong></span> <span class='ocrx_word' id='word_1_735' title='bbox 2494 3250 2605 3304; x_wconf 81' lang='lat' dir='ltr'><strong>Non</strong></span> <span class='ocrx_word' id='word_1_736' title='bbox 2648 3251 2788 3304; x_wconf 89' lang='lat' dir='ltr'><strong>enim</strong></span> <span class='ocrx_word' id='word_1_737' title='bbox 2830 3248 3113 3303; x_wconf 89' lang='lat' dir='ltr'><strong>comedere</strong></span> <span class='ocrx_word' id='word_1_738' title='bbox 3156 3248 3382 3311; x_wconf 89' lang='lat' dir='ltr'><strong>malum,</strong></span> <span class='ocrx_word' id='word_1_739' title='bbox 3424 3245 3519 3301; x_wconf 78' lang='lat' dir='ltr'><strong>sed</strong></span> 
     </span>
    </p>
   </div>
   <div class='ocr_carea' id='block_1_93' title="bbox 1937 3339 3522 3413">
    <p class='ocr_par' dir='ltr' id='par_1_93' title="bbox 1937 3339 3522 3413">
     <span class='ocr_line' id='line_1_93' title="bbox 1937 3339 3522 3413; baseline -0.002 -15"><span class='ocrx_word' id='word_1_740' title='bbox 1937 3358 2159 3412; x_wconf 82' lang='lat' dir='ltr'><strong>peccare</strong></span> <span class='ocrx_word' id='word_1_741' title='bbox 2203 3358 2422 3413; x_wconf 84' lang='lat' dir='ltr'><strong>pravum</strong></span> <span class='ocrx_word' id='word_1_742' title='bbox 2453 3351 2562 3405; x_wconf 71' lang='lat' dir='ltr'><strong>est,</strong></span> <span class='ocrx_word' id='word_1_743' title='bbox 2608 3341 3054 3412; x_wconf 85' lang='lat' dir='ltr'><strong>quemadmodum</strong></span> <span class='ocrx_word' id='word_1_744' title='bbox 3099 3340 3227 3395; x_wconf 87' lang='lat' dir='ltr'><strong>dicit</strong></span> <span class='ocrx_word' id='word_1_745' title='bbox 3275 3340 3413 3395; x_wconf 87' lang='lat' dir='ltr'><strong>Deus</strong></span> <span class='ocrx_word' id='word_1_746' title='bbox 3452 3339 3522 3395; x_wconf 84' lang='lat' dir='ltr'><strong>de</strong></span> 
     </span>
    </p>
   </div>
   <div class='ocr_carea' id='block_1_94' title="bbox 1931 3430 3521 3501">
    <p class='ocr_par' dir='ltr' id='par_1_94' title="bbox 1931 3430 3521 3501">
     <span class='ocr_line' id='line_1_94' title="bbox 1931 3430 3521 3501; baseline -0.001 -18"><span class='ocrx_word' id='word_1_747' title='bbox 1931 3432 2075 3500; x_wconf 92' lang='lat' dir='ltr'><strong>justo</strong></span> <span class='ocrx_word' id='word_1_748' title='bbox 2100 3432 2328 3501; x_wconf 91' lang='lat' dir='ltr'><strong>quodam</strong></span> <span class='ocrx_word' id='word_1_749' title='bbox 2360 3449 2372 3483; x_wconf 90' lang='lat'>:</span> <span class='ocrx_word' id='word_1_750' title='bbox 2404 3430 2561 3483; x_wconf 85' lang='lat' dir='ltr'><strong>Pater</strong></span> <span class='ocrx_word' id='word_1_751' title='bbox 2583 3442 2696 3485; x_wconf 83' lang='lat' dir='ltr'><strong>tuus</strong></span> <span class='ocrx_word' id='word_1_752' title='bbox 2727 3447 2891 3484; x_wconf 86' lang='lat' dir='ltr'><strong>nonne</strong></span> <span class='ocrx_word' id='word_1_753' title='bbox 2916 3430 3170 3496; x_wconf 87' lang='lat' dir='ltr'><strong>comedit,</strong></span> <span class='ocrx_word' id='word_1_754' title='bbox 3200 3438 3246 3483; x_wconf 86' lang='lat' dir='ltr'><strong>et</strong></span> <span class='ocrx_word' id='word_1_755' title='bbox 3285 3430 3521 3483; x_wconf 75' lang='lat' dir='ltr'><strong>volunta-</strong></span> 
     </span>
    </p>
   </div>
   <div class='ocr_carea' id='block_1_95' title="bbox 1939 3521 3523 3595">
    <p class='ocr_par' dir='ltr' id='par_1_95' title="bbox 1939 3521 3523 3595">
     <span class='ocr_line' id='line_1_95' title="bbox 1939 3521 3523 3595; baseline -0.002 -18"><span class='ocrx_word' id='word_1_756' title='bbox 1939 3536 2034 3578; x_wconf 76' lang='lat' dir='ltr'><strong>tem</strong></span> <span class='ocrx_word' id='word_1_757' title='bbox 2059 3541 2218 3578; x_wconf 89' lang='lat' dir='ltr'><strong>meam</strong></span> <span class='ocrx_word' id='word_1_758' title='bbox 2249 3525 2363 3595; x_wconf 81' lang='lat' dir='ltr'><strong>fecit</strong></span> <span class='ocrx_word' id='word_1_759' title='bbox 2394 3523 2576 3595; x_wconf 87' lang='lat' dir='ltr'><strong>(Zach.</strong></span> <span class='ocrx_word' id='word_1_760' title='bbox 2613 3524 2665 3578; x_wconf 88' lang='lat'><strong>8.</strong></span> <span class='ocrx_word' id='word_1_761' title='bbox 2719 3522 2852 3593; x_wconf 75' lang='lat' dir='ltr'><strong>i9)?</strong></span> <span class='ocrx_word' id='word_1_762' title='bbox 2883 3523 2971 3577; x_wconf 90' lang='lat' dir='ltr'><strong>Sic</strong></span> <span class='ocrx_word' id='word_1_763' title='bbox 2991 3534 3044 3578; x_wconf 89' lang='lat' dir='ltr'><strong>et</strong></span> <span class='ocrx_word' id='word_1_764' title='bbox 3069 3522 3192 3577; x_wconf 88' lang='lat' dir='ltr'><strong>alibi</strong></span> <span class='ocrx_word' id='word_1_765' title='bbox 3221 3539 3233 3575; x_wconf 88' lang='lat'>:</span> <span class='ocrx_word' id='word_1_766' title='bbox 3261 3521 3523 3592; x_wconf 82' lang='lat' dir='ltr'><strong>Jejunium</strong></span> 
     </span>
    </p>
   </div>
   <div class='ocr_carea' id='block_1_96' title="bbox 1937 3614 3518 3688">
    <p class='ocr_par' dir='ltr' id='par_1_96' title="bbox 1937 3614 3518 3688">
     <span class='ocr_line' id='line_1_96' title="bbox 1937 3614 3518 3688; baseline -0.004 -17"><span class='ocrx_word' id='word_1_767' title='bbox 1937 3628 2170 3687; x_wconf 80' lang='lat' dir='ltr'><strong>quartum</strong></span> <span class='ocrx_word' id='word_1_768' title='bbox 2192 3658 2207 3683; x_wconf 95' lang='lat'><strong>,</strong></span> <span class='ocrx_word' id='word_1_769' title='bbox 2233 3627 2278 3671; x_wconf 84' lang='lat' dir='ltr'><strong>et</strong></span> <span class='ocrx_word' id='word_1_770' title='bbox 2297 3619 2551 3688; x_wconf 85' lang='lat' dir='ltr'><strong>jejunium</strong></span> <span class='ocrx_word' id='word_1_771' title='bbox 2579 3618 2809 3685; x_wconf 80' lang='lat' dir='ltr'><strong>quintum</strong></span> <span class='ocrx_word' id='word_1_772' title='bbox 2835 3656 2848 3679; x_wconf 92' lang='lat'><strong>,</strong></span> <span class='ocrx_word' id='word_1_773' title='bbox 2878 3625 2924 3669; x_wconf 86' lang='lat' dir='ltr'><strong>et</strong></span> <span class='ocrx_word' id='word_1_774' title='bbox 2943 3615 3199 3683; x_wconf 76' lang='lat' dir='ltr'><strong>jejunium</strong></span> <span class='ocrx_word' id='word_1_775' title='bbox 3230 3614 3478 3668; x_wconf 77' lang='lat' dir='ltr'><strong>decimum</strong></span> <span class='ocrx_word' id='word_1_776' title='bbox 3502 3654 3518 3680; x_wconf 95' lang='lat'><strong>,</strong></span> 
     </span>
    </p>
   </div>
   <div class='ocr_carea' id='block_1_97' title="bbox 1939 3703 3522 3775">
    <p class='ocr_par' dir='ltr' id='par_1_97' title="bbox 1939 3703 3522 3775">
     <span class='ocr_line' id='line_1_97' title="bbox 1939 3703 3522 3775; baseline -0.003 -14"><span class='ocrx_word' id='word_1_777' title='bbox 1939 3710 2027 3762; x_wconf 87' lang='lat' dir='ltr'><strong>erit</strong></span> <span class='ocrx_word' id='word_1_778' title='bbox 2054 3708 2189 3761; x_wconf 80' lang='lat' dir='ltr'><strong>vobis</strong></span> <span class='ocrx_word' id='word_1_779' title='bbox 2230 3708 2282 3760; x_wconf 88' lang='lat' dir='ltr'><strong>in</strong></span> <span class='ocrx_word' id='word_1_780' title='bbox 2311 3707 2553 3775; x_wconf 84' lang='lat' dir='ltr'><strong>gaudium</strong></span> <span class='ocrx_word' id='word_1_781' title='bbox 2598 3706 2719 3759; x_wconf 87' lang='lat' dir='ltr'><strong>etin</strong></span> <span class='ocrx_word' id='word_1_782' title='bbox 2762 3706 2987 3759; x_wconf 78' lang='lat' dir='ltr'><strong>ltrtitiam</strong></span> <span class='ocrx_word' id='word_1_783' title='bbox 3016 3714 3062 3756; x_wconf 85' lang='lat' dir='ltr'><strong>et</strong></span> <span class='ocrx_word' id='word_1_784' title='bbox 3102 3704 3155 3757; x_wconf 90' lang='lat' dir='ltr'><strong>in</strong></span> <span class='ocrx_word' id='word_1_785' title='bbox 3185 3703 3522 3757; x_wconf 84' lang='lat' dir='ltr'><strong>solemnitatcs</strong></span> 
     </span>
    </p>
   </div>
   <div class='ocr_carea' id='block_1_98' title="bbox 1940 3793 3523 3867">
    <p class='ocr_par' dir='ltr' id='par_1_98' title="bbox 1940 3793 3523 3867">
     <span class='ocr_line' id='line_1_98' title="bbox 1940 3793 3523 3867; baseline -0.003 -14"><span class='ocrx_word' id='word_1_786' title='bbox 1940 3799 2114 3863; x_wconf 89' lang='lat' dir='ltr'><strong>bonas,</strong></span> <span class='ocrx_word' id='word_1_787' title='bbox 2144 3806 2188 3851; x_wconf 88' lang='lat' dir='ltr'><strong>et</strong></span> <span class='ocrx_word' id='word_1_788' title='bbox 2215 3798 2471 3851; x_wconf 85' lang='lat' dir='ltr'><strong>veritatem</strong></span> <span class='ocrx_word' id='word_1_789' title='bbox 2498 3796 2711 3867; x_wconf 85' lang='lat' dir='ltr'><strong>diligite.</strong></span> <span class='ocrx_word' id='word_1_790' title='bbox 2737 3794 2844 3851; x_wconf 87' lang='lat' dir='ltr'><strong>Sed</strong></span> <span class='ocrx_word' id='word_1_791' title='bbox 2872 3794 3044 3850; x_wconf 80' lang='lat' dir='ltr'><strong>illuxit</strong></span> <span class='ocrx_word' id='word_1_792' title='bbox 3070 3793 3158 3848; x_wconf 83' lang='lat' dir='ltr'><strong>lux</strong></span> <span class='ocrx_word' id='word_1_793' title='bbox 3185 3794 3399 3849; x_wconf 90' lang='lat' dir='ltr'><strong>sensilis</strong></span> <span class='ocrx_word' id='word_1_794' title='bbox 3418 3837 3433 3860; x_wconf 95' lang='lat'><strong>,</strong></span> <span class='ocrx_word' id='word_1_795' title='bbox 3464 3804 3523 3848; x_wconf 90' lang='lat' dir='ltr'><strong>nt</strong></span> 
     </span>
    </p>
   </div>
   <div class='ocr_carea' id='block_1_99' title="bbox 1941 3883 3523 3957">
    <p class='ocr_par' dir='ltr' id='par_1_99' title="bbox 1941 3883 3523 3957">
     <span class='ocr_line' id='line_1_99' title="bbox 1941 3883 3523 3957; baseline -0.003 -15"><span class='ocrx_word' id='word_1_796' title='bbox 1941 3889 2069 3944; x_wconf 93' lang='lat' dir='ltr'><strong>lucis</strong></span> <span class='ocrx_word' id='word_1_797' title='bbox 2101 3887 2290 3957; x_wconf 84' lang='lat' dir='ltr'><strong>Opifex</strong></span> <span class='ocrx_word' id='word_1_798' title='bbox 2329 3887 2729 3956; x_wconf 72' lang='lat' dir='ltr'><strong>prmdicaretur.</strong></span> <span class='ocrx_word' id='word_1_799' title='bbox 2758 3884 2986 3940; x_wconf 81' lang='lat' dir='ltr'><strong>Advenit</strong></span> <span class='ocrx_word' id='word_1_800' title='bbox 3006 3898 3228 3953; x_wconf 86' lang='lat' dir='ltr'><strong>vespera</strong></span> <span class='ocrx_word' id='word_1_801' title='bbox 3260 3883 3366 3938; x_wconf 90' lang='lat' dir='ltr'><strong>diei</strong></span> <span class='ocrx_word' id='word_1_802' title='bbox 3400 3898 3523 3939; x_wconf 90' lang='lat' dir='ltr'><strong>cur-</strong></span> 
     </span>
    </p>
   </div>
   <div class='ocr_carea' id='block_1_100' title="bbox 1939 3973 3523 4049">
    <p class='ocr_par' dir='ltr' id='par_1_100' title="bbox 1939 3973 3523 4049">
     <span class='ocr_line' id='line_1_100' title="bbox 1939 3973 3523 4049; baseline -0.004 -14"><span class='ocrx_word' id='word_1_803' title='bbox 1939 3996 2057 4035; x_wconf 92' lang='lat' dir='ltr'><strong>sum</strong></span> <span class='ocrx_word' id='word_1_804' title='bbox 2088 3980 2397 4049; x_wconf 81' lang='lat' dir='ltr'><strong>obsignaus.</strong></span> <span class='ocrx_word' id='word_1_805' title='bbox 2418 3978 2623 4032; x_wconf 85' lang='lat' dir='ltr'><strong>Bonum</strong></span> <span class='ocrx_word' id='word_1_806' title='bbox 2656 3976 2995 4047; x_wconf 87' lang='lat' dir='ltr'><strong>principium,</strong></span> <span class='ocrx_word' id='word_1_807' title='bbox 3033 3975 3152 4029; x_wconf 87' lang='lat' dir='ltr'><strong>ﬁnis</strong></span> <span class='ocrx_word' id='word_1_808' title='bbox 3174 3973 3416 4029; x_wconf 88' lang='lat' dir='ltr'><strong>addatur.</strong></span> <span class='ocrx_word' id='word_1_809' title='bbox 3445 3973 3523 4029; x_wconf 85' lang='lat' dir='ltr'><strong>Ne</strong></span> 
     </span>
    </p>
   </div>
   <div class='ocr_carea' id='block_1_101' title="bbox 1942 4065 3523 4139">
    <p class='ocr_par' dir='ltr' id='par_1_101' title="bbox 1942 4065 3523 4139">
     <span class='ocr_line' id='line_1_101' title="bbox 1942 4065 3523 4139; baseline -0.003 -14"><span class='ocrx_word' id='word_1_810' title='bbox 1942 4070 2079 4125; x_wconf 90' lang='lat' dir='ltr'><strong>male</strong></span> <span class='ocrx_word' id='word_1_811' title='bbox 2106 4070 2363 4139; x_wconf 90' lang='lat' dir='ltr'><strong>repellas,</strong></span> <span class='ocrx_word' id='word_1_812' title='bbox 2402 4069 2494 4123; x_wconf 91' lang='lat' dir='ltr'><strong>scd</strong></span> <span class='ocrx_word' id='word_1_813' title='bbox 2529 4068 2653 4123; x_wconf 88' lang='lat' dir='ltr'><strong>audi</strong></span> <span class='ocrx_word' id='word_1_814' title='bbox 2678 4066 2928 4123; x_wconf 84' lang='lat' dir='ltr'><strong>Davidem</strong></span> <span class='ocrx_word' id='word_1_815' title='bbox 2962 4085 2973 4121; x_wconf 90' lang='lat'>:</span> <span class='ocrx_word' id='word_1_816' title='bbox 3006 4065 3072 4120; x_wconf 84' lang='lat' dir='ltr'><strong>In</strong></span> <span class='ocrx_word' id='word_1_817' title='bbox 3106 4066 3291 4136; x_wconf 77' lang='lat' dir='ltr'><strong>ﬁnem,</strong></span> <span class='ocrx_word' id='word_1_818' title='bbox 3321 4082 3382 4121; x_wconf 86' lang='lat' dir='ltr'><strong>ne</strong></span> <span class='ocrx_word' id='word_1_819' title='bbox 3411 4083 3523 4121; x_wconf 88' lang='lat' dir='ltr'><strong>cor-</strong></span> 
     </span>
    </p>
   </div>
   <div class='ocr_carea' id='block_1_102' title="bbox 1940 4160 3523 4236">
    <p class='ocr_par' dir='ltr' id='par_1_102' title="bbox 1940 4160 3523 4236">
     <span class='ocr_line' id='line_1_102' title="bbox 1940 4160 3523 4236; baseline -0.004 -15"><span class='ocrx_word' id='word_1_820' title='bbox 1940 4184 2147 4236; x_wconf 84' lang='lat' dir='ltr'><strong>rumpas</strong></span> <span class='ocrx_word' id='word_1_821' title='bbox 2170 4166 2334 4235; x_wconf 83' lang='lat' dir='ltr'><strong>(Psal.</strong></span> <span class='ocrx_word' id='word_1_822' title='bbox 2371 4166 2457 4219; x_wconf 66' lang='lat'><strong>74.</strong></span> <span class='ocrx_word' id='word_1_823' title='bbox 2484 4163 2856 4234; x_wconf 87' lang='lat' dir='ltr'><strong>titulus).Deus</strong></span> <span class='ocrx_word' id='word_1_824' title='bbox 2890 4170 3065 4215; x_wconf 91' lang='lat' dir='ltr'><strong>autem</strong></span> <span class='ocrx_word' id='word_1_825' title='bbox 3090 4161 3220 4215; x_wconf 90' lang='lat' dir='ltr'><strong>lucis</strong></span> <span class='ocrx_word' id='word_1_826' title='bbox 3249 4160 3404 4231; x_wconf 88' lang='lat' dir='ltr'><strong>hujus</strong></span> <span class='ocrx_word' id='word_1_827' title='bbox 3426 4176 3523 4214; x_wconf 78' lang='lat' dir='ltr'><strong>vos</strong></span> 
     </span>
    </p>
   </div>
   <div class='ocr_carea' id='block_1_103' title="bbox 1939 4251 3519 4323">
    <p class='ocr_par' dir='ltr' id='par_1_103' title="bbox 1939 4251 3519 4323">
     <span class='ocr_line' id='line_1_103' title="bbox 1939 4251 3519 4323; baseline -0.004 -10"><span class='ocrx_word' id='word_1_828' title='bbox 1939 4274 2124 4313; x_wconf 90' lang='lat' dir='ltr'><strong>omnes</strong></span> <span class='ocrx_word' id='word_1_829' title='bbox 2154 4257 2437 4321; x_wconf 91' lang='lat' dir='ltr'><strong>illuminct,</strong></span> <span class='ocrx_word' id='word_1_830' title='bbox 2469 4256 2629 4309; x_wconf 71' lang='lat' dir='ltr'><strong>verbo</strong></span> <span class='ocrx_word' id='word_1_831' title='bbox 2649 4295 2662 4317; x_wconf 96' lang='lat'><strong>,</strong></span> <span class='ocrx_word' id='word_1_832' title='bbox 2682 4254 2830 4323; x_wconf 81' lang='lat' dir='ltr'><strong>lege.</strong></span> <span class='ocrx_word' id='word_1_833' title='bbox 2862 4251 2983 4312; x_wconf 80' lang='lat' dir='ltr'><strong>ﬁde.</strong></span> <span class='ocrx_word' id='word_1_834' title='bbox 3015 4252 3233 4320; x_wconf 63' lang='lat' dir='ltr'><strong>just&#39;tia,</strong></span> <span class='ocrx_word' id='word_1_835' title='bbox 3253 4253 3519 4317; x_wconf 68' lang='lat' dir='ltr'><strong>eastitatc,</strong></span> 
     </span>
    </p>
   </div>
   <div class='ocr_carea' id='block_1_104' title="bbox 1940 4344 3522 4413">
    <p class='ocr_par' dir='ltr' id='par_1_104' title="bbox 1940 4344 3522 4413">
     <span class='ocr_line' id='line_1_104' title="bbox 1940 4344 3522 4413; baseline -0.005 -8"><span class='ocrx_word' id='word_1_836' title='bbox 1940 4352 1991 4405; x_wconf 89' lang='lat' dir='ltr'><strong>in</strong></span> <span class='ocrx_word' id='word_1_837' title='bbox 2022 4348 2233 4404; x_wconf 83' lang='lat' dir='ltr'><strong>Christo</strong></span> <span class='ocrx_word' id='word_1_838' title='bbox 2272 4348 2395 4403; x_wconf 83' lang='lat' dir='ltr'><strong>Jesu</strong></span> <span class='ocrx_word' id='word_1_839' title='bbox 2431 4347 2652 4400; x_wconf 89' lang='lat' dir='ltr'><strong>Domino</strong></span> <span class='ocrx_word' id='word_1_840' title='bbox 2682 4353 2864 4398; x_wconf 85' lang='lat' dir='ltr'><strong>nostro</strong></span> <span class='ocrx_word' id='word_1_841' title='bbox 2885 4384 2899 4409; x_wconf 94' lang='lat'><strong>,</strong></span> <span class='ocrx_word' id='word_1_842' title='bbox 2937 4360 2981 4412; x_wconf 67' lang='lat' dir='ltr'><strong>pi</strong></span> <span class='ocrx_word' id='word_1_843' title='bbox 3004 4360 3027 4395; x_wconf 88' lang='lat' dir='ltr'><strong>r</strong></span> <span class='ocrx_word' id='word_1_844' title='bbox 3058 4358 3211 4412; x_wconf 90' lang='lat' dir='ltr'><strong>quem</strong></span> <span class='ocrx_word' id='word_1_845' title='bbox 3232 4352 3287 4398; x_wconf 92' lang='lat' dir='ltr'><strong>et</strong></span> <span class='ocrx_word' id='word_1_846' title='bbox 3307 4344 3522 4413; x_wconf 89' lang='lat' dir='ltr'><strong>quicum</strong></span> 
     </span>
    </p>
   </div>
   <div class='ocr_carea' id='block_1_105' title="bbox 1943 4434 3523 4512">
    <p class='ocr_par' dir='ltr' id='par_1_105' title="bbox 1943 4434 3523 4512">
     <span class='ocr_line' id='line_1_105' title="bbox 1943 4434 3523 4512; baseline -0.004 -15"><span class='ocrx_word' id='word_1_847' title='bbox 1943 4443 2082 4497; x_wconf 85' lang='lat' dir='ltr'><strong>Patri</strong></span> <span class='ocrx_word' id='word_1_848' title='bbox 2122 4442 2323 4512; x_wconf 80' lang='lat' dir='ltr'><strong>gloria,</strong></span> <span class='ocrx_word' id='word_1_849' title='bbox 2356 4440 2513 4493; x_wconf 89' lang='lat' dir='ltr'><strong>simul</strong></span> <span class='ocrx_word' id='word_1_850' title='bbox 2559 4454 2678 4492; x_wconf 88' lang='lat' dir='ltr'><strong>cum</strong></span> <span class='ocrx_word' id='word_1_851' title='bbox 2719 4436 2919 4507; x_wconf 89' lang='lat' dir='ltr'><strong>Spiritu</strong></span> <span class='ocrx_word' id='word_1_852' title='bbox 2962 4444 3181 4503; x_wconf 70' lang='lat' dir='ltr'><strong>sancto,</strong></span> <span class='ocrx_word' id='word_1_853' title='bbox 3229 4434 3281 4489; x_wconf 91' lang='lat' dir='ltr'><strong>in</strong></span> <span class='ocrx_word' id='word_1_854' title='bbox 3328 4435 3523 4490; x_wconf 65' lang='lat' dir='ltr'><strong>saecula</strong></span> 
     </span>
    </p>
   </div>
   <div class='ocr_carea' id='block_1_106' title="bbox 1940 4536 2495 4589">
    <p class='ocr_par' dir='ltr' id='par_1_106' title="bbox 1940 4536 2495 4589">
     <span class='ocr_line' id='line_1_106' title="bbox 1940 4536 2495 4589; baseline -0.007 0"><span class='ocrx_word' id='word_1_855' title='bbox 1940 4536 2275 4589; x_wconf 70' lang='lat' dir='ltr'><strong>swculorum.</strong></span> <span class='ocrx_word' id='word_1_856' title='bbox 2306 4536 2495 4587; x_wconf 86' lang='lat' dir='ltr'><strong>Amen.</strong></span> 
     </span>
    </p>
   </div>
   <div class='ocr_carea' id='block_1_107' title="bbox 1942 4620 3523 4696">
    <p class='ocr_par' dir='ltr' id='par_1_107' title="bbox 1942 4620 3523 4696">
     <span class='ocr_line' id='line_1_107' title="bbox 1942 4620 3523 4696; baseline -0.004 -16"><span class='ocrx_word' id='word_1_857' title='bbox 1942 4627 2183 4696; x_wconf 78' lang='lat' dir='ltr'><strong>Ejusdem</strong></span> <span class='ocrx_word' id='word_1_858' title='bbox 2213 4628 2264 4677; x_wconf 86' lang='lat' dir='ltr'><strong>in</strong></span> <span class='ocrx_word' id='word_1_859' title='bbox 2290 4625 2564 4678; x_wconf 87' lang='lat' dir='ltr'><strong>secundum</strong></span> <span class='ocrx_word' id='word_1_860' title='bbox 2595 4624 2725 4677; x_wconf 87' lang='lat' dir='ltr'><strong>diem</strong></span> <span class='ocrx_word' id='word_1_861' title='bbox 2752 4623 3017 4678; x_wconf 88' lang='lat' dir='ltr'><strong>creationis</strong></span> <span class='ocrx_word' id='word_1_862' title='bbox 3037 4663 3050 4686; x_wconf 93' lang='lat'><strong>,</strong></span> <span class='ocrx_word' id='word_1_863' title='bbox 3077 4630 3121 4675; x_wconf 88' lang='lat' dir='ltr'><strong>et</strong></span> <span class='ocrx_word' id='word_1_864' title='bbox 3145 4620 3383 4673; x_wconf 87' lang='lat' dir='ltr'><strong>adversus</strong></span> <span class='ocrx_word' id='word_1_865' title='bbox 3410 4635 3523 4674; x_wconf 89' lang='lat' dir='ltr'><strong>eum</strong></span> 
     </span>
    </p>
   </div>
   <div class='ocr_carea' id='block_1_108' title="bbox 2010 4711 3522 4787">
    <p class='ocr_par' dir='ltr' id='par_1_108' title="bbox 2010 4711 3522 4787">
     <span class='ocr_line' id='line_1_108' title="bbox 2010 4711 3522 4787; baseline -0.004 -17"><span class='ocrx_word' id='word_1_866' title='bbox 2010 4718 2094 4787; x_wconf 85' lang='lat' dir='ltr'><strong>qui</strong></span> <span class='ocrx_word' id='word_1_867' title='bbox 2144 4717 2236 4770; x_wconf 88' lang='lat' dir='ltr'><strong>sibi</strong></span> <span class='ocrx_word' id='word_1_868' title='bbox 2282 4716 2515 4780; x_wconf 74' lang='lat' dir='ltr'><strong>dixerat,</strong></span> <span class='ocrx_word' id='word_1_869' title='bbox 2564 4731 2664 4768; x_wconf 86' lang='lat' dir='ltr'><strong>non</strong></span> <span class='ocrx_word' id='word_1_870' title='bbox 2687 4724 2914 4782; x_wconf 86' lang='lat' dir='ltr'><strong>apartere</strong></span> <span class='ocrx_word' id='word_1_871' title='bbox 2960 4729 3049 4766; x_wconf 89' lang='lat' dir='ltr'><strong>nos</strong></span> <span class='ocrx_word' id='word_1_872' title='bbox 3103 4711 3416 4766; x_wconf 76' lang='lat' dir='ltr'><strong>Christianos</strong></span> <span class='ocrx_word' id='word_1_873' title='bbox 3467 4712 3522 4765; x_wconf 88' lang='lat' dir='ltr'><strong>in</strong></span> 
     </span>
    </p>
   </div>
   <div class='ocr_carea' id='block_1_109' title="bbox 2010 4802 3087 4873">
    <p class='ocr_par' dir='ltr' id='par_1_109' title="bbox 2010 4802 3087 4873">
     <span class='ocr_line' id='line_1_109' title="bbox 2010 4802 3087 4873; baseline -0.005 -13"><span class='ocrx_word' id='word_1_874' title='bbox 2010 4807 2407 4873; x_wconf 80' lang='lat' dir='ltr'><strong>sanctiﬁcatione</strong></span> <span class='ocrx_word' id='word_1_875' title='bbox 2438 4805 2630 4867; x_wconf 88' lang='lat' dir='ltr'><strong>dicere,</strong></span> <span class='ocrx_word' id='word_1_876' title='bbox 2660 4804 2796 4857; x_wconf 88' lang='lat' dir='ltr'><strong>Deus</strong></span> <span class='ocrx_word' id='word_1_877' title='bbox 2834 4802 3087 4857; x_wconf 76' lang='lat' dir='ltr'><strong>Sabaoth.</strong></span> 
     </span>
    </p>
   </div>
   <div class='ocr_carea' id='block_1_110' title="bbox 2013 4894 3523 4968">
    <p class='ocr_par' dir='ltr' id='par_1_110' title="bbox 2013 4894 3523 4968">
     <span class='ocr_line' id='line_1_110' title="bbox 2013 4894 3523 4968; baseline -0.003 -15"><span class='ocrx_word' id='word_1_878' title='bbox 2013 4901 2062 4954; x_wconf 84' lang='grc'><strong>1.</strong></span> <span class='ocrx_word' id='word_1_879' title='bbox 2100 4898 2333 4968; x_wconf 72' lang='lat' dir='ltr'><strong>Eﬂicacia</strong></span> <span class='ocrx_word' id='word_1_880' title='bbox 2354 4897 2487 4949; x_wconf 82' lang='lat' dir='ltr'><strong>verbi</strong></span> <span class='ocrx_word' id='word_1_881' title='bbox 2520 4896 2691 4949; x_wconf 88' lang='lat' dir='ltr'><strong>divini.</strong></span> <span class='ocrx_word' id='word_1_882' title='bbox 2722 4894 3035 4948; x_wconf 77' lang='lat' dir='ltr'><strong>Abstinentia</strong></span> <span class='ocrx_word' id='word_1_883' title='bbox 3061 4903 3218 4948; x_wconf 85' lang='lat' dir='ltr'><strong>mater</strong></span> <span class='ocrx_word' id='word_1_884' title='bbox 3252 4894 3349 4963; x_wconf 70' lang='lat' dir='ltr'><strong>piat</strong></span> <span class='ocrx_word' id='word_1_885' title='bbox 3377 4909 3523 4949; x_wconf 85' lang='lat' dir='ltr'><strong>men-</strong></span> 
     </span>
    </p>
   </div>
   <div class='ocr_carea' id='block_1_111' title="bbox 1942 4985 3523 5052">
    <p class='ocr_par' dir='ltr' id='par_1_111' title="bbox 1942 4985 3523 5052">
     <span class='ocr_line' id='line_1_111' title="bbox 1942 4985 3523 5052; baseline -0.001 -9"><span class='ocrx_word' id='word_1_886' title='bbox 1942 4992 2022 5044; x_wconf 87' lang='lat' dir='ltr'><strong>tis.</strong></span> <span class='ocrx_word' id='word_1_887' title='bbox 2051 5020 2121 5029; x_wconf 92' lang='lat'><strong>—</strong></span> <span class='ocrx_word' id='word_1_888' title='bbox 2152 4988 2327 5042; x_wconf 84' lang='lat' dir='ltr'><strong>Animi</strong></span> <span class='ocrx_word' id='word_1_889' title='bbox 2356 4986 2683 5041; x_wconf 87' lang='lat' dir='ltr'><strong>desiderium</strong></span> <span class='ocrx_word' id='word_1_890' title='bbox 2727 4988 2923 5041; x_wconf 82' lang='lat' dir='ltr'><strong>excitat</strong></span> <span class='ocrx_word' id='word_1_891' title='bbox 2975 4985 3188 5041; x_wconf 87' lang='lat' dir='ltr'><strong>divinus</strong></span> <span class='ocrx_word' id='word_1_892' title='bbox 3230 5000 3438 5052; x_wconf 88' lang='lat' dir='ltr'><strong>sermo,</strong></span> <span class='ocrx_word' id='word_1_893' title='bbox 3468 4995 3523 5041; x_wconf 90' lang='lat' dir='ltr'><strong>et</strong></span> 
     </span>
    </p>
   </div>
   <div class='ocr_carea' id='block_1_112' title="bbox 1940 5076 3520 5151">
    <p class='ocr_par' dir='ltr' id='par_1_112' title="bbox 1940 5076 3520 5151">
     <span class='ocr_line' id='line_1_112' title="bbox 1940 5076 3520 5151; baseline -0.002 -18"><span class='ocrx_word' id='word_1_894' title='bbox 1940 5081 2086 5151; x_wconf 87' lang='lat' dir='ltr'><strong>quasi</strong></span> <span class='ocrx_word' id='word_1_895' title='bbox 2112 5081 2382 5133; x_wconf 89' lang='lat' dir='ltr'><strong>lucernam</strong></span> <span class='ocrx_word' id='word_1_896' title='bbox 2410 5078 2695 5147; x_wconf 88' lang='lat' dir='ltr'><strong>quamdam</strong></span> <span class='ocrx_word' id='word_1_897' title='bbox 2733 5077 2831 5147; x_wconf 85' lang='lat' dir='ltr'><strong>ipsi</strong></span> <span class='ocrx_word' id='word_1_898' title='bbox 2862 5076 3108 5146; x_wconf 80' lang='lat' dir='ltr'><strong>gaudium</strong></span> <span class='ocrx_word' id='word_1_899' title='bbox 3135 5076 3520 5145; x_wconf 87' lang='lat' dir='ltr'><strong>circumponit,</strong></span> 
     </span>
    </p>
   </div>
   <div class='ocr_carea' id='block_1_113' title="bbox 1942 5168 3523 5235">
    <p class='ocr_par' dir='ltr' id='par_1_113' title="bbox 1942 5168 3523 5235">
     <span class='ocr_line' id='line_1_113' title="bbox 1942 5168 3523 5235; baseline -0.003 -8"><span class='ocrx_word' id='word_1_900' title='bbox 1942 5183 1996 5227; x_wconf 92' lang='lat' dir='ltr'><strong>ut</strong></span> <span class='ocrx_word' id='word_1_901' title='bbox 2040 5181 2093 5226; x_wconf 90' lang='lat' dir='ltr'><strong>et</strong></span> <span class='ocrx_word' id='word_1_902' title='bbox 2121 5170 2398 5225; x_wconf 87' lang='lat' dir='ltr'><strong>ratiocinia</strong></span> <span class='ocrx_word' id='word_1_903' title='bbox 2432 5170 2693 5235; x_wconf 90' lang='lat' dir='ltr'><strong>illustret,</strong></span> <span class='ocrx_word' id='word_1_904' title='bbox 2727 5179 2780 5224; x_wconf 89' lang='lat' dir='ltr'><strong>et</strong></span> <span class='ocrx_word' id='word_1_905' title='bbox 2828 5177 3061 5223; x_wconf 86' lang='lat' dir='ltr'><strong>mentem</strong></span> <span class='ocrx_word' id='word_1_906' title='bbox 3112 5168 3411 5233; x_wconf 80' lang='lat' dir='ltr'><strong>exhilaret,</strong></span> <span class='ocrx_word' id='word_1_907' title='bbox 3468 5179 3523 5223; x_wconf 87' lang='lat' dir='ltr'><strong>et</strong></span> 
     </span>
    </p>
   </div>
   <div class='ocr_carea' id='block_1_114' title="bbox 1942 5258 3520 5331">
    <p class='ocr_par' dir='ltr' id='par_1_114' title="bbox 1942 5258 3520 5331">
     <span class='ocr_line' id='line_1_114' title="bbox 1942 5258 3520 5331; baseline -0.003 -13"><span class='ocrx_word' id='word_1_908' title='bbox 1942 5272 2157 5331; x_wconf 87' lang='lat' dir='ltr'><strong>peccata</strong></span> <span class='ocrx_word' id='word_1_909' title='bbox 2210 5261 2514 5330; x_wconf 79' lang='lat' dir='ltr'><strong>abstergat,</strong></span> <span class='ocrx_word' id='word_1_910' title='bbox 2558 5269 2612 5315; x_wconf 91' lang='lat' dir='ltr'><strong>et</strong></span> <span class='ocrx_word' id='word_1_911' title='bbox 2666 5275 2822 5315; x_wconf 89' lang='lat' dir='ltr'><strong>sensa</strong></span> <span class='ocrx_word' id='word_1_912' title='bbox 2869 5260 3150 5314; x_wconf 89' lang='lat' dir='ltr'><strong>illuminet.</strong></span> <span class='ocrx_word' id='word_1_913' title='bbox 3206 5258 3520 5329; x_wconf 80' lang='lat' dir='ltr'><strong>Hujusmodi</strong></span> 
     </span>
    </p>
   </div>
   <div class='ocr_carea' id='block_1_115' title="bbox 1939 5350 3522 5427">
    <p class='ocr_par' dir='ltr' id='par_1_115' title="bbox 1939 5350 3522 5427">
     <span class='ocr_line' id='line_1_115' title="bbox 1939 5350 3522 5427; baseline -0.004 -17"><span class='ocrx_word' id='word_1_914' title='bbox 1939 5365 2022 5411; x_wconf 88' lang='lat' dir='ltr'><strong>est</strong></span> <span class='ocrx_word' id='word_1_915' title='bbox 2070 5355 2160 5409; x_wconf 89' lang='lat' dir='ltr'><strong>Dei</strong></span> <span class='ocrx_word' id='word_1_916' title='bbox 2196 5370 2396 5409; x_wconf 90' lang='lat' dir='ltr'><strong>sermo.</strong></span> <span class='ocrx_word' id='word_1_917' title='bbox 2430 5353 2560 5408; x_wconf 86' lang='lat' dir='ltr'><strong>Nam</strong></span> <span class='ocrx_word' id='word_1_918' title='bbox 2608 5352 2747 5427; x_wconf 93' lang='lat' dir='ltr'><strong>quod</strong></span> <span class='ocrx_word' id='word_1_919' title='bbox 2774 5367 2867 5408; x_wconf 90' lang='lat' dir='ltr'><strong>eos</strong></span> <span class='ocrx_word' id='word_1_920' title='bbox 2894 5351 3067 5418; x_wconf 87' lang='lat' dir='ltr'><strong>ferro,</strong></span> <span class='ocrx_word' id='word_1_921' title='bbox 3124 5350 3175 5406; x_wconf 92' lang='lat' dir='ltr'><strong>id</strong></span> <span class='ocrx_word' id='word_1_922' title='bbox 3206 5352 3396 5405; x_wconf 75' lang='lat' dir='ltr'><strong>anima:</strong></span> <span class='ocrx_word' id='word_1_923' title='bbox 3428 5352 3522 5406; x_wconf 89' lang='lat' dir='ltr'><strong>Dei</strong></span> 
     </span>
    </p>
   </div>
   <div class='ocr_carea' id='block_1_116' title="bbox 1940 5443 3521 5503">
    <p class='ocr_par' dir='ltr' id='par_1_116' title="bbox 1940 5443 3521 5503">
     <span class='ocr_line' id='line_1_116' title="bbox 1940 5443 3521 5503; baseline -0.005 -1"><span class='ocrx_word' id='word_1_924' title='bbox 1940 5462 2133 5503; x_wconf 90' lang='lat' dir='ltr'><strong>sermo.</strong></span> <span class='ocrx_word' id='word_1_925' title='bbox 2160 5446 2266 5501; x_wconf 87' lang='lat' dir='ltr'><strong>Cos</strong></span> <span class='ocrx_word' id='word_1_926' title='bbox 2295 5461 2398 5499; x_wconf 91' lang='lat' dir='ltr'><strong>non</strong></span> <span class='ocrx_word' id='word_1_927' title='bbox 2428 5460 2589 5500; x_wconf 90' lang='lat' dir='ltr'><strong>unam</strong></span> <span class='ocrx_word' id='word_1_928' title='bbox 2612 5444 2783 5499; x_wconf 89' lang='lat' dir='ltr'><strong>solum</strong></span> <span class='ocrx_word' id='word_1_929' title='bbox 2814 5459 2925 5498; x_wconf 89' lang='lat' dir='ltr'><strong>rem</strong></span> <span class='ocrx_word' id='word_1_930' title='bbox 2949 5443 3092 5498; x_wconf 86' lang='lat' dir='ltr'><strong>ferro</strong></span> <span class='ocrx_word' id='word_1_931' title='bbox 3120 5443 3325 5497; x_wconf 88' lang='lat' dir='ltr'><strong>confert</strong></span> <span class='ocrx_word' id='word_1_932' title='bbox 3356 5459 3368 5495; x_wconf 91' lang='lat'><strong>:</strong></span> <span class='ocrx_word' id='word_1_933' title='bbox 3399 5456 3521 5495; x_wconf 90' lang='lat' dir='ltr'><strong>nam</strong></span> 
     </span>
    </p>
   </div>
   <div class='ocr_carea' id='block_1_117' title="bbox 1940 5534 3523 5609">
    <p class='ocr_par' dir='ltr' id='par_1_117' title="bbox 1940 5534 3523 5609">
     <span class='ocr_line' id='line_1_117' title="bbox 1940 5534 3523 5609; baseline -0.002 -17"><span class='ocrx_word' id='word_1_934' title='bbox 1940 5539 2111 5609; x_wconf 88' lang='lat' dir='ltr'><strong>primo</strong></span> <span class='ocrx_word' id='word_1_935' title='bbox 2135 5539 2303 5607; x_wconf 90' lang='lat' dir='ltr'><strong>ipsum</strong></span> <span class='ocrx_word' id='word_1_936' title='bbox 2335 5545 2618 5607; x_wconf 65' lang='lat' dir='ltr'><strong>praeparat,</strong></span> <span class='ocrx_word' id='word_1_937' title='bbox 2651 5537 3023 5607; x_wconf 79' lang='lat' dir='ltr'><strong>utrubiginem</strong></span> <span class='ocrx_word' id='word_1_938' title='bbox 3052 5545 3296 5604; x_wconf 82' lang='lat' dir='ltr'><strong>reSpuat:</strong></span> <span class='ocrx_word' id='word_1_939' title='bbox 3328 5534 3523 5589; x_wconf 87' lang='lat' dir='ltr'><strong>deinde</strong></span> 
     </span>
    </p>
   </div>
   <div class='ocr_carea' id='block_1_118' title="bbox 1940 5627 3527 5694">
    <p class='ocr_par' dir='ltr' id='par_1_118' title="bbox 1940 5627 3527 5694">
     <span class='ocr_line' id='line_1_118' title="bbox 1940 5627 3527 5694; baseline -0.001 -10"><span class='ocrx_word' id='word_1_940' title='bbox 1940 5646 2177 5685; x_wconf 86' lang='lat' dir='ltr'><strong>crassum</strong></span> <span class='ocrx_word' id='word_1_941' title='bbox 2208 5640 2492 5694; x_wconf 81' lang='lat' dir='ltr'><strong>extenuat,</strong></span> <span class='ocrx_word' id='word_1_942' title='bbox 2526 5631 2770 5684; x_wconf 87' lang='lat' dir='ltr'><strong>obtusum</strong></span> <span class='ocrx_word' id='word_1_943' title='bbox 2804 5630 2978 5693; x_wconf 89' lang='lat' dir='ltr'><strong>acuit,</strong></span> <span class='ocrx_word' id='word_1_944' title='bbox 3020 5627 3303 5682; x_wconf 87' lang='lat' dir='ltr'><strong>ohscurmn</strong></span> <span class='ocrx_word' id='word_1_945' title='bbox 3350 5628 3527 5683; x_wconf 87' lang='lat' dir='ltr'><strong>reddit</strong></span> 
     </span>
    </p>
   </div>
   <div class='ocr_carea' id='block_1_119' title="bbox 1940 5718 3521 5787">
    <p class='ocr_par' dir='ltr' id='par_1_119' title="bbox 1940 5718 3521 5787">
     <span class='ocr_line' id='line_1_119' title="bbox 1940 5718 3521 5787; baseline 0 -12"><span class='ocrx_word' id='word_1_946' title='bbox 1940 5721 2169 5776; x_wconf 89' lang='lat' dir='ltr'><strong>lucidum</strong></span> <span class='ocrx_word' id='word_1_947' title='bbox 2194 5765 2206 5783; x_wconf 93' lang='lat'><strong>,</strong></span> <span class='ocrx_word' id='word_1_948' title='bbox 2236 5722 2533 5776; x_wconf 86' lang='lat' dir='ltr'><strong>abstersum</strong></span> <span class='ocrx_word' id='word_1_949' title='bbox 2558 5764 2571 5786; x_wconf 97' lang='lat'><strong>,</strong></span> <span class='ocrx_word' id='word_1_950' title='bbox 2601 5721 2854 5787; x_wconf 88' lang='lat' dir='ltr'><strong>nitidum,</strong></span> <span class='ocrx_word' id='word_1_951' title='bbox 2887 5729 3118 5774; x_wconf 89' lang='lat' dir='ltr'><strong>acutum.</strong></span> <span class='ocrx_word' id='word_1_952' title='bbox 3150 5718 3239 5773; x_wconf 90' lang='lat' dir='ltr'><strong>Sic</strong></span> <span class='ocrx_word' id='word_1_953' title='bbox 3264 5733 3321 5774; x_wconf 93' lang='lat' dir='ltr'><strong>se</strong></span> <span class='ocrx_word' id='word_1_954' title='bbox 3361 5718 3521 5775; x_wconf 82' lang='lat' dir='ltr'><strong>habet</strong></span> 
     </span>
    </p>
   </div>
   <div class='ocr_carea' id='block_1_120' title="bbox 1940 5811 3515 5881">
    <p class='ocr_par' dir='ltr' id='par_1_120' title="bbox 1940 5811 3515 5881">
     <span class='ocr_line' id='line_1_120' title="bbox 1940 5811 3515 5881; baseline 0.001 -17"><span class='ocrx_word' id='word_1_955' title='bbox 1940 5812 2033 5864; x_wconf 90' lang='lat' dir='ltr'><strong>Dei</strong></span> <span class='ocrx_word' id='word_1_956' title='bbox 2073 5827 2288 5865; x_wconf 88' lang='lat' dir='ltr'><strong>sermo:</strong></span> <span class='ocrx_word' id='word_1_957' title='bbox 2318 5811 2478 5865; x_wconf 85' lang='lat' dir='ltr'><strong>efﬁcit</strong></span> <span class='ocrx_word' id='word_1_958' title='bbox 2512 5820 2567 5865; x_wconf 94' lang='lat' dir='ltr'><strong>ut</strong></span> <span class='ocrx_word' id='word_1_959' title='bbox 2614 5812 2785 5864; x_wconf 91' lang='lat' dir='ltr'><strong>anima</strong></span> <span class='ocrx_word' id='word_1_960' title='bbox 2840 5812 3134 5880; x_wconf 79' lang='lat' dir='ltr'><strong>rubiginem</strong></span> <span class='ocrx_word' id='word_1_961' title='bbox 3184 5814 3381 5881; x_wconf 86' lang='lat' dir='ltr'><strong>peccati</strong></span> <span class='ocrx_word' id='word_1_962' title='bbox 3428 5829 3515 5865; x_wconf 82' lang='lat' dir='ltr'><strong>re-</strong></span> 
     </span>
    </p>
   </div>
   <div class='ocr_carea' id='block_1_121' title="bbox 1943 5904 3516 5974">
    <p class='ocr_par' dir='ltr' id='par_1_121' title="bbox 1943 5904 3516 5974">
     <span class='ocr_line' id='line_1_121' title="bbox 1943 5904 3516 5974; baseline 0.001 -19"><span class='ocrx_word' id='word_1_963' title='bbox 1943 5914 2117 5974; x_wconf 76' lang='lat' dir='ltr'><strong>Spuat,</strong></span> <span class='ocrx_word' id='word_1_964' title='bbox 2160 5906 2401 5960; x_wconf 79' lang='lat' dir='ltr'><strong>obtusum</strong></span> <span class='ocrx_word' id='word_1_965' title='bbox 2430 5904 2574 5959; x_wconf 87' lang='lat' dir='ltr'><strong>illam</strong></span> <span class='ocrx_word' id='word_1_966' title='bbox 2598 5905 2752 5971; x_wconf 87' lang='lat' dir='ltr'><strong>acuit,</strong></span> <span class='ocrx_word' id='word_1_967' title='bbox 2787 5918 3016 5959; x_wconf 85' lang='lat' dir='ltr'><strong>crassam</strong></span> <span class='ocrx_word' id='word_1_968' title='bbox 3050 5905 3296 5961; x_wconf 81' lang='lat' dir='ltr'><strong>subtilem</strong></span> <span class='ocrx_word' id='word_1_969' title='bbox 3322 5904 3516 5969; x_wconf 82' lang='lat' dir='ltr'><strong>reddit,</strong></span> 
     </span>
    </p>
   </div>
  </div>
