4102 6468
618 427 733 482 439

618 527 899 580 obscuram
941 518 1227 590 splendore
1277 515 1459 571 afﬁcit.
1510 513 1632 568 Vult
1675 520 1852 566 autem
1897 509 1992 564 Dei
2021 522 2199 563 sermo

619 631 718 671 nos
741 613 1046 685 splendidos
1077 625 1195 665 esse
1222 607 1513 665 secundum
1536 601 1775 673 Apostoli
1795 601 2038 656 aﬁ‘ectum
2072 601 2086 629 ¹
2114 598 2198 652 di-

619 708 789 762 centis
813 722 828 759 :
866 705 932 760 Ut
961 705 1069 757 sitis
1099 702 1226 755 sicut
1256 699 1526 753 luminaria
1555 697 1607 749 in
1633 694 1839 758 mundo,
1863 693 2065 746 verbum
2088 691 2201 743 vita:

621 799 924 851 continentes
968 795 1225 866 (Philipp.
1257 794 1311 845 2.
1362 790 1588 857 15.16).
1638 788 1774 841 Ecce
1819 783 2197 855 splendorem!

622 889 743 942 Vult
765 902 862 942 nos
885 901 1006 942 esse
1036 901 1140 939 non
1165 886 1383 938 obtusas
1406 923 1417 946 ,
1441 881 1531 935 sed
1562 888 1781 934 acutos:
1819 893 1939 931 nam
1970 893 1983 929 :
2028 876 2194 935 Vivus.

623 979 827 1048 inquit,
857 988 926 1030 est
955 992 1119 1030 sermo
1148 974 1239 1027 Dei
1260 1015 1275 1038 ,
1306 981 1349 1026 et
1371 972 1576 1040 efﬁcax,
1609 977 1653 1021 et
1684 967 2037 1036 penetrabilior
2066 965 2202 1018 omni

618 1068 790 1136 gladio
819 1067 1028 1136 ancipiti
1075 1065 1258 1123 (Hebr.
1286 1065 1339 1118 4.
1372 1061 1482 1133 12).
1533 1060 1658 1115 Vult
1699 1073 1796 1113 nos
1838 1073 1943 1111 non
1996 1071 2204 1110 crassos

620 1171 766 1222 esse,
817 1156 910 1210 sed
957 1154 1360 1224 cogitationibus
1411 1160 1640 1204 mentem
1678 1147 1924 1201 subtilem
1957 1147 2201 1200 reddere.

625 1247 720 1302 Ubi
752 1248 894 1302 enim
921 1247 1188 1301 crassities
1209 1286 1222 1308 ,
1254 1244 1322 1296 ibi
1345 1242 1514 1296 aliena
1537 1255 1566 1293 a
1599 1241 1688 1294 Dei
1713 1239 1876 1292 verbo
1901 1252 2054 1292 mens
2081 1247 2162 1291 est
2188 1254 2201 1290 :

623 1338 712 1392 ubi
741 1346 918 1393 autem
943 1337 1150 1391 subtilis
1177 1345 1278 1396 est,
1304 1343 1424 1403 apta
1453 1332 1551 1401 legi
1577 1331 1770 1386 divina:
1795 1329 2044 1387 efﬁcitur.
2079 1328 2203 1383 Ideo

622 1427 692 1482 de
721 1428 1069 1482 crassioribus
1098 1425 1226 1479 dicit
1253 1424 1523 1491 Scriptura
1555 1439 1569 1474 :
1603 1421 1668 1474 Et
1699 1420 1910 1473 comedit
1937 1418 2096 1472 Jacob
2118 1460 2132 1485 ,
2157 1427 2205 1471 et

623 1526 878 1570 saturatas
914 1527 1019 1580 est,
1069 1525 1116 1569 et
1156 1514 1530 1583 impinguatus,
1579 1513 1914 1574 incrassatus,
1964 1510 2206 1562 dilatatus

622 1618 691 1660 est
721 1625 737 1660 :
763 1610 1026 1679 dereliquit
1069 1607 1234 1661 Deum
1280 1612 1522 1675 {actorem
1547 1621 1694 1658 suum
1726 1601 1900 1673 (Deut.
1950 1601 2038 1655 52.
2089 1602 2202 1670 15).

624 1701 736 1767 Age
761 1707 1153 1767 crgo,nostram
1199 1712 1406 1765 quoque
1436 1697 1527 1750 Dei
1576 1710 1754 1749 sermo
1780 1695 2010 1747 illustret
2059 1707 2207 1746 men-

625 1799 731 1841 tem
753 1828 767 1854 ,
798 1790 1027 1843 maxime
1065 1788 1334 1857 proposito
1356 1786 1558 1855 jejunio
1580 1824 1593 1850 ,
1624 1785 1762 1854 quod
1802 1791 2052 1838 extenuat
2080 1797 2204 1837 cor-

631 1895 758 1947 pora
780 1919 794 1944 ,
827 1890 879 1934 et
906 1887 1136 1933 mentem
1166 1879 1393 1932 exacnit.
1424 1877 1519 1930 Est
1540 1877 1680 1930 enim
1719 1874 2040 1928 abstinentia
2067 1872 2209 1942 jeju-

627 1969 699 2021 nii
729 1970 904 2024 omnis
924 1968 1360 2023 sanctiﬁcationis
1383 1969 1582 2032 nutrix,
1611 1965 1958 2034 etmaterpize
1989 1964 2203 2018 mentis.

628 2059 743 2113 Non
762 2059 1018 2128 quazritur
1045 2059 1313 2127 quomodo
1340 2058 1641 2126 jt-juncmus
1668 2065 1868 2110 tantum
1888 2096 1902 2116 .
1926 2054 2018 2109 sed
2049 2068 2206 2124 quam

630 2151 715 2220 pie
736 2150 1062 2220 jejunemus.
1089 2150 1231 2204 Multi
1259 2150 1331 2204 ob
1373 2149 1577 2218 publica
1609 2163 1786 2203 rerum
1815 2147 2025 2216 negotia
2071 2146 2208 2215 jeju-

629 2250 790 2305 nant;
821 2241 912 2296 sed
942 2256 1044 2294 non
1072 2249 1344 2309 reputatur
1364 2239 1439 2294 eis
1462 2240 1512 2292 in
1538 2238 1817 2306 jejunium.
1841 2236 2044 2304 Scopus
2065 2237 2205 2290 enim

626 2332 918 2402 judicatur,
962 2347 1066 2384 non
1114 2330 1403 2384 necessitas
1448 2336 1751 2383 coronatur.
1785 2327 1840 2380 ln
1883 2324 1984 2380 boc
2025 2337 2210 2380 sancto

631 2433 770 2477 statu
803 2423 986 2476 beatus
1024 2422 1229 2490 Moyses
1257 2421 1309 2473 in
1339 2430 1516 2475 monte
1563 2429 1616 2473 et
1638 2420 1806 2487 legem
1835 2417 2128 2471 docebatur
2158 2425 2212 2470 et

631 2514 978 2568 creationem.
1014 2513 1250 2566 Diximus
1279 2527 1407 2581 ergo
1450 2511 1694 2564 hesterna
1724 2511 1808 2563 die
1842 2510 2044 2575 Deum,
2087 2524 2207 2562 eum

633 2605 802 2674 legem
835 2620 926 2671 per
952 2604 1414 2672 Moysemdaturus
1439 2610 1598 2665 esset,
1624 2601 1793 2671 primo
1819 2615 1877 2654 se
1904 2599 2212 2653 Creatorem

633 2695 961 2757 ostendisse,
996 2709 1056 2746 ac
1092 2693 1282 2746 deinde
1311 2692 1711 2762 chislatorem.
1740 2689 2016 2757 Quomodo
2061 2698 2213 2759 poteo

639 2796 758 2840 rant
795 2786 961 2840 Jttdzri
993 2787 1243 2848 credere,
1276 2786 1441 2840 Deum
1486 2785 1674 2839 fecisse
1712 2784 1898 2837 caelum
1930 2792 1983 2838 et
2012 2791 2209 2836 terram

638 2886 690 2930 et
720 2875 896 2929 omnia
919 2891 1036 2944 qute
1069 2877 1120 2927 in
1148 2877 1224 2930 eis
1253 2883 1374 2928 sunt
1394 2916 1408 2941 ,
1432 2876 1533 2929 nisi
1562 2874 1705 2942 prius
1733 2873 1984 2927 miracula
2012 2873 2212 2927 edidis-

635 2976 717 3020 set
762 2971 812 3019 iu
861 2965 1119 3034 fligypto,
1168 2982 1286 3034 qua:
1335 2967 1504 3035 ipsum
1545 2980 1665 3020 esse
1714 2965 1858 3019 orbis
1904 2965 2211 3020 Creatorem

636 3058 1082 3124 comprobarent?
1129 3057 1390 3112 Docemus
1437 3071 1535 3110 nos
1579 3065 1636 3109 ut
1662 3054 1979 3108 suadeamus
2020 3072 2032 3108 :
2075 3055 2212 3110 Deus

637 3149 845 3214 suadet,
860 3157 914 3202 ut
940 3148 1150 3203 doceat.
1182 3148 1312 3214 Quia
1344 3148 1552 3218 Moyses
1577 3147 1912 3217 expositurus
1949 3147 2214 3201 dicturus-

637 3256 740 3307 que
761 3247 873 3293 erat
891 3281 906 3302 ,
933 3240 1096 3292 Deum
1127 3238 1313 3292 fecisse
1340 3239 1526 3297 emtum
1550 3277 1563 3300 ,
1591 3246 1646 3292 et
1675 3247 1868 3291 terram
1888 3276 1902 3302 ,
1932 3244 1986 3291 et
2029 3251 2175 3290 mare
2194 3274 2211 3298 .

638 3342 691 3383 ct
716 3330 891 3382 omnia
918 3343 1037 3398 qua:
1063 3329 1112 3381 in
1138 3329 1215 3382 eis
1234 3337 1392 3393 sunt,
1424 3327 1522 3380 nisi
1546 3327 1691 3396 prius
1719 3325 1976 3380 mirabilia
2007 3335 2214 3395 patras-

637 3427 719 3473 set
747 3418 796 3471 in
829 3417 1060 3488 Aigypto
1079 3459 1091 3482 ,
1125 3426 1178 3472 et
1198 3417 1613 3471 demonStrasset
1636 3417 1806 3485 ipsum
1832 3430 1951 3470 esse
1977 3417 2214 3469 omnium

638 3529 816 3568 rerum
847 3520 1145 3566 creatarum
1196 3510 1486 3579 Opilicem,
1517 3523 1623 3562 nou
1655 3507 1952 3561 crediturus
1981 3516 2097 3560 erat
2118 3522 2214 3576 po-

640 3607 792 3673 pulus
820 3606 983 3660 Deum
1021 3603 1212 3658 fecisse
1238 3602 1422 3656 cmlum
1453 3612 1506 3655 et
1529 3609 1744 3654 terram.
1793 3598 2042 3653 Extendit
2072 3599 2216 3666 prius

599 3705 604 3710 '
644 3697 856 3764 Moyses
887 3710 1076 3748 manus
1115 3708 1237 3746 suas
1261 3694 1311 3745 in
1338 3693 1553 3757 catlum,
1583 3701 1634 3746 et
1660 3691 1867 3745 demisit
1901 3691 2213 3758 grandinem

638 3799 692 3842 et
743 3789 912 3857 ignem
936 3829 948 3850 ,
981 3785 1268 3853 didicitque
1312 3783 1534 3852 populus
1574 3797 1670 3852 per
1707 3780 1915 3834 ﬁdelem
1961 3795 2209 3844 servum,

640 3879 781 3930 illam
812 3875 1086 3930 mortalem
1117 3875 1389 3927 dexteram
1417 3872 1580 3926 verbo
1612 3870 1704 3924 Dei
1750 3879 1947 3923 motam
1970 3913 1985 3936 ,
2026 3871 2214 3924 carlum

639 3966 972 4027 turbavisse,
1022 3974 1074 4017 et
1117 3972 1412 4016 creaturam
1459 3960 1857 4014 commiscuisse
1893 3978 1903 4012 :
1944 3961 2217 4028 multoque

641 4058 832 4125 potiori
863 4056 1063 4108 ratione
1092 4054 1183 4106 Dei
1212 4052 1446 4120 jubentis
1473 4050 1746 4104 dexteram
1786 4049 2081 4104 ﬁrmavisse
2109 4065 2215 4103 cm-

638 4148 745 4201 lum
774 4156 826 4201 et
850 4145 1098 4199 fundasse
1124 4155 1342 4197 terram.
1371 4142 1537 4195 Nemo
1559 4141 1698 4195 enim
1726 4150 2022 4194 creaturam
2043 4150 2218 4193 movet

636 4237 723 4303 qui
755 4252 858 4288 non
887 4244 1071 4288 auctor
1091 4234 1206 4303 ejus
1237 4235 1321 4287 sit.
1342 4231 1737 4287 Ostendendum
1760 4246 1885 4300 ergo
1915 4240 2030 4285 erat
2051 4230 2216 4285 Deum

634 4324 825 4379 fecisse
857 4335 1088 4379 terram:
1120 4323 1360 4378 extendit
1409 4323 1616 4392 Moyses
1644 4336 1854 4375 manum
1900 4323 1950 4375 in
1986 4332 2212 4387 terram,

636 4425 688 4470 ct
702 4416 942 4470 exierunt
958 4416 1240 4481 sciniphes.
1254 4413 1727 4466 Demonstrandum
1746 4411 1918 4465 denuo
1935 4412 2216 4465 eratDeum

638 4507 828 4562 fecisse
878 4508 1051 4574 ignem
1081 4522 1092 4556 :
1125 4504 1327 4572 accepit
1373 4503 1578 4572 Moyses
1611 4501 1841 4554 favillam
1871 4500 1937 4554 de
1965 4500 2212 4565 fornace,

635 4610 688 4653 et
715 4600 939 4668 sparsit,
970 4607 1022 4653 et
1049 4596 1416 4667 {Egypliorum
1449 4609 1670 4662 corpora
1706 4593 1929 4662 replevit
1950 4593 2215 4647 ulceribus

635 4690 862 4744 ﬂamma:
908 4691 1073 4744 instar
1095 4688 1439 4742 ferventibus.
1469 4684 1867 4739 Ostendendum
1907 4693 2021 4737 erat
2052 4684 2214 4737 Deum

634 4779 824 4834 fecisse
854 4795 1042 4848 aquam
1080 4798 1091 4833 :
1125 4788 1320 4832 mutata
1350 4787 1430 4831 est
1457 4791 1590 4844 aqua
1623 4775 1672 4827 in
1699 4773 2030 4842 sanguinem.
2064 4772 2215 4827 Mon-

632 4871 906 4925 strandum
932 4881 1045 4924 erat
1072 4871 1258 4925 fecisse
1290 4884 1436 4922 mare
1469 4885 1480 4919 :
1513 4883 1659 4921 mare
1683 4875 1736 4920 ut
1768 4877 1916 4935 petra
1943 4868 2088 4921 stetit
2119 4869 2214 4936 (a),

632 4970 680 5016 et
716 4959 955 5013 transivit
985 4962 1233 5029 populus.
1265 4960 1443 5012 Primo
1484 4959 1656 5026 itaque
1683 4973 1773 5025 per
1796 4972 1955 5026 opera
1986 4957 2217 5010 ostendit

634 5067 754 5106 cum
783 5065 902 5104 esse
949 5051 1225 5102 Dmninutn
1251 5091 1264 5113 ,
1307 5049 1604 5116 deindeque
1640 5047 1816 5101 verbis
1858 5045 2069 5101 edocuit
2099 5062 2217 5102 esse

633 5143 911 5213 Opiltt‘t‘ut.

700 5237 753 5289 9..
778 5234 1003 5288 Christus
1031 5243 1145 5284 ante
1173 5232 1575 5300 pra’dicationcm
1603 5230 1768 5282 docuit
1793 5245 1846 5282 se
1875 5225 2048 5280 mundi
2081 5225 2211 5292 Opi-

633 5328 776 5394 ficem
797 5341 919 5377 esse.
951 5321 1200 5374 Miracula
1227 5322 1351 5386 ﬁdes
1371 5323 1609 5389 sequitur.
1632 5350 1699 5359 ——
1725 5320 1811 5374 Sic
1845 5320 2003 5372 etiam
2028 5320 2220 5372 Serva-

697 5417 710 5444 ι
750 5421 889 5460 Juxta
922 5409 1289 5466 Combeﬁsium,
1315 5407 1581 5469 legendum
1610 5415 1700 5468 est,
1729 5415 2023 5471 prtvceptum
2046 5443 2058 5465 ,
2097 5421 2182 5469 pro
2200 5443 2214 5467 ,

631 5482 870 5523 affectum.

663 5475 1071 5597 Graeco,
1101 5545 1273 5597 ιπιτρςιθη
1296 5543 1318 5587 ἡ
1344 5543 1520 5580 θάλασσα..
1557 5529 1873 5597 Combeﬁsius
1896 5532 2069 5589 vertit,
2098 5529 2217 5579 divi-

630 5591 736 5645 sum
753 5591 827 5646 est
860 5609 1021 5651 mare,
1047 5591 1266 5656 qnasi'ah
1291 5606 1556 5656 ὶπιῖιτρώσιω.
1579 5593 1785 5652 perfero.
1815 5591 1876 5640 At
1900 5597 2015 5651 puto
2040 5604 2217 5656 ιπιτρωη

630 5670 657 5705 a
679 5673 814 5721 παρέω
833 5651 1170 5704 deducendum
1197 5668 1326 5721 esse,
1352 5651 1402 5700 in
1427 5659 1575 5721 petrte
1599 5659 1824 5700 naturam
1849 5651 2136 5721 nuncupant
2152 5655 2218 5700 ait

631 5711 868 5779 Scriptura
891 5757 903 5774 ,
931 5731 1061 5764 mare
1086 5719 1219 5779 quasi
1247 5727 1432 5762 murum
1456 5711 1636 5779 fuisse;
1662 5721 1798 5779 certe
1823 5715 1862 5762 si
1887 5714 1947 5762 de
1980 5713 2217 5762 divisione

630 5774 776 5828 maris
812 5787 1076 5838 ageretur.
1106 5774 1242 5825 aliud
1283 5774 1600 5838 quaerendum
1643 5775 1847 5822 verbum
1891 5783 2029 5833 erat,
2072 5788 2214 5837 quam

634 5855 816 5901 ἔτιτιτρώς
826 5868 887 5887 ιω.

2033 394 2398 452 δεγιεῐιιΑΝι

3781 409 3890 459 44D

2309 532 2455 586 torin
2480 531 2882 600 Evangelionon
2898 541 3019 586 ante
3033 531 3208 586 docuit
3233 545 3391 601 quam
3411 529 3661 583 miracula
3682 538 3888 598 patras-

2308 631 2407 676 set.
2448 623 2683 677 Primum
2713 625 2942 694 signum,
2971 625 3191 678 mutavit
3220 638 3410 692 aquam
3461 625 3512 675 in
3543 624 3722 675 vinum
3747 662 3760 684 ,
3791 636 3890 674 nec

2308 721 2430 767 ante
2473 713 2598 767 illud
2639 725 2857 784 apparet
2888 730 3008 769 cum
3059 714 3302 768 docuisse
3350 732 3362 767 :
3419 713 3699 782 oportebat
3749 713 3890 764 enim

2307 804 2610 872 prtrcedcre
2637 819 2791 874 opus,
2812 815 2865 860 et
2889 806 3106 860 verbum
3130 805 3297 874 sequi.
3327 804 3559 872 Ideoque
3590 813 3644 857 et
3667 803 3896 870 scriptor

2311 896 2398 950 ille
2427 897 2498 949 ait
2533 915 2545 950 :
2583 897 2811 951 Primum
2836 899 3036 969 quidem
3071 913 3350 952 sermonem
3394 896 3487 967 feci
3519 896 3583 948 de
3625 896 3894 959 omnibus,

2311 1004 2340 1040 ο
2371 986 2671 1057 TheOphile,
2694 1007 2805 1060 qua:
2824 991 2968 1061 ca'pit
2992 989 3141 1044 Jestts
3162 990 3327 1057 facere
3344 1001 3388 1042 et
3411 989 3586 1041 docere
3608 988 3774 1056 (AcM
3790 989 3835 1040 ,1
3855 989 3893 1052 ).

2310 1079 2586 1145 Quomodo
2606 1081 2872 1136 docuisset
2888 1082 3140 1137 Servator
3167 1097 3223 1135 se
3244 1081 3497 1150 Opiﬁcem
3532 1095 3652 1134 esse
3676 1079 3896 1134 mundi?

2311 1170 2419 1222 Nisi
2448 1171 2588 1224 enim
2612 1173 2794 1226 oculos
2821 1173 2948 1226 caeci
2978 1172 3328 1227 illuminasset
3355 1212 3368 1234 ,
3395 1171 3533 1223 nulla
3560 1169 3690 1223 ﬁdes
3716 1171 3763 1223 ei
3795 1168 3895 1221 ha-

2313 1261 2416 1314 bita
2445 1270 2586 1316 esset
2613 1262 2807 1318 dicenti
2846 1281 2858 1318 :
2893 1264 3003 1334 Ego
3033 1281 3143 1317 sum
3178 1265 3264 1316 tua:
3285 1263 3465 1315 mundi
3497 1262 3679 1322 (Joan.
3716 1262 3768 1315 9.
3798 1261 3894 1328 5).

2311 1353 2420 1408 Nisi
2449 1355 2706 1410 Lazarum
2746 1357 3080 1423 suscitasset,
3110 1371 3215 1410 non
3247 1355 3597 1410 credidissent
3622 1353 3899 1407 auditores

2311 1445 2505 1500 dicenti
2540 1465 2554 1502 :
2588 1447 2697 1518 Ego
2737 1463 2848 1500 sum
2874 1449 2974 1500 vita
3009 1460 3053 1499 et
3088 1446 3382 1500 resurrectio
3414 1444 3433 1514 (
3459 1445 3615 1498 Joau.
3647 1445 3735 1497 11.
3762 1442 3833 1497 25
3858 1445 3897 1509 ).

2311 1537 2418 1591 Nisi
2452 1553 2648 1606 Spuens
2692 1540 2742 1592 in
2773 1548 2966 1594 terram
3000 1540 3165 1591 lutmn
3219 1537 3448 1601 fecisset,
3497 1552 3559 1588 ac
3589 1551 3786 1588 meum
3835 1535 3901 1586 lio

2313 1632 2553 1695 nivissct,
2584 1645 2687 1684 non
2730 1630 2992 1685 creditum
3037 1629 3224 1683 fuisset
3254 1630 3425 1695 ipsum
3449 1641 3568 1682 esse
3590 1668 3604 1688 ,
3633 1627 3720 1693 qui
3747 1641 3904 1678 acce-

2314 1730 2405 1789 pto
2433 1720 2500 1775 de
2553 1731 2691 1775 terra
2724 1721 2939 1790 pulvere
2968 1720 3230 1774 Adamum
3261 1718 3602 1771 formaverat.
3641 1716 3748 1769 Nisi
3781 1731 3901 1768 am-

2313 1811 2545 1865 bulasset
2571 1825 2730 1879 super
2751 1826 2919 1873 mare,
2954 1825 3058 1864 non
3091 1810 3234 1862 visus
3260 1819 3402 1862 esset
3436 1808 3689 1859 Dominus
3713 1807 3900 1858 maris.

2315 1900 2422 1955 Nisi
2449 1901 2778 1969 increpasset
2801 1911 3038 1962 ventum,
3064 1914 3169 1954 non
3198 1898 3594 1953 demonstratus
3619 1905 3762 1950 esset
3790 1895 3899 1947 Do.

2314 1994 2489 2048 minus
2512 2005 2810 2048 ventorum.
2863 1993 3223 2060 Quamobrem
3250 1991 3412 2044 homo
3441 1990 3656 2059 quidem
3686 1986 3904 2041 videba-

2317 2093 2422 2148 tur,
2469 2099 2567 2154 per
2593 2084 2845 2138 miracula
2885 2093 3066 2137 autem
3109 2091 3166 2135 ut
3206 2081 3346 2135 Deus
3397 2084 3560 2131 notus
3586 2082 3641 2130 et
3669 2075 3905 2146 inclytus

2315 2185 2450 2230 erat.
2483 2176 2734 2230 Servatur
2759 2176 2934 2244 itaque
2956 2173 3245 2241 discipulos
3274 2169 3652 2240 obstupefecit,
3678 2175 3732 2224 et
3752 2169 3900 2223 dice-

2316 2267 2444 2321 bant
2474 2283 2487 2320 :
2522 2267 2698 2333 Qualis
2751 2277 2821 2319 est
2863 2267 2972 2326 hic,
3005 2265 3121 2332 quin
3150 2263 3286 2317 venti
3317 2275 3364 2316 ct
3410 2277 3551 2314 mare
3584 2260 3816 2314 obediunt
3859 2260 3905 2312 ei

2318 2359 2530 2432 (Matth.
2559 2358 2613 2413 8.
2640 2358 2709 2412 27
2733 2359 2749 2428 )
2774 2359 2796 2412 ?
2821 2356 3068 2412 Ostendit
3107 2356 3278 2425 primo
3300 2354 3562 2410 elementa
3595 2351 3694 2406 sibi
3738 2353 3901 2405 obse-

2317 2454 2426 2521 qui,
2459 2461 2511 2505 et
2539 2459 2718 2519 postea
2750 2451 2926 2504 verbis
2952 2449 3130 2502 docuit
3158 2489 3170 2512 ,
3213 2447 3389 2502 omnia
3434 2461 3528 2516 per
3566 2447 3738 2514 ipsum
3766 2444 3904 2498 facta

2317 2556 2455 2595 esse.
2498 2539 2740 2595 Ostendit
2790 2540 2960 2608 primo
3011 2539 3096 2593 illa
3142 2539 3240 2592 sibi
3293 2537 3533 2606 obsequi.
3593 2535 3704 2590 Nisi
3758 2535 3906 2603 prius

2317 2639 2610 2685 creaturam
2657 2632 2752 2700 ipsi
2797 2631 3012 2698 obsequi
3047 2639 3316 2682 ostensum
3359 2626 3588 2693 fuisset,
3619 2641 3722 2680 non
3771 2625 3908 2679 ﬁdes

2320 2720 2493 2774 habita
2522 2730 2666 2775 esset
2718 2720 2907 2773 Joanni
2949 2720 3286 2788 evangelista
3334 2717 3529 2770 dicenti
3561 2733 3572 2767 :
3609 2715 3793 2768 Omnia
3821 2734 3912 2785 per

2319 2814 2485 2881 ipsum
2506 2818 2638 2883 facta
2659 2824 2771 2866 sunt
2795 2814 2969 2882 (.loan.
3005 2815 3052 2866 1.
3091 2814 3164 2880 5).
3193 2812 3468 2879 Quomodo
3495 2809 3753 2865 creditum
3778 2807 3911 2862 fuis-

2319 2915 2399 2959 set
2426 2907 2681 2974 apostolis
2705 2947 2717 2968 ,
2751 2906 2866 2958 rudi
2915 2905 3088 2973 lingua
3121 2904 3460 2972 loquentibus
3484 2945 3499 2966 ,
3532 2918 3652 2956 cum
3683 2901 3752 2955 de
3800 2901 3913 2955 Deo

2321 2997 2496 3050 Verbo
2523 2996 2888 3058 afﬁrmarent,
2931 2996 3210 3060 Creatore,
3258 2994 3543 3048 Servatore
3569 3033 3583 3056 ,
3617 2991 3908 3060 sapientis-

2320 3088 2456 3141 simo
2492 3128 2504 3151 ,
2559 3087 2820 3139 doctore?
2867 3086 3059 3138 Verum
3107 3084 3470 3152 apostolorum
3523 3081 3699 3152 lingua
3755 3089 3913 3134 erant

2320 3178 2612 3240 miracula;
2661 3193 2722 3231 os
2750 3177 3111 3246 apostolorum
3168 3184 3283 3230 erat
3337 3184 3579 3229 mortuus
3605 3173 3913 3233 suscitatus.

2322 3269 2541 3324 claudus
2585 3269 2884 3322 ambulans.
2926 3267 3078 3334 Quod
3127 3278 3301 3320 autem
3351 3265 3606 3319 miracula
3661 3274 3916 3333 sequatur

2325 3361 2458 3415 ﬁdes
2485 3403 2498 3425 ,
2545 3361 2860 3415 testiﬁcatur
2902 3360 3171 3428 Scriptura
3199 3360 3414 3413 dicens:
3440 3357 3541 3410 Per
3567 3372 3747 3408 manus
3780 3356 3916 3408 enim

2324 3453 2666 3520 apostolorum
2727 3450 2912 3519 ﬁebant
2981 3451 3125 3517 signa
3186 3464 3370 3518 magna
3426 3458 3474 3499 ct
3551 3445 3783 3515 prodigia
3860 3446 3917 3497 in

2325 3542 2484 3612 plebe.
2533 3541 2813 3610 Stupebant
2859 3550 3025 3592 autem
3071 3555 3241 3592 omnes
3272 3581 3286 3602 ,
3333 3538 3591 3606 magisque
3633 3537 3917 3605 augebatur

2321 3633 2539 3702 quotidie
2589 3633 2808 3684 virorum
2852 3639 2898 3683 et
2937 3629 3204 3682 mulierum
3248 3629 3513 3681 multitudo
3547 3627 3703 3696 (Act.
3734 3627 3787 3679 5.
3820 3625 3912 3680 12.

2325 3724 2408 3777 14.
2441 3734 2488 3776 et
2517 3722 2571 3775 2.
2596 3724 2673 3790 7).
2724 3720 3091 3776 Prtelttcebant
3137 3719 3390 3774 miracula
3417 3759 3429 3778 .
3459 3728 3513 3771 et
3553 3718 3918 3785 sequebantur

2323 3814 2588 3883 dogmata.
2619 3812 2706 3867 Sic
2735 3823 2789 3866 et
2817 3812 2867 3864 in
2892 3813 3008 3881 lege
3042 3851 3057 3876 ,
3091 3811 3345 3879 przeibant
3371 3809 3621 3862 miracula
3667 3809 3718 3861 in
3741 3808 3914 3878 Egy-

2326 3917 2436 3977 pto,
2471 3921 2588 3975 qua:
2615 3904 2903 3975 probarent
2932 3905 3098 3958 Deum
3139 3917 3258 3956 esse
3278 3901 3608 3955 Creatorem.
3648 3901 3787 3954 Deus
3815 3917 3914 3953 au-

2327 4011 2452 4063 tem,
2501 4001 2670 4053 bonus
2700 4013 2819 4052 cum
2866 4006 3042 4060 esset,
3095 3995 3263 4049 noluit
3290 3995 3402 4062 ipse
3430 3994 3574 4047 solus
3621 3993 3912 4055 honorari,

2324 4093 2418 4145 sed
2451 4108 2569 4145 cmn
2599 4091 2776 4159 Moyse
2797 4089 3015 4158 gloriam
3046 4088 3269 4157 partitus
3296 4096 3394 4140 est.
3425 4085 3556 4151 Quia
3588 4085 3730 4139 enim
3766 4086 3908 4138 Deus

2325 4200 2388 4238 ex
2415 4183 2666 4253 Operibus
2691 4183 2801 4236 suis
2828 4181 3089 4250 apparuit,
3124 4179 3330 4248 Moyses
3355 4192 3566 4246 quoque
3587 4192 3706 4228 cum
3740 4177 3914 4244 gloria

2325 4278 2424 4346 ipsi
2471 4275 2664 4330 collata
2694 4274 2839 4327 visus
2877 4282 2955 4326 est
2987 4271 3177 4341 (Exod.
3211 4270 3300 4325 54.
3335 4269 3446 4337 ‘29).
3477 4268 3608 4322 Cum
3650 4269 3792 4321 enim
3821 4266 3916 4320 de-

2325 4366 2605 4421 scenderet
2634 4365 2800 4432 legem
2835 4372 3019 4416 tenens
3051 4404 3065 4427 ,
3095 4377 3163 4415 ne
3192 4361 3361 4430 ipsmn
3410 4370 3677 4427 tamquam
3711 4358 3916 4426 simpli-

2323 4474 2438 4513 cem
2470 4458 2735 4510 hominem
2767 4456 3097 4523 respicerent
3119 4495 3134 4518 ,
3165 4453 3306 4508 Deus
3335 4452 3446 4520 ejus
3494 4451 3696 4502 vultum
3741 4449 3913 4518 gloria

2324 4551 2530 4618 replet,
2563 4557 2619 4601 ut
2645 4546 2781 4614 quod
2830 4561 2892 4597 ex
2925 4544 3228 4597 infirmitate
3259 4551 3457 4595 natura:
3490 4541 3791 4604 deﬁciebat,
3817 4555 3915 4607 per

2323 4641 2503 4710 gratia:
2562 4636 2942 4706 plenitudinem
3015 4633 3344 4703 impleretur.
3398 4629 3713 4699 Cogitabam
3765 4630 3910 4683 enim

2323 4731 2522 4784 vultum
2550 4728 2717 4796 gloria
2746 4726 2992 4779 aﬁ'eclum
3036 4738 3143 4778 non
3168 4738 3286 4777 esse
3332 4738 3359 4776 a
3392 4723 3499 4775 Deo
3528 4722 3785 4774 alienum.
3835 4720 3912 4772 Ita

2323 4834 2532 4890 quoque
2586 4817 2838 4872 Servator
2881 4817 3084 4869 vultum
3135 4813 3386 4882 Stephani
3447 4813 3599 4880 primi
3658 4813 3914 4880 martyris

2323 4909 2605 4979 splendere
2631 4908 2858 4960 curavit.
2881 4906 2986 4960 Cur
3003 4906 3202 4959 vultum
3225 4903 3482 4971 Stephani
3510 4901 3796 4970 Splendcre
3826 4917 3916 4955 cn-

2323 5005 2501 5058 ravit?
2527 5003 2660 5070 Quia
2695 5013 2750 5055 ut
2781 5001 3123 5070 blasphemus
3152 4999 3464 5069 lapidandus
3493 5008 3608 5052 erat
3630 5038 3644 5060 ,
3678 5012 3803 5052 cum
3832 4999 3882 5051 di

2323 5105 2487 5159 ceret,
2528 5093 2684 5147 Video
2707 5095 2854 5146 ca’los
2879 5102 3099 5160 apertos,
3149 5102 3192 5143 et
3222 5090 3413 5144 Filium
3439 5090 3656 5141 hominis
3687 5099 3907 5143 stantem

2324 5207 2354 5242 a
2388 5189 2578 5242 dextris
2608 5187 2701 5240 Dei
2755 5188 2891 5256 (Act.
2922 5187 2951 5238 7
3011 5186 3080 5241 55
3107 5185 3158 5254 );
3192 5193 3532 5237 antevertens
3579 5183 3720 5237 Deus
3747 5198 3914 5251 ange-

2327 5281 2423 5332 lica
2457 5278 2622 5330 forma
2681 5276 2870 5328 faciem
2901 5276 3018 5343 ejus
3057 5273 3364 5336 coronavit;
3409 5281 3466 5324 ut
3495 5271 3718 5339 ingratis
3757 5285 3915 5323 mon-

2325 5380 2536 5433 straret,
2568 5385 2671 5423 non
2717 5368 2882 5438 gloria
2913 5366 3244 5420 afﬁciendum
3297 5364 3410 5417 fore
3430 5404 3444 5427 ,
3475 5363 3517 5415 si
3564 5361 3910 5430 blasphemus

2325 5471 2486 5516 esset.
2536 5460 2659 5515 lleri
2709 5474 2836 5527 ergo
2867 5459 3094 5511 diximus
3138 5457 3301 5509 Deum
3347 5455 3519 5524 primo
3565 5453 3652 5507 die
3701 5467 3767 5506 ex
3801 5467 3909 5507 non

2325 5551 2655 5606 exstantibus
2706 5549 2898 5603 fecisse
2965 5548 3161 5600 omnia.
3217 5546 3472 5614 Quodque
3539 5545 3731 5598 mirum
3789 5553 3909 5606 est,

2325 5657 2484 5712 opera
2509 5657 2612 5695 non
2635 5640 2794 5693 modo
2822 5640 3147 5694 creationem
3171 5638 3263 5692 Dei
3285 5638 3588 5698 osmndunt.
3618 5641 3713 5690 sed
3740 5637 3906 5690 etiam

2327 5734 2699 5788 haereticorum
2722 5732 3041 5799 impietatem
3072 5738 3383 5798 coarguunt.
3411 5727 3604 5794 Quaero
3647 5743 3908 5796 namque,

2326 5823 2592 5895 quomodo
2628 5822 2760 5877 facta
2806 5831 2928 5878 sunt
2955 5837 3016 5877 ea
3043 5836 3160 5894 qua:
3190 5834 3296 5875 non
3328 5825 3495 5882 erant,
3528 5816 3651 5886 quia
3704 5817 3807 5887 ipsi
3835 5816 3908 5872 de
