4094 6516
237 446 354 501 439

241 548 754 624 πρύνων.Βούλεται
774 549 828 601 δέ
857 549 1000 618 ἡμᾶς
1024 547 1053 599 6
1081 547 1173 600 τοῦ
1204 548 1339 602 Θεοῦ
1368 549 1522 614 λόγος
1539 543 1821 615 λαμπροὺς

247 633 345 702 μὲν
373 628 509 684 εἶναι
544 633 684 684 κατὰ
704 633 799 701 τὴν
830 630 1188 699 ἁποστολικὴν
1219 630 1454 683 διάθεσιν
1476 640 1494 659 ⁸
1519 629 1613 697 τὴν
1634 628 1823 692 λέγου-

246 731 378 766 σαν·
411 715 545 768 Ἵνα
599 710 702 782 ἦτε
756 714 835 776 ὡς
887 711 1200 780 φωστῆρες
1253 713 1324 766 ὲν
1371 714 1597 779 κόσμῳ,
1640 710 1824 776 λόγον

244 796 396 862 ζωῆς
416 796 758 864 ἐπέχοντες.
807 794 935 848 Ίδοὺ
965 798 997 864 ὴ
1030 795 1368 866 λαμπρότης.
1396 793 1651 846 Βούλεται
1679 791 1824 859 ἡμᾶς

243 873 380 934 εἶναι
418 877 493 945 μὴ
533 877 780 945 ἀμϐλείς,
833 876 948 929 ἀλλ’
986 876 1162 942 ὀξεῖς·
1219 874 1348 928 Ζῶν
1389 874 1518 943 γάρ,
1572 871 1756 940 φησὶν,
1792 872 1824 921 ό

242 961 422 1026 λόγος
441 958 545 1011 τοῦ
579 957 747 1022 Θεοῦ,
780 958 876 1010 καὶ
903 958 1174 1025 ἐνεργὴς,
1211 956 1308 1009 καὶ
1329 955 1653 1023 τομώτερος
1676 951 1823 1018 ὑπὲρ

244 1039 453 1094 πᾶσαν
475 1039 776 1109 μάχαιραν
813 1041 1120 1109 δίστομον.
1168 1037 1424 1091 Βούλεται
1459 1038 1605 1107 ἡμᾶς
1636 1037 1825 1105 παχεῖς

247 1121 322 1191 μὴ
365 1118 524 1186 εἶναι,
563 1123 695 1176 άλλά
730 1122 1011 1176 λεπτύνειν
1040 1122 1138 1191 τὴν
1178 1121 1414 1174 διάνοιαν
1434 1124 1544 1182 τοῖς
1570 1120 1821 1186 νοήμασι.

247 1206 416 1259 ὐπου
465 1205 573 1276 γάρ
626 1206 895 1276 παχύτης,
921 1203 1179 1275 ἀλλοτρία
1209 1202 1344 1256 Θεοῦ
1381 1203 1538 1270 λόγου
1560 1219 1572 1232 ·
1606 1201 1737 1253 ὅπου
1767 1198 1822 1251 δέ

242 1286 585 1359 λεπτομερὴς
618 1289 852 1350 διάνοια,
881 1287 1055 1340 οίκεία
1101 1285 1235 1340 Θεοῦ
1286 1286 1471 1355 νόμου.
1521 1284 1620 1336 Διά
1666 1281 1824 1336 τοῦτο

245 1370 514 1438 περὶτῶν
547 1370 864 1440 παχυτέρων
905 1369 1052 1436 λέγει
1096 1371 1128 1439 ή
1181 1369 1400 1438 Γραφή·
1448 1367 1556 1422 Καὶ
1604 1365 1825 1434 ἔφαγεν

259 1450 482 1513 Ἰακὼϐ,
535 1452 633 1506 καί
683 1451 1062 1520 ἐνεπλήσθη,
1113 1449 1440 1516 ἐλιπάνθη,
1493 1448 1822 1514 ἐπαχύνθη.

242 1531 590 1602 ἐπλατύνθη
616 1553 628 1564 ·
659 1533 1014 1602 ἐγκατέλιπε
1045 1533 1191 1587 Θεὸν
1217 1532 1323 1585 τὸν
1347 1530 1602 1596 ποιῆσαν
1615 1546 1685 1582 τα
1722 1529 1826 1580 αὺ-

243 1616 370 1667 τόν.
385 1615 520 1688 Φέρε
540 1616 715 1668 τοίνυν
739 1615 832 1668 καὶ⁸
861 1614 1018 1684 ήμῶν
1039 1615 1066 1666 6
1096 1613 1234 1676 θεῖος
1254 1613 1406 1682 λόγος
1425 1609 1824 1680 καταλαμπέτω

241 1696 344 1765 τήν
364 1698 617 1760 διάνοιαν,
635 1698 727 1750 καὶ
751 1697 981 1767 μάλιστα
1007 1697 1102 1766 τῆς
1133 1696 1292 1763 άγίας
1320 1697 1521 1765 ταύτης
1540 1692 1824 1763 προκειμὲ-

242 1801 342 1853 νης
358 1782 626 1852 νηστείας,
646 1783 678 1849 ἢ
695 1781 942 1834 λεπτύνει
960 1779 1027 1832 τὰ
1051 1779 1275 1849 σώματα
1303 1781 1394 1831 καὶ
1409 1778 1585 1844 όξύνει
1605 1777 1672 1828 τά
1689 1793 1821 1846 φρο-

240 1867 482 1935 νήματα.
514 1863 668 1916 Ἐστι
697 1864 801 1932 γάρ
823 1865 915 1916 καὶ
934 1861 1153 1931 νηστεία
1186 1861 1384 1923 παντὸς
1409 1857 1677 1929 ἀγιασμοῦ
1709 1875 1825 1929 τρο·

241 1949 361 2016 φὸς,
391 1946 484 1997 καὶ
520 1946 700 2015 μήτηρ
743 1943 995 2005 εὐσεϐοῦς
1027 1942 1282 2006 διανοίας.
1328 1943 1401 1994 Οὐ
1435 1941 1674 2012 ζητεῖται
1706 1938 1822 2001 πῶς

239 2026 625 2097 νηστεύσωμεν
651 2027 826 2094 μόνον,
851 2025 985 2077 ἀλλά
1010 2024 1126 2086 πῶς
1152 2023 1389 2086 εὐσεϐῶς
1416 2022 1819 2092 νηστεύσωμεν.

241 2109 434 2164 Πολλοὶ
463 2109 555 2161 καὶ
583 2107 672 2160 διά
699 2107 959 2176 δημοσίας
975 2107 1158 2176 χρείας
1179 2105 1516 2176 πραγμάτων
1535 2105 1822 2175 νηστεύου-

241 2209 349 2250 σιν.
382 2191 495 2244 ἀλλ’
524 2191 583 2242 ού
607 2190 876 2258 λογίζεται
895 2189 1077 2252 αὐτοῖς
1097 2190 1177 2251 είς
1197 2188 1469 2258 νηστείαν.
1489 2187 1544 2240 Ὀ
1561 2187 1668 2256 γὰρ
1702 2203 1824 2238 σκο-

241 2274 343 2335 πὸς
373 2274 649 2342 κρίνεται,
675 2271 772 2340 οὐχ
806 2271 1065 2341 ήάνάγκη
1103 2270 1476 2338 στεφανοῦται.
1507 2270 1661 2323 Μετά
1690 2267 1822 2321 ταύ-

237 2372 340 2422 της
356 2356 450 2423 τῆς
467 2353 838 2424 άγιοπρεποῦς
857 2352 1242 2415 καταστάσεως
1257 2354 1285 2405 6
1300 2353 1568 2422 μακάριος
1585 2353 1717 2403 Μωῡ
1726 2352 1823 2420 σῆς

235 2454 330 2489 τιν
354 2439 514 2506 νόμον
547 2435 859 2490 ἐπαιδεύετο
879 2436 937 2490 ἐν
963 2434 1040 2505 τῷ
1066 2436 1202 2508 ὄρει,
1221 2437 1314 2489 καὶ
1334 2437 1432 2508 τήν
1463 2435 1821 2506 δημιουργίαν

239 2522 574 2575 ἐδιδάσκετο.
605 2522 829 2592 Εἴρηται
856 2519 1034 2574 τοίνυν
1065 2521 1194 2591 ἡμῖν
1212 2523 1277 2591 τῇ
1300 2520 1426 2589 χθὲς
1447 2519 1648 2590 ἡμέρᾳ,
1685 2520 1765 2572 ὃτι
1793 2520 1820 2571 6

239 2604 370 2666 Θεὸς
395 2606 600 2676 μέλλων
625 2604 822 2659 διδόναι
845 2603 937 2656 τὸν
961 2603 1125 2674 νόμον
1139 2605 1229 2656 διὰ
1245 2606 1378 2658 Μωῦ
1388 2603 1541 2666 σέως,
1559 2603 1819 2673 πρότερον

240 2685 440 2751 ἔδειξεν
461 2687 652 2740 ἐαυτὸν
676 2687 1024 2756 δημιουργὸν,
1052 2687 1148 2739 καὶ
1179 2687 1298 2739 τόντε
1329 2685 1639 2756 νομοθέτην.
1665 2683 1816 2755 [446]

239 2768 414 2822 Πόθεν
437 2768 699 2836 ἠδύναντο
714 2769 762 2820 οί
780 2769 1019 2820 Ἰουδαῖοι
1034 2767 1340 2832 πιστεῦσαι,
1355 2768 1434 2819 ὅτι
1455 2768 1483 2817 6
1497 2767 1625 2828 Θεὸς
1644 2765 1821 2833 ἐποίη-

243 2868 304 2904 σε
336 2850 426 2902 τὸν
445 2850 670 2920 οὐρανὸν
691 2851 784 2902 καὶ
814 2850 912 2921 τὴν
941 2850 1042 2920 γῆν
1059 2851 1152 2904 καὶ
1181 2850 1354 2902 πάντα
1379 2849 1446 2901 τὰ
1470 2850 1525 2901 ἐν
1545 2849 1743 2910 αὐτοῖς,
1771 2849 1818 2899 εί

245 2932 322 3003 μή
345 2931 557 3003 πρῶτον
573 2932 793 3002 ἐποίησε
816 2932 881 2984 τὰ
903 2930 1001 2984 θαύ
1011 2949 1156 3001 ματα
1171 2934 1227 2984 ἐν
1245 2931 1524 3000 Αἰγύπτῳ,
1542 2929 1821 2984 δεικνύντα

239 3014 405 3068 αὑτὸν
435 3015 760 3085 δημιουργὸν
781 3014 880 3084 τῆς
909 3014 1264 3084 οίκουμὲνης;
1291 3013 1476 3082 Ἡμεῖς
1502 3013 1820 3081 διδάσκομεν

238 3095 331 3146 ἵνα
380 3094 685 3162 πείσωμεν·
719 3094 747 3144 6
792 3092 926 3156 Θεὸς
970 3093 1148 3145 πείθει
1201 3094 1288 3146 ἵνα
1345 3089 1550 3162 διδάξῃ.
1605 3091 1819 3162 Ἐπειδὴ

233 3175 434 3245 ἔμελλε
480 3175 710 3246 ὸιωῦσῆς
758 3174 1066 3229 ἐκτίθεσθαι
1125 3174 1220 3227 καὶ
1269 3175 1480 3242 λέγειν,
1511 3176 1588 3226 ὅτι
1633 3175 1660 3226 6
1690 3173 1820 3236 Θεὸς

233 3259 465 3329 ἐποίησε
491 3258 581 3311 τὸν
619 3257 866 3328 οὐρανὸν,
893 3260 985 3312 καὶ
1007 3259 1103 3330 τὴν
1132 3260 1258 3328 γῆν,
1283 3260 1376 3312 καὶ
1402 3258 1497 3328 τήν
1525 3257 1817 3320 θάλασσαν,

233 3343 335 3396 καὶ
359 3341 534 3393 πάντα
587 3341 654 3393 τὰ
706 3344 763 3393 ἐν
793 3342 993 3404 αὐτοῖς,
1041 3343 1086 3394 εί
1129 3343 1202 3412 μὴ
1240 3340 1453 3409 πρῶτον
1501 3341 1722 3410 ἐποίησε
1753 3340 1821 3392 τά

233 3424 493 3493 θαύματα
529 3424 584 3476 ἐν
614 3425 892 3494 Αἰγύπτῳ,
925 3425 1017 3476 καὶ
1061 3424 1260 3488 ἔδειξεν
1309 3425 1386 3476 ’ὁτι
1441 3423 1658 3475 πάντων
1704 3423 1819 3477 ἐστὶ

232 3511 350 3564 τῶν
405 3508 716 3578 κτισμάτων
772 3508 1121 3578 δημιουργὸς,
1167 3508 1266 3561 οὐκ
1313 3506 1376 3560 ἂν
1433 3506 1749 3560 ἐπίστευσεν
1792 3507 1820 3558 6

233 3594 391 3653 λαὸς,
411 3593 492 3645 ὅτι
516 3593 544 3644 6
577 3591 706 3656 Θεὸς
742 3592 962 3660 ἐποίησε
994 3591 1082 3644 τὸν
1111 3590 1336 3663 ούρανὸν
1358 3590 1450 3642 καὶ
1477 3591 1576 3660 τήν
1613 3591 1736 3659 γῆν.
1757 3590 1818 3642 EE

237 3677 320 3748 μὴ
348 3675 576 3739 ἐξέτεινε
607 3674 820 3745 πρῶτον
851 3673 1090 3744 Μωῦσῆς
1119 3675 1213 3737 τὰς
1243 3677 1427 3744 χεῖρας
1454 3674 1532 3736 είς
1553 3674 1641 3726 τὸν
1666 3675 1820 3744 ούρα-

232 3761 354 3819 νὸν,
390 3757 482 3808 καὶ
521 3759 821 3827 κατήνεγκε
849 3756 1089 3825 χάλαζαν
1119 3759 1212 3810 καὶ
1245 3759 1376 3827 πῦρ,
1411 3759 1504 3810 καὶ
1540 3756 1739 3826 ἔμαθον
1770 3758 1817 3808 οί

230 3841 360 3897 λαοὶ
390 3839 476 3892 διὰ
507 3839 600 3893 τοῦ
643 3839 834 3892 πιστοῦ
888 3839 1232 3907 θεράποντος,
1264 3841 1344 3892 ὅτι
1390 3840 1524 3909 αὕτη
1569 3841 1599 3908 ή
1653 3839 1818 3909 θνητή

228 3924 389 3991 δεξιὰ
419 3925 560 3993 λόγῳ
590 3921 723 3974 Θεοῦ
759 3921 1059 3991 κινηθεῖσα,
1082 3922 1172 3974 τὸν
1207 3923 1433 3993 οὐρανὸν
1468 3921 1695 3993 ἐτάραξε
1727 3923 1819 3973 καὶ

229 4008 342 4076 τὴν
360 4005 716 4075 δημιουργίαν
745 4005 972 4056 ἐθόλωσε
993 4021 1008 4036 ·
1063 4005 1243 4073 πολλῷ
1271 4005 1467 4073 μᾶλλον
1495 4007 1526 4073 ή
1559 4003 1652 4056 τοῦ
1683 4001 1816 4055 Θεοῦ

230 4089 599 4149 κελεύσαντος
627 4086 778 4151 δεξιά
791 4087 994 4156 ήδρασε
1014 4085 1104 4138 τὸν
1130 4088 1356 4156 οὐρανὸν
1380 4089 1474 4140 καὶ
1491 4087 1816 4156 ἐθεμελίωσε

227 4175 343 4242 τὴν
394 4172 514 4241 γῆν.
576 4169 762 4232 Οὐδεὶς
799 4169 908 4238 γὰρ
967 4171 1106 4221 κινεῖ
1167 4170 1551 4240 δημιουργίαν,
1608 4171 1673 4236 ἣν
1721 4168 1820 4220 οὐκ

228 4257 514 4325 ἐποίησεν.
560 4254 707 4306 Ἔδει
726 4251 902 4306 τοίνυν
934 4252 1234 4322 δειχθῆναι,
1254 4255 1338 4306 ὅτι
1372 4257 1398 4304 6
1430 4254 1560 4317 Θεὸς
1590 4253 1818 4322 ἐποίησε

226 4341 342 4409 τὴν
367 4341 487 4408 γῆν·
514 4337 746 4402 ἐξέτεινε
773 4336 1012 4405 Μωῦσῆς
1030 4335 1127 4406 τὴν
1156 4340 1314 4406 χεῖρα
1344 4338 1422 4398 είς
1452 4337 1549 4405 τὴν
1569 4339 1692 4406 γῆν.
1727 4334 1820 4388 καὶ

229 4421 465 4491 ἐξῆλθον
516 4425 758 4483 σκνῖπες.
792 4420 936 4472 Ἔδει
968 4420 1127 4472 πάλιν
1158 4420 1454 4489 δειχθῆναι,
1488 4421 1569 4472 ὃτι
1619 4421 1646 4471 6
1689 4419 1820 4482 Θεὸς

228 4505 463 4574 ἐποίησε
486 4504 545 4556 τὸ
572 4502 715 4571 πῦρ·
759 4502 917 4554 ἔλαϐε
964 4501 1204 4570 Μωῦσῆς
1238 4503 1463 4572 αἱθάλην
1508 4502 1818 4570 καμιναίας,

229 4589 339 4645 καὶ
373 4587 538 4638 ἐπασε
575 4583 720 4655 (sic),
768 4585 858 4638 καὶ
886 4583 1168 4655 ἐπλήρωσε
1199 4584 1269 4637 τά
1316 4583 1540 4655 σώματα
1567 4585 1675 4636 τῶν
1725 4587 1820 4637 Al-

228 4670 484 4740 γυπτίων
514 4669 685 4722 ἐλκῶν
715 4667 909 4736 φλογὸς
947 4667 1098 4737 δίκην
1138 4666 1385 4730 ζεόντων.
1428 4668 1572 4721 Ἔδει
1611 4667 1821 4736 δειχθῆ-

230 4772 358 4814 ναι,
391 4753 470 4804 ὅτι
497 4753 525 4804 6
546 4751 680 4813 Θεὸς
713 4750 771 4802 τὸ
792 4750 933 4822 ὕδωρ
964 4749 1186 4819 ἐποίησε
1205 4767 1219 4781 ·
1255 4749 1556 4819 μετεϐλήθη
1591 4749 1650 4800 τὸ
1679 4749 1820 4818 ὕδωρ

231 4839 323 4898 είς
358 4828 514 4904 αἷμα.
536 4832 684 4885 Ἔδει
706 4833 1002 4902 δειχθῆναι,
1040 4832 1122 4884 ὅτι
1161 4833 1382 4901 ἐποίησε
1407 4831 1503 4902 τὴν
1527 4831 1817 4884 θάλασσαν·

231 4915 530 4987 ὲπετρώθη
547 4915 574 4955 δ
603 4918 636 4986 ή
659 4915 921 4978 θάλασσα,
946 4915 1038 4966 καὶ
1057 4913 1328 4983 παρῆλθεν
1357 4915 1384 4964 ὁ
1419 4914 1563 4977 λαός.
1602 4913 1822 4984 Πρῶτον

228 4997 336 5056 οὖν
366 4998 532 5064 ἔδειξε
587 4998 674 5051 διά
717 4999 824 5052 τῶν
871 4997 1068 5068 ἔργων,
1100 4997 1180 5049 ὅτι
1231 4997 1528 5067 Δεσπότης,
1572 4999 1666 5050 καὶ
1700 4998 1822 5050 τότε

231 5084 561 5155 ἡρμήνευσε
593 5081 679 5134 διὰ
707 5082 815 5133 τῶν
837 5079 1028 5148 λόγων,
1063 5081 1143 5132 ὅτι
1175 5080 1431 5150 Ποιητής.

315 5165 381 5233 β’.
422 5164 577 5217 Οὕτω
599 5165 691 5216 καὶ
709 5167 736 5216 6
763 5163 951 5233 Σωτὴρ
969 5163 1025 5214 ἐν
1044 5162 1120 5232 τῷ
1145 5161 1460 5232 Εὑαγγελίῳ
1481 5161 1540 5212 οὐ
1564 5160 1824 5232 πρότερον

229 5245 504 5312 ἐδίδαξεν,
536 5246 640 5310 ἓως
661 5245 1161 5315 ἐθαυματούργησε.
1193 5245 1414 5313 Πρῶτον
1442 5247 1682 5314 σημεῖον,
1705 5263 1825 5313 μετ·

305 5387 334 5416 ³
360 5384 575 5435 Combef.
601 5384 866 5445 legendum
888 5388 1027 5446 putat
1051 5385 1272 5440 διάταξιν.

303 5448 338 5486 ι’
380 5446 646 5515 Ἐπετρῴθῃ
683 5449 718 5515 ᾖ
768 5448 1000 5515 θάλασσα.
1045 5446 1262 5515 (Ζοῐηὺεΐ.
1300 5448 1472 5515 Δνονιίι,
1519 5445 1827 5515 όίυίδιιηιρδι

227 5521 398 5565 mare,
431 5506 568 5570 ειυδεὶ
593 5509 651 5555 ab
677 5506 1022 5570 ἐπιτιτρώσκω,
1047 5506 1259 5570 pcrforo.
1287 5509 1350 5556 Al
1392 5514 1511 5568 pulo
1539 5511 1773 5570 ἐπετρώθη
1801 5525 1827 5560 a

225 5571 429 5630 πετρὸω
449 5566 800 5618 Ηοόιιοειιόιιηι
834 5566 973 5624 esse.
1002 5566 1054 5616 in'
1073 5566 1222 5630 petra:
1262 5566 1486 5617 natuiam
1516 5566 1664 5618 mulo'.
1708 5566 1826 5619 Nam

229 5638 312 5685 ait
337 5629 606 5687 Scriptura,
638 5642 773 5676 mare
805 5630 941 5688 quasi
964 5629 1154 5677 murum
1178 5629 1357 5689 fuisse;
1385 5636 1523 5678 certe
1548 5636 1585 5679 si
1612 5633 1674 5678 de
1699 5633 1824 5680 divi-

229 5699 383 5744 sione
419 5692 574 5755 maris
614 5697 874 5755 ageretur,
922 5690 1052 5741 aliud
1090 5693 1409 5755 quazrcndum
1456 5693 1656 5744 verbum
1701 5700 1824 5752 erat,

229 5767 389 5818 quam
412 5753 756 5814 ἐπιτιτρὼσκω.

1243 426 1331 480 ΒΕ
1367 423 1585 482 ΜυΝΟι
1613 417 2008 478 CREATIONE
2045 418 2301 478 ORATIO
2341 419 2407 474 ΙΙ.

3382 427 3495 481 440

1927 541 2088 595 ἔϐαλε
2131 543 2192 596 τὸ
2222 542 2364 613 ὕδωρ
2406 542 2484 605 είς
2528 537 2687 607 οῖνον,
2734 541 2826 595 καὶ
2871 539 2930 594 ού
2966 539 3208 609 φαίνεται
3251 538 3356 610 πρὸ
3399 537 3493 592 τοῦ

1926 625 2153 694 σημείου
2182 625 2370 678 τούτου
2396 625 2611 691 διδάξας
2628 641 2641 656 ·
2677 625 2784 678 ἔδει
2809 624 2916 694 γὰρ
2946 622 3235 693 προλαϐεῖν
3255 622 3316 674 τὸ
3335 621 3494 692 ἔργον

1927 708 2018 760 καὶ
2049 708 2407 779 ἀκολουθῆσαι
2435 710 2523 762 τὸν
2555 709 2728 776 λόγον.
2773 707 2872 761 Διά
2899 706 3054 760 τοῦτο
3091 707 3119 756 6
3152 705 3495 774 συγγραφεὺς

1925 790 2105 859 λέγει·
2137 792 2246 844 Τὸν
2288 791 2404 860 μὲν
2446 791 2681 860 πρῶτον
2727 795 2912 860 λόγον
2956 789 3334 860 ἐποιησάμην
3361 787 3493 855 περὶ

1926 874 2186 937 πάντων,
2211 869 2257 928 ὦ
2288 875 2554 944 Θεόφιλε,
2581 869 2669 927 ὧν
2695 872 2917 942 ἤρξατο
2941 878 2974 929 ὁ
3026 873 3254 941 Ἰησοῦς
3304 870 3496 925 ποιεῖν

1926 974 1990 1010 τε
2027 957 2126 1010 καὶ
2176 955 2504 1011 διδάσκειν.
2539 954 2659 1018 Πῶς
2695 956 2881 1025 ἔμελλε
2910 956 3177 1009 διδάσκειν
3215 957 3243 1008 ὀ
3281 953 3492 1023 Σωτὴρ.

1925 1039 2272 1113 ὅτιοποιητής
2297 1039 2412 1092 ἐστι
2442 1037 2534 1092 ¹τοῦ
2589 1039 2825 1106 κόσμου;
2865 1039 2927 1090 El
2962 1039 3034 1110 μὴ
3066 1039 3174 1108 γὰρ
3199 1048 3219 1077 ο
3264 1036 3493 1104 ἐφώτισε

1924 1123 2050 1184 τοὺς
2105 1121 2413 1192 ὀφθαλμοὺς
2469 1119 2562 1175 τοῦ
2620 1119 2852 1190 τυφλοῦ,
2911 1122 3010 1173 οὑκ
3071 1121 3136 1174 ἂν
3202 1118 3493 1188 ἐπιστεύθη

1926 1203 2133 1270 λέγων·
2176 1204 2322 1274 Ἐγώ
2372 1208 2487 1274 ειμι
2531 1203 2600 1257 τὸ
2658 1204 2783 1274 φῶς
2831 1203 2936 1257 τοῦ
2992 1205 3244 1272 κόσμου.
3301 1202 3361 1254 Εἰ
3420 1201 3494 1272 μή

1927 1287 2115 1358 ἤγειρε
2133 1287 2402 1359 Λάζαρον,
2434 1288 2532 1342 οὐκ
2573 1287 2637 1340 ἂν
2666 1287 2987 1339 ἐπίστευσαν
3015 1287 3061 1338 οί
3095 1283 3377 1346 ἀκούοντες
3406 1283 3496 1335 λέ-

1928 1384 2107 1435 γοντι·
2166 1369 2310 1438 Ἐγώ
2337 1371 2452 1440 εἰμι
2501 1371 2539 1438 ἠ
2583 1368 2691 1436 ζωὴ
2733 1368 2829 1422 καὶ
2858 1369 2895 1434 ἡ
2945 1367 3296 1432 ἀνάστασις.
3323 1366 3384 1418 El
3421 1366 3494 1435 μὴ

1930 1451 2138 1514 πτύσας
2177 1453 2258 1517 είς
2297 1454 2396 1524 τὴν
2432 1454 2533 1523 γῆν
2579 1451 2796 1523 ἐποίησε
2829 1451 3015 1522 πηλὸν,
3061 1450 3156 1503 καὶ
3198 1451 3379 1521 ἔχρισε
3407 1448 3496 1501 τὸν

1928 1533 2123 1601 τυφλὸν
2143 1573 2157 1596 ,
2190 1536 2288 1588 οὐκ
2316 1534 2380 1588 ἂν
2422 1534 2734 1605 ἐπιστεύθη,
2761 1534 2840 1587 ὅτι
2880 1534 3038 1596 αὑτός
3077 1536 3220 1586 ἐστιν
3258 1534 3286 1584 6
3318 1527 3495 1584 λαϐὼν

1928 1613 2058 1684 χοῦν
2086 1615 2193 1668 ἀπὸ
2223 1617 2321 1685 τῆς
2349 1616 2452 1684 γῆς
2481 1617 2573 1668 καὶ
2597 1616 2806 1680 πλάσας
2829 1617 2918 1668 τὸν
2948 1614 3134 1683 Ἀδάμ.
3156 1616 3216 1666 Et
3248 1612 3320 1682 μή
3347 1630 3496 1682 περι-

1928 1699 2197 1767 επάτησεν
2229 1700 2320 1752 ἐπὶ
2352 1699 2446 1768 τῆς
2474 1699 2766 1768 θαλάσσης,
2805 1699 2904 1751 οὐκ
2933 1701 2999 1752 ἂν
3025 1699 3191 1767 ἐφάνη
3223 1697 3492 1764 Δεσπότης

1927 1783 2024 1850 τῆς
2049 1781 2340 1851 θαλάσσης.
2401 1781 2461 1834 El
2497 1781 2570 1852 μὴ
2601 1781 2898 1851 ἐπετίμησε
2930 1780 3006 1850 τῷ
3038 1781 3240 1848 ἀνέμῳ,
3281 1779 3379 1831 οὐκ
3429 1778 3494 1830 ἂν

1928 1865 2142 1934 ἐδείχθη
2189 1864 2464 1934 Δεσπότης
2488 1865 2594 1916 τῶν
2623 1864 2857 1934 ἀνέμων.
2887 1861 2984 1914 Διά
3021 1861 3177 1915 τοῦτο
3215 1860 3495 1930 ἄνθρωπος

1932 1947 2027 2016 μὲν
2059 1943 2126 2016 ἦν
2156 1947 2494 2015 φαινόμενος,
2531 1947 2618 1999 διά
2666 1947 2722 1998 δὲ
2759 1945 2867 1998 τῶν
2901 1945 3189 2015 θαυμάτων
3238 1943 3312 2004 ὡς
3363 1941 3494 2005 Θεὸς

1927 2029 2321 2098 γνωριζόμενος
2355 2029 2447 2082 καὶ
2489 2027 2859 2098 δοξαζόμενος.
2925 2028 2983 2079 '0
3015 2027 3202 2096 Σωτὴρ
3251 2023 3380 2092 γοῦν
3410 2026 3496 2089 ἐξ-

1927 2110 2156 2181 έπληττε
2186 2111 2312 2175 τοὺς
2345 2111 2613 2182 μαθητὰς,
2656 2114 2748 2164 καὶ
2778 2111 2959 2178 ἔλεγον
2983 2127 2997 2142 ·
3030 2111 3301 2172 Ποταπός
3326 2109 3496 2160 ἐστιν

1927 2189 2123 2259 οὗτος,
2160 2193 2247 2247 ὅτι
2271 2196 2325 2247 οὶ
2357 2195 2561 2263 ἄνεμοι
2585 2194 2681 2250 καὶ
2711 2195 2748 2261 ἡ
2776 2195 3058 2247 θάλασσα
3082 2192 3496 2246 ὑπακούουσιν

1927 2275 2114 2340 αὑτῷ;
2143 2276 2348 2342 Ἔδειξε
2396 2276 2610 2346 πρῶτον
2637 2275 2978 2329 ὑπακούοντα
3007 2274 3074 2327 τά
3102 2275 3338 2342 στοιχεῖα
3358 2313 3371 2336 ,
3401 2271 3495 2325 καὶ

1927 2361 2044 2413 τότε
2077 2361 2382 2431 ἡρμήνευσε
2421 2359 2509 2413 διὰ
2537 2358 2642 2411 τῶν
2677 2359 2871 2429 ἔργων,
2916 2359 2992 2410 ὅτι
3030 2357 3203 2409 πάντα
3229 2356 3293 2408 δι’
3330 2353 3494 2407 αὑτοῦ

1925 2444 2158 2511 ἐγένετο.
2197 2443 2402 2508 Ἐδειξε
2439 2442 2651 2514 πρῶτον
2673 2442 3032 2496 ὑπακούοντα.
3069 2441 3131 2493 Et
3166 2441 3238 2511 μὴ
3276 2438 3492 2510 πρῶτον

1924 2527 2134 2596 ἐδείχθη
2187 2529 2219 2596 ή
2268 2526 2446 2589 κτίσις
2495 2525 2872 2589 ὕπακούουσα,
2911 2523 3061 2596 [447]
3106 2523 3204 2576 οὐκ
3253 2523 3317 2574 ἂν
3379 2523 3495 2574 ἐπι-

1926 2608 2121 2678 στεύθη
2165 2609 2411 2680 Ἰωάννης
2435 2613 2462 2663 6
2493 2609 2893 2677 Εύατγελιστής
2937 2608 3136 2674 λέγων·
3182 2607 3381 2660 Πάντα
3421 2605 3495 2658 δι’

1924 2689 2108 2743 αὑτοῦ
2139 2690 2391 2758 ἐγένετο.
2424 2692 2547 2753 Πῶς
2586 2691 2847 2759 ἠδύναντο
2879 2690 2928 2741 οί
2963 2689 3249 2742 ἀπόστολοι
3277 2703 3496 2739 πιστευ-

1926 2770 2102 2839 θῆναι,
2132 2772 2402 2842 ἰδιωτικὴν
2423 2772 2633 2842 ἔχοντες
2660 2771 2929 2840 γλῶσσαν,
2963 2771 3339 2841 συνιστάμενοι
3366 2770 3494 2840 περὶ

1924 2855 2058 2908 Θεοῦ
2083 2856 2275 2924 Λόγου,
2309 2857 2672 2928 Δημιουργοῦ,
2708 2857 2978 2929 Σωτῆρος,
3014 2857 3310 2924 πανσόφου,
3351 2855 3494 2908 διδα-

1926 2938 2123 2991 σκάλου
2147 2955 2160 3004 ;
2201 2938 2411 3011 Ἀλλάή
2441 2939 2658 3008 γλῶσσα
2684 2940 2792 2992 τῶν
2818 2939 3126 2991 ἀποστόλων
3154 2938 3220 2990 τὰ
3247 2937 3496 3007 θαύματα

1922 3019 2010 3094 ἦν·
2042 3023 2102 3076 τὸ
2143 3022 2317 3094 στόμα
2342 3024 2449 3076 τῶν
2480 3024 2791 3077 ἀποστόλων
2815 3019 2882 3093 ἦν
2911 3024 3100 3093 νεκρὸς
3131 3023 3492 3092 ἐγειρόμενος.

1924 3106 2092 3178 χωλὸς
2111 3105 2448 3178 περιπατῶν.
2481 3106 2603 3159 Ὀτι
2633 3105 2687 3158 δέ
2717 3109 2826 3168 τοῖς
2857 3105 3127 3175 θαύμασιν
3155 3104 3433 3158 ἀκολουθεῖ
3460 3110 3490 3173 η

1924 3191 2124 3255 πίστις,
2164 3192 2432 3262 μαρτυρεῖ
2473 3191 2505 3261 ή
2545 3189 2731 3260 Γραφὴ
2776 3189 3032 3257 λέγουσα·
3079 3188 3181 3242 Διὰ
3226 3189 3334 3258 γὰρ
3379 3187 3497 3240 τῶν

1925 3273 2135 3341 χειρῶν
2174 3274 2294 3327 τῶν
2321 3275 2682 3328 ἀποστόλων
2726 3273 2962 3341 ἐγένετο
2998 3272 3216 3341 σημεῖα
3262 3271 3496 3341 μεγάλα

1924 3358 2022 3410 καὶ
2059 3355 2272 3425 τέρατα
2308 3357 2378 3410 ἐν
2403 3357 2481 3421 τῷ
2508 3354 2652 3421 λαῷ.
2679 3355 2786 3410 Καί
2818 3355 3133 3418 ἐξίσταντο
3158 3355 3223 3406 δὲ
3253 3353 3489 3420 πάντες,

1925 3440 2023 3493 καὶ
2041 3438 2282 3509 μᾶλλον
2302 3441 2718 3508 προσετίθεντο
2747 3440 2872 3491 καθ’
2897 3437 3124 3506 ἡμέραν
3141 3436 3373 3504 ἀνδρῶν
3397 3439 3494 3491 καὶ

1925 3523 2226 3592 γυναικῶν
2245 3523 2465 3590 πλήθη.
2500 3523 2823 3592 Προέλαμπε
2850 3522 2917 3574 τά
2951 3520 3222 3590 θαύματα,
3248 3520 3341 3572 καὶ
3368 3522 3497 3589 ἡκο-

1923 3606 2144 3659 λούθουν
2191 3607 2261 3659 τὰ
2303 3607 2566 3675 δόγματα.
2605 3605 2760 3658 Οὕτω
2798 3605 2890 3656 καὶ
2941 3604 2998 3656 ἐν
3044 3604 3121 3673 τῷ
3169 3604 3336 3672 νόμῳ,
3373 3621 3498 3674 προ-

1921 3691 2167 3761 ηγήσατο
2206 3690 2275 3743 τὰ
2325 3691 2384 3743 ἐν
2413 3689 2670 3758 Αἰγύπτῳ
2721 3687 2991 3758 θαύματα,
3054 3688 3364 3740 δεικνύοντα
3407 3687 3496 3740 τὸν

1923 3773 2053 3826 Θεὸν
2078 3773 2409 3844 δημιουργόν
2430 3812 2444 3826 .
2479 3772 2536 3823 Ὀ
2562 3771 2615 3823 δέ
2644 3770 2793 3833 Θεὸς,
2830 3771 3027 3838 ἀγαθὸς
3060 3770 3152 3832 ὢν,
3180 3770 3279 3822 οὐκ
3305 3769 3497 3838 ἠθέλη-

1925 3873 2015 3908 σεν
2065 3855 2254 3908 ἐαυτὸν
2306 3855 2463 3925 μόνον
2509 3854 2806 3924 σεμνῦναι,
2845 3853 2982 3906 ἀλλά
3026 3853 3304 3923 μερίζεται
3361 3852 3497 3916 μετὰ

1922 3941 2199 4004 Μωῦσέως
2214 3939 2311 4011 τὴν
2341 3940 2518 4004 δόξαν.
2558 3939 2769 4010 Ἐπειδὴ
2803 3938 2908 4010 γὰρ
2935 3941 2961 3990 6
2988 3938 3117 4001 Θεὸς
3148 3938 3315 4007 ἐφάνη
3345 3936 3402 3999 ἐξ
3422 3930 3496 3990 ὧν

1926 4025 2170 4094 ἐποίησε,
2204 4023 2450 4092 φαίνεται
2481 4023 2575 4075 καὶ
2608 4023 2847 4091 Μωῦσῆς
2894 4021 2950 4086 ἐξ
2992 4014 3064 4072 ὧν
3095 4019 3373 4088 ἐδοξάσθη.
3410 4019 3494 4080 Ὠς

1925 4107 2032 4177 γὰρ
2070 4105 2306 4174 κατῆλθε
2349 4105 2596 4174 κατέχων
2643 4104 2730 4156 τὸν
2777 4103 2958 4172 νόμον,
2991 4103 3075 4154 ἵνα
3114 4101 3187 4170 μὴ
3235 4102 3309 4162 ὡς
3357 4099 3497 4168 ψιλῷ

1926 4187 2196 4257 ἀνθρώπῳ
2232 4186 2570 4257 προσέχωσι,
2607 4183 2802 4254 πληροῖ
2828 4184 2994 4237 αὑτοῦ
3031 4186 3058 4236 6
3095 4183 3222 4244 Θεὸς
3255 4182 3410 4249 δόξης
3439 4182 3500 4232 τὸ

1924 4271 2234 4340 πρόσωπον,
2273 4270 2360 4322 ἵνα
2400 4270 2459 4322 τὸ
2513 4269 2696 4320 λεῖπον
2730 4270 2795 4338 τῇ
2841 4265 3096 4336 ἀσθενείᾳ
3139 4265 3238 4336 τῆς
3285 4264 3499 4333 φύσεως

1929 4352 2188 4422 πληρώσῃ
2221 4352 2279 4405 16
2335 4351 2584 4421 περιττὸν
2640 4350 2738 4418 τῆς
2795 4349 3032 4420 χάριτος.
3087 4347 3355 4400 Ἐνενόουν
3393 4346 3499 4415 γὰρ

1926 4437 2007 4489 ὅτι
2045 4436 2164 4504 ὄψις
2180 4434 2540 4504 δεδοξασμένη
2568 4434 2667 4487 ούκ
2694 4434 2838 4486 ἔστιν
2861 4431 3114 4502 ἀλλοτρία
3151 4430 3306 4482 Θεοῦ.
3346 4429 3499 4482 Οὕτω

1927 4518 2021 4572 καὶ
2061 4521 2088 4571 6
2116 4519 2302 4588 Σωτὴρ
2339 4517 2610 4586 Στεφάνου
2643 4517 2735 4569 τοῦ
2781 4517 3241 4587 πρωτομάρτυρος
3277 4513 3498 4583 ἐποίησε

1925 4601 2135 4671 λάμψαι
2182 4600 2244 4653 16
2298 4600 2605 4670 πρόσωπον.
2653 4599 2803 4650 Διατί
2854 4598 2910 4650 δέ
2944 4598 3164 4666 ἐποίησε
3203 4596 3408 4664 λάμψαι
3439 4595 3498 4647 τὸ

1927 4686 2216 4755 πρόσωπον
2251 4684 2557 4750 Στεφάνου;
2589 4681 2803 4750 Ἐπειδὴ
2832 4680 3052 4750 ἔμελλεν
3077 4679 3151 4742 ὡς
3185 4679 3498 4748 βλάσφημος

1926 4766 2256 4830 λιθάζεσθαι,
2283 4765 2470 4826 είπὼν,
2505 4764 2704 4832 Θεωρῶ
2728 4763 2869 4828 τοὺς
2898 4763 3189 4831 οὐρανοὺς
3215 4761 3500 4829 ἀνεῳγμέ-

1926 4867 2091 4913 νους,
2105 4849 2203 4902 καὶ
2223 4848 2330 4902 τὸν
2353 4848 2490 4901 Υἱὸν
2505 4847 2608 4901 τοῦ
2632 4848 2940 4914 ἀνθρώπου
2956 4846 3184 4900 ἑστῶτα
3199 4846 3264 4898 ἐκ
3289 4844 3500 4908 δεξιῶν

1928 4932 2032 4986 τοῦ
2056 4931 2231 4996 Θεοῦ,
2269 4930 2553 5002 προλαϐὼν
2586 4932 2612 4983 6
2638 4929 2768 4991 Θεὸς
2809 4929 3180 4999 ἐστεφάνωσεν
3210 4927 3372 4981 αὑτοῦ
3402 4928 3499 4998 τὴν

1927 5019 2048 5089 ὄψιν
2077 5017 2340 5088 άγγελικῇ
2376 5020 2580 5088 μορφῇ,
2610 5017 2696 5070 ἵνα
2728 5017 2885 5087 πείσῃ
2908 5019 3031 5079 τοὺς
3062 5014 3499 5086 ἀγνώμονας,ὂτι

1929 5101 2316 5172 εἱβλάσφημός
2369 5101 2504 5160 ἐστι,
2536 5100 2674 5154 διατί
2727 5099 3039 5162 δοξάζεταις
3070 5097 3210 5160 Χθές
3271 5098 3367 5167 μὲν
3407 5093 3500 5150 οὖν

1929 5186 2139 5254 εἴρηται
2169 5185 2325 5254 ἡμῖν,
2353 5184 2433 5236 ὅτι
2453 5186 2480 5236 6
2500 5182 2628 5245 Θεὸς
2654 5182 2716 5235 ἐκ
2737 5182 2808 5252 μὴ
2833 5181 3002 5234 ὅντων
3029 5181 3250 5250 ἐποίησε
3280 5180 3349 5232 τά
3370 5180 3500 5233 ὅντα

1928 5272 1993 5338 τῇ
2025 5268 2215 5338 πρώτῃ
2269 5266 2471 5336 ἡμέρᾳ.
2511 5266 2617 5318 Καὶ
2651 5265 2710 5318 τὸ
2753 5265 3081 5336 θαυμαστὸν,
3125 5266 3204 5318 ὃτι
3249 5263 3310 5317 οὕ
3342 5264 3499 5334 μόνον

1929 5352 2026 5422 τὴν
2059 5351 2417 5421 δημιουργίαν
2446 5350 2537 5403 τοῦ
2561 5349 2692 5402 Θεοῦ
2716 5349 2948 5402 δείκνυσι
2970 5348 3039 5400 τά
3058 5349 3212 5417 ἔργα,
3243 5347 3376 5400 ἀ).λά
3406 5349 3500 5400 καὶ

1927 5435 2036 5488 τῶν
2071 5435 2356 5504 αἱρετικῶν
2387 5434 2482 5504 τήν
2504 5433 2756 5486 ἀσέϐειαν
2780 5433 3109 5501 ἐλέγχουσιν.
3130 5431 3344 5502 Ἐρωτῶ
3368 5433 3495 5502 γάρ’

1929 5518 2011 5571 Τὰ
2039 5518 2111 5589 μή
2144 5518 2273 5570 ὅντα
2295 5517 2410 5579 πῶς
2431 5518 2664 5586 ἐγένετο,
2705 5515 2890 5586 ἐπειδὴ
2916 5513 3150 5584 περὶτοῦ
3188 5515 3337 5575 όντος
3371 5515 3502 5584 ἐρω-

1928 5601 2080 5664 τῶσι,
2113 5600 2228 5664 πῶς
2253 5599 2550 5670 ἐγεννήθης
2583 5599 2643 5652 Εί
2689 5598 2762 5669 μὴ
2795 5595 2880 5669 ἦν,
2911 5598 3123 5661 εἴπωσι,
3155 5598 3222 5649 τὰ
3249 5597 3325 5666 μὴ
3372 5596 3499 5650 ὄντα

1996 5760 2018 5788 ε
2057 5756 2287 5807 Additum
2308 5757 2394 5818 γάρ
2418 5769 2446 5806 c
2471 5756 2578 5806 Sav.
