4102 6514
248 445 357 500 441

246 556 310 593 eo
339 539 430 610 qui
474 548 589 595 erat
638 547 904 609 quarrunt,
946 535 1216 606 quomodo
1239 534 1450 605 genitus
1502 534 1590 588 sit.
1618 532 1673 586 Si
1721 545 1825 584 non

247 640 404 684 erant
430 630 516 683 illa
548 646 651 683 non
684 630 943 682 exstantia
966 670 981 693 ,
1012 628 1208 691 dicant,
1242 624 1509 695 quomodo
1535 623 1670 677 facta
1697 623 1825 676 sint.

246 720 398 787 Quod
428 735 533 775 non
560 730 663 786 est,
698 736 801 773 non
830 720 1061 774 efficitur
1103 718 1394 773 secundum
1425 716 1715 770 humanum
1744 729 1828 767 ra-

246 810 541 875 tiocinium,
565 824 668 864 non
692 810 817 863 item
849 808 1139 864 secundum
1159 807 1389 860 divinam
1416 808 1686 860 virtutem.
1717 805 1829 858 Ali-

243 898 456 964 quando
476 898 606 953 dicit
628 897 910 953 haereticus
934 915 947 962 ;
979 898 1120 951 Dixit
1144 898 1364 961 Deus,et
1391 895 1527 949 facta
1549 904 1690 949 sunt.
1722 894 1824 949 Sed

243 1002 385 1041 nunc
415 1002 528 1043 rem
553 987 754 1050 dixisti,
786 1002 888 1041 non
920 987 1155 1042 modum.
1188 986 1331 1040 Dixit
1360 985 1518 1052 Deus,
1550 984 1670 1037 Fiat
1695 984 1784 1037 tua:
1810 1000 1827 1036 :

248 1079 452 1133 factum
487 1088 569 1133 est
607 1079 655 1133 id
683 1079 823 1148 quod
852 1094 957 1132 non
982 1088 1117 1133 erat.
1150 1078 1340 1132 Sermo
1375 1078 1425 1130 in
1454 1092 1565 1131 rem
1594 1084 1828 1129 mutatus

241 1180 327 1223 est
348 1188 362 1233 ;
384 1178 528 1239 puta,
557 1171 667 1239 ipsa
688 1185 788 1223 vox
817 1184 1028 1238 egressa
1054 1168 1189 1222 facta
1216 1176 1299 1223 est
1321 1168 1433 1222 lux.
1457 1167 1592 1237 Ergo
1624 1181 1725 1220 non
1748 1174 1829 1219 est

240 1274 308 1313 ex
338 1274 439 1314 non
462 1261 813 1327 exstantibus,
834 1260 928 1315 sed
955 1276 1019 1313 ex
1049 1260 1328 1315 existente.
1363 1258 1492 1326 Quis
1522 1259 1663 1313 enim
1692 1259 1827 1311 ausit

238 1350 421 1406 dicere
453 1352 683 1408 Verbum
718 1369 821 1405 non
850 1352 1100 1406 exstare?
1132 1351 1272 1421 Ergo
1303 1351 1433 1404 nihil
1458 1350 1581 1405 fecit
1607 1365 1671 1403 ex
1723 1366 1825 1403 non

237 1444 591 1508 exstantibus,
623 1445 715 1499 sed
743 1462 812 1499 ex
846 1445 934 1498 illo
960 1462 971 1497 :
1005 1445 1185 1512 sicque
1214 1444 1549 1511 reperiuntur
1572 1451 1828 1497 creatura:

240 1536 341 1603 ipsi
356 1536 852 1601 consubstantiales,
872 1535 1078 1605 etquod
1099 1535 1166 1589 de
1189 1535 1324 1589 Filio
1340 1536 1516 1590 dicere
1538 1536 1824 1605 refugiunt,

239 1627 293 1681 id
321 1628 577 1682 creaturis
597 1627 923 1682 adscribunt.
948 1628 1143 1683 Verum
1175 1642 1360 1681 rursus
1382 1627 1567 1681 aretati
1595 1627 1778 1681 dicunt
1802 1644 1815 1680 :

242 1720 503 1774 \‘oluntas
534 1721 624 1774 Dei
653 1735 712 1773 ea
739 1736 857 1789 qtne
889 1736 990 1773 non
1024 1728 1176 1775 erant
1206 1721 1383 1774 effecit
1413 1737 1425 1783 ;
1457 1721 1601 1788 atqui
1631 1719 1823 1773 volun-

237 1821 322 1865 tas
346 1810 398 1865 id
425 1811 563 1880 quod
598 1827 701 1865 non
731 1821 844 1866 erat
876 1811 1146 1881 producit;
1177 1822 1360 1864 natura
1393 1820 1569 1865 autem
1604 1812 1654 1865 id
1686 1810 1823 1880 quod

235 1912 353 1957 erat
394 1918 500 1957 non
539 1903 723 1974 gignit.
785 1907 861 1958 Ae
911 1904 1154 1957 mirabile
1212 1904 1391 1971 utique
1436 1913 1537 1957 est.
1583 1903 1823 1971 Exempli

234 2008 395 2047 causa
428 1994 619 2064 loquor
654 2010 930 2063 :suppone
958 1994 1083 2047 milii
1120 1993 1315 2048 fontem
1340 2004 1389 2047 ct
1421 2002 1627 2063 petram
1657 2012 1668 2045 :
1695 1993 1817 2062 quid

237 2086 445 2140 facilius
488 2100 679 2155 aquam
728 2088 943 2155 gignere
984 2094 1179 2154 potest,
1222 2102 1287 2138 an
1333 2084 1473 2149 fons,
1522 2101 1590 2139 an
1634 2084 1825 2153 petra?

236 2175 379 2229 Fons
403 2176 447 2229 si
474 2177 739 2246 genuerit,
768 2192 834 2231 ex
863 2177 925 2230 iis
949 2194 1064 2246 qua:
1093 2176 1272 2241 habet,
1307 2177 1527 2245 profert,
1560 2187 1702 2245 petra
1729 2192 1821 2230 ve-

234 2283 295 2321 ro
320 2282 388 2321 ex
412 2267 476 2320 iis
506 2283 625 2336 qua:
651 2283 755 2320 non
786 2267 966 2321 habet.
996 2268 1136 2336 Ergo
1163 2268 1212 2321 id
1237 2268 1379 2337 quod
1407 2282 1511 2322 non
1534 2276 1647 2322 erat
1678 2277 1823 2336 petra

231 2361 416 2426 genuit
444 2376 510 2413 ex
537 2360 602 2413 iis
634 2376 754 2428 qua:
794 2376 896 2412 non
938 2360 1164 2414 habebat
1196 2379 1207 2413 :
1239 2371 1293 2416 ct
1346 2360 1463 2414 fons
1491 2378 1645 2431 quem
1676 2363 1724 2414 in
1765 2377 1824 2416 sc

233 2451 435 2503 fontem
485 2449 713 2503 habebat
755 2466 858 2502 non
898 2452 1099 2519 genuit.
1136 2451 1199 2504 Et
1245 2452 1514 2520 qnmnodo
1543 2452 1675 2506 facta
1704 2462 1825 2504 sunt

232 2555 352 2607 quae
383 2554 489 2591 non
522 2541 716 2593 erant?
764 2556 887 2592 num
939 2541 987 2592 id
1021 2556 1145 2593 casu
1191 2551 1243 2596 et
1275 2559 1369 2609 per
1395 2557 1453 2596 se
1508 2544 1741 2597 accidit?
1774 2544 1821 2597 id

232 2629 373 2696 quod
400 2644 506 2684 non
528 2639 661 2693 erat,
695 2644 891 2683 nomen
920 2639 1021 2692 est,
1049 2631 1285 2699 nihilque
1313 2632 1494 2683 aliud?
1522 2632 1651 2698 Quia
1678 2633 1821 2698 dico,

234 2723 311 2775 Ex
347 2736 454 2775 non
504 2721 859 2785 exstantibus,
892 2738 959 2776 ne
1000 2722 1118 2776 ideo
1148 2722 1421 2777 existimes
1452 2724 1502 2777 id
1549 2726 1689 2793 quod
1719 2743 1821 2779 nott

232 2820 411 2865 exstat
438 2811 635 2880 aliquid
658 2826 795 2866 esse.
826 2813 964 2881 Ergo
990 2828 1109 2865 cum
1152 2829 1255 2865 nun
1289 2813 1459 2881 possis
1484 2814 1660 2869 dicere
1692 2831 1823 2883 quo-

230 2901 396 2956 modo
421 2901 474 2955 id
497 2901 636 2971 quod
664 2917 769 2955 non
800 2911 935 2966 erat,
966 2917 1027 2955 ex
1058 2919 1161 2955 non
1188 2913 1431 2957 exstante
1452 2919 1547 2958 seu
1573 2921 1635 2959 ex
1661 2906 1824 2959 nihilo

231 2994 429 3046 factum
455 2992 541 3056 sit,
568 2991 856 3045 audebisne
885 2992 1148 3045 curiosius
1166 2993 1434 3061 inquirere
1462 2996 1730 3063 quomodo
1779 2998 1823 3051 is

228 3084 317 3149 qui
364 3092 482 3137 erat
509 3097 573 3137 ex
600 3097 665 3136 eo
692 3083 780 3151 qui
812 3092 924 3137 erat
956 3084 1165 3153 genitus
1204 3084 1532 3141 sit‘IOmnes
1563 3096 1821 3140 creatura:

230 3191 337 3230 non
360 3184 515 3229 erant
534 3175 601 3228 ab
620 3176 786 3238 initio,
812 3185 867 3229 et
892 3175 1045 3230 factae
1070 3184 1221 3229 sunt:
1244 3177 1570 3246 unigenitum
1594 3179 1821 3232 Verbum

228 3278 282 3321 et
302 3267 526 3322 Greater
547 3267 726 3319 mundi
742 3282 845 3319 non
866 3266 1032 3319 factus
1056 3277 1137 3321 cst
1156 3269 1222 3321 ab
1244 3268 1412 3332 initio,
1432 3270 1522 3323 sed
1541 3279 1673 3323 erat.
1700 3271 1823 3325 11ωο

231 3374 335 3411 non
360 3365 587 3411 erantet
613 3355 745 3408 facta
773 3364 893 3409 sunt
927 3374 938 3407 :
972 3355 1057 3410 hic
1084 3366 1198 3411 erat
1229 3358 1280 3410 in
1310 3360 1570 3428 principio
1591 3376 1697 3414 non
1733 3361 1818 3413 fa-

229 3458 371 3513 ctus,
394 3448 479 3500 hae
505 3460 634 3500 vero
659 3445 813 3500 facta:
839 3456 960 3500 sunt
985 3448 1036 3500 in
1057 3448 1338 3518 principio,
1366 3466 1485 3505 cum
1502 3466 1604 3505 non
1621 3462 1818 3507 essent.

300 3541 355 3595 5.
392 3540 554 3595 Terra
573 3545 822 3610 quomodo
851 3545 1115 3599 invisibilis
1144 3556 1252 3600 erat
1295 3547 1345 3600 in
1371 3548 1623 3618 principio
1639 3564 1659 3613 ,'
1696 3548 1822 3602 Fir-

230 3636 473 3687 mantenti
504 3644 549 3687 et
589 3636 701 3688 caeli
737 3637 867 3689 ratio
892 3639 1167 3691 secundant
1195 3639 1456 3693 Severiani
1483 3652 1714 3696 mentem.
1752 3674 1822 3683 —

235 3726 396 3780 Terra
426 3737 618 3792 autem,
652 3728 839 3797 inquit,
860 3742 965 3783 erat
987 3733 1267 3787 invisibilis.
1295 3734 1431 3799 Quid
1458 3743 1561 3799 est,
1586 3734 1824 3791 Invisibi-

232 3820 344 3871 lis?
376 3819 511 3873 Novi
557 3822 755 3875 multos
783 3834 1087 3878 sanctorum
1119 3828 1335 3881 Patrum
1360 3828 1594 3883 dixisse:
1633 3828 1820 3883 Invisi-

233 3912 355 3963 bilis
384 3919 503 3964 erat
530 3921 669 3965 terra
700 3953 715 3978 ,
742 3915 993 3981 quoniam
1022 3930 1159 3984 aqua
1187 3918 1554 3972 occultabatnr
1583 3918 1733 3989 (Gen.
1768 3922 1819 3973 1.

229 4002 305 4068 2).
338 4002 520 4056 Multa:
548 4012 673 4056 sunt
699 4005 979 4058 sententia)
1011 4008 1109 4073 piae
1139 4006 1374 4075 quidem,
1408 4010 1502 4063 sed
1529 4025 1636 4063 non
1661 4026 1820 4064 vene.

234 4094 477 4162 Exempli
500 4108 680 4161 causa,
712 4103 819 4150 tres
846 4095 1001 4149 amici
1031 4096 1172 4163 Jobi,
1198 4112 1319 4151 cum
1350 4098 1497 4152 illum
1549 4100 1601 4153 in
1629 4117 1821 4155 aerum-

230 4186 313 4237 nis
338 4184 621 4247 viderent,
668 4193 909 4239 sanctum
936 4186 1107 4240 virum
1136 4186 1476 4253 damnarunt,
1508 4191 1656 4259 quasi
1678 4192 1820 4261 justa

229 4277 550 4343 patientem,
578 4276 935 4346 dicebantque
967 4296 979 4331 :
1008 4278 1117 4331 Nisi
1144 4279 1329 4332 viduas
1372 4278 1673 4345 afﬂixisses,
1719 4283 1819 4338 nisi

229 4368 462 4439 pupillos
488 4368 867 4436 Oppressisses,
904 4385 1191 4436 muuquam
1221 4370 1311 4421 tibi
1366 4371 1502 4424 Deus
1529 4372 1643 4426 haec
1674 4373 1817 4427 inﬂi-

227 4463 413 4515 sisset.
470 4460 539 4513 Et
585 4469 760 4513 tamen
808 4460 929 4527 quia
968 4460 1060 4513 Dei
1100 4460 1426 4528 pr0p0situm
1479 4462 1816 4531 ignorabant,

227 4551 539 4605 maluerunt
595 4549 735 4603 hunc
782 4550 1036 4604 damnare
1085 4551 1233 4619 quasi
1283 4550 1425 4620 justa
1493 4555 1818 4622 patientem,

225 4659 383 4711 quam
421 4643 613 4705 Deum,
645 4651 703 4694 ut
732 4642 924 4710 injuste
953 4642 1087 4694 mala
1118 4641 1456 4698 inferentem.
1490 4645 1583 4699 Dei
1605 4662 1821 4703 causam

226 4733 477 4803 agebant,
523 4741 577 4783 et
630 4741 804 4784 tamen
849 4732 985 4786 Deus
1018 4734 1135 4786 illos
1186 4736 1425 4802 eoarguit
1460 4755 1471 4789 :
1506 4737 1679 4803 Quare
1719 4756 1818 4791 non

226 4826 420 4894 loqunti
472 4823 592 4876 estis
619 4834 755 4874 recta
784 4822 1021 4875 adversus
1051 4835 1247 4875 servum
1279 4842 1440 4878 meum
1470 4826 1589 4897 (Job
1616 4830 1705 4882 42.
1742 4830 1814 4899 7).

227 4919 320 4974 Est
363 4919 531 4987 igitur
553 4917 815 4970 sententia
847 4917 929 4984 pia
961 4915 1197 4985 quidem,
1233 4917 1326 4969 sed
1371 4933 1476 4973 non
1506 4934 1649 4973 vera.
1680 4922 1817 4986 Quid

224 5022 305 5066 est
330 5014 516 5079 igitur,
549 5008 704 5062 Terra
742 5018 907 5061 autent
932 5018 1037 5060 erat
1064 5008 1323 5061 invisibilis
1350 5018 1396 5060 et
1441 5010 1818 5079 incomposita?

226 5103 555 5173 Interpretes
599 5099 741 5154 clare
784 5110 1165 5167 exposuerunt.
1218 5101 1307 5154 Ait
1356 5102 1497 5155 enim
1551 5103 1740 5173 Aquila
1800 5121 1813 5155 :

227 5193 380 5247 Terra
409 5202 583 5245 autent
611 5201 718 5245 erat
774 5192 997 5245 inanitas
1042 5202 1087 5245 et
1135 5193 1281 5246 nihil.
1330 5193 1609 5250 Invisibilis
1637 5205 1813 5250 autem

223 5284 437 5349 dicitur,
478 5296 586 5334 non
608 5280 750 5349 quod
771 5297 874 5335 non
904 5290 1209 5350 appareret,
1242 5281 1426 5352 sed,ut
1452 5286 1571 5353 quis
1592 5284 1809 5351 dixerit,

223 5379 490 5433 inornata.
512 5374 760 5431 Nondum
788 5385 902 5430 erat
922 5377 1038 5430 lreta
1060 5376 1269 5446 plantis,
1294 5378 1527 5432 nondum
1556 5376 1814 5432 fructibus

222 5480 499 5537 coronata,
531 5468 767 5523 nondum
794 5466 967 5521 ﬂuviis
1011 5480 1065 5522 et
1092 5469 1327 5523 fontibus
1348 5470 1541 5533 cincta,
1572 5470 1806 5523 nondum

221 5563 334 5615 aliis
385 5560 658 5629 variisque
710 5559 1036 5614 ornamentis
1074 5558 1289 5624 decora,
1322 5573 1541 5629 eratque
1572 5562 1810 5615 invisibi-

222 5654 282 5707 lis
300 5654 540 5707 nondum
562 5654 817 5706 instructa
844 5652 1093 5720 gignendi
1125 5652 1394 5707 facultate.
1423 5654 1511 5707 Ait
1538 5654 1806 5722 Seriptura

222 5743 286 5798 de
314 5746 551 5813 quodam
598 5744 713 5797 viro
744 5743 861 5797 forti
899 5753 952 5797 et
982 5742 1252 5795 formoso:
1285 5742 1469 5797 Nonne
1507 5746 1586 5796 hic
1608 5761 1808 5812 percus-

221 5836 280 5894 £it
305 5839 466 5891 t'irunt
498 5835 811 5907 ZEgyptinm
842 5837 1079 5891 visibilem
1111 5835 1185 5903 (‘2.
1223 5835 1347 5904 Reg.
1378 5836 1465 5891 23.
1496 5837 1555 5893 21
1582 5840 1643 5909 )‘t
1677 5837 1807 5891 Nunt

1280 418 1367 476 DE
1403 416 1613 475 MUNDI
1654 413 2047 471 CllEATlONE
2088 414 2345 471 ORATIO
2383 415 2446 469 11.

3411 436 3524 491 442

1937 539 2020 584 est
2046 544 2174 599 ergo
2205 531 2284 583 vir
2317 530 2638 584 invisibilis?
2683 529 2788 584 Sed
2821 529 3011 599 dignus
3043 537 3156 591 est,
3189 529 3354 599 inquit
3383 571 3397 595 ,
3428 532 3518 599 qui

1935 622 2272 691 suspiciatur.
2313 619 2769 687 Quemadmodum
2820 621 2979 690 igitur
3026 620 3330 691 Egyptium
3385 620 3517 673 dixit

1935 716 2103 768 virum
2159 714 2440 779 visibilem,
2486 728 2585 768 ceu
2629 713 2843 782 dignum
2894 712 3197 782 Spectacula
3252 729 3264 764 :
3303 715 3381 766 sic
3417 721 3522 763 ler-

1936 820 2048 858 ram
2105 804 2383 858 informem
2427 803 2742 858 invisibilem
2790 803 2940 856 dixit.
2970 801 3216 857 Secundo
3255 802 3340 857 die
3385 800 3518 855 dixit

1938 896 2075 949 Deus
2134 912 2145 947 :
2206 893 2325 947 Fiat
2384 896 2753 961 [innumentunt
2801 894 2851 945 in
2902 893 3065 945 medio
3104 908 3250 960 aqua:
3280 932 3294 957 ,
3342 900 3389 944 et
3449 890 3516 943 sit

1935 986 2159 1037 dividens
2177 986 2305 1037 inter
2329 1000 2511 1052 aquam
2538 994 2585 1036 et
2605 1000 2789 1051 aquam
2812 982 2963 1052 (Gen.
2993 985 3043 1037 1.
3069 982 3146 1053 (5).
3183 982 3327 1037 Fecit
3356 982 3516 1051 igitur

1936 1074 2037 1127 hoc
2062 1075 2272 1139 cmlum,
2304 1088 2408 1126 non
2437 1088 2564 1127 vero
2586 1074 2773 1126 caelum
2798 1074 3063 1142 superius,
3099 1072 3192 1127 sed
3218 1071 3344 1126 illud
3375 1072 3518 1141 quod

1936 1166 2178 1233 videtur,
2228 1181 2296 1221 ex
2347 1166 2497 1233 aquis
2523 1181 2715 1234 nempe
2745 1166 2978 1235 Crystalli
3022 1166 3187 1218 instar
3230 1164 3517 1220 concretis.

1940 1260 2106 1312 Velim
2136 1273 2249 1313 rem
2282 1258 2374 1311 tibi
2409 1260 2458 1312 in
2486 1268 2827 1326 conspectum
2857 1257 2984 1311 dare
3024 1276 3036 1310 :
3072 1258 3237 1311 multa
3269 1258 3409 1311 enim
3452 1272 3520 1311 cx

1934 1354 2047 1405 visu
2081 1362 2263 1405 nostro
2291 1352 2479 1406 melius
2501 1368 2656 1420 quam
2689 1352 2851 1405 verbo
2896 1352 3195 1404 traduntur.
3233 1351 3355 1404 lltec
3381 1366 3515 1419 aqua

1934 1459 2092 1511 supra
2118 1452 2313 1497 terram
2344 1442 2631 1505 eminebat,
2663 1442 2808 1496 verbi
2838 1457 3020 1507 causa,
3052 1442 3244 1496 cubitis
3277 1441 3512 1510 triginta.

1934 1532 2241 1587 TUllC-diXil
2268 1534 2405 1585 Deus
2439 1551 2449 1584 :
2488 1531 2604 1584 Fiat
2634 1533 3008 1600 ﬁrmamentum
3043 1532 3095 1585 in
3139 1534 3303 1586 medio
3330 1546 3472 1601 aqua:
3501 1548 3519 1584 :

1935 1625 2256 1694 domumque
2303 1625 2353 1678 in
2405 1625 2582 1677 medio
2610 1640 2867 1693 aquarum
2899 1624 3171 1680 concretio
3197 1626 3247 1678 in
3280 1625 3518 1695 crystalli

1934 1733 2134 1771 morem
2154 1716 2273 1781 fuit,
2300 1715 2597 1783 levavitque
2623 1715 2849 1768 mediam
2879 1725 3084 1784 partem
3114 1730 3245 1784 aqua
3280 1730 3512 1779 sursum,

1933 1807 2162 1860 mediam
2198 1822 2327 1860 vero
2372 1806 2593 1860 inferius
2637 1805 2871 1873 reliquit,
2918 1806 3054 1859 sicut
3079 1806 3334 1876 scriptum
3370 1816 3450 1860 est
3498 1825 3511 1861 :

1936 1899 2050 1952 Fiat
2074 1900 2446 1967 [irritamentum
2470 1900 2520 1952 in
2546 1899 2707 1952 medio
2733 1914 2897 1969 aqum,
2924 1907 2970 1952 ct
2992 1899 3084 1952 erit
3127 1898 3353 1951 dividens
3381 1898 3511 1951 inter

1931 2008 2114 2059 aquam
2135 2000 2180 2043 et
2205 2007 2409 2060 aquam.
2432 1992 2538 2045 Cur
2565 2000 2739 2044 autem
2766 1989 2890 2043 illud
2916 1992 3307 2044 firmamentum
3326 1991 3519 2044 vocat?

1930 2081 2061 2147 Quia
2092 2081 2339 2134 nimirum
2370 2097 2433 2135 ex
2466 2082 2668 2134 rariore
2714 2090 2767 2134 ct
2809 2079 3064 2134 dissoluta
3106 2096 3362 2151 aquarum
3392 2081 3519 2135 sub-

1930 2173 2121 2226 stantia
2148 2172 2275 2227 illud
2304 2174 2551 2225 firmavit.
2575 2172 2697 2227 Ideo
2724 2172 2885 2225 David
2910 2188 3122 2242 quoque
3146 2173 3217 2225 ait
3248 2192 3260 2227 :
3284 2172 3517 2224 Laudato

1931 2281 2043 2318 eum
2076 2265 2129 2315 in
2154 2265 2473 2333 ﬁrmamento
2504 2264 2704 2317 virtutis
2735 2266 2841 2334 ejus
2872 2263 3041 2333 (l’sal.
3079 2264 3203 2318 150.
3235 2266 3254 2317 1
3280 2266 3319 2333 ).
3373 2265 3439 2317 Et
3460 2274 3518 2317 ιιι

1930 2358 2036 2410 alio
2080 2366 2197 2410 utar
2239 2358 2485 2425 exemplo
2517 2373 2529 2409 :
2560 2356 3007 2424 quemadmodum
3056 2356 3230 2409 fumus
3251 2394 3266 2421 ,
3299 2371 3419 2408 cum
3448 2371 3513 2409 ex

1931 2448 2086 2518 lignis
2116 2455 2171 2500 et
2203 2445 2323 2515 igne
2369 2446 2689 2509 cmerserit,
2713 2445 2885 2499 rarior
2925 2454 3008 2499 est
3055 2454 3215 2513 atque
3261 2444 3514 2508 mollior;

1928 2554 2049 2593 eum
2071 2547 2248 2591 autem
2267 2538 2321 2591 in
2347 2537 2575 2591 sublime
2596 2536 2919 2599 ascenderit,
2950 2536 3001 2589 in
3025 2535 3180 2589 nubis
3197 2535 3514 2590 densitatem

1929 2637 2201 2681 mutatur:
2235 2628 2312 2681 sic
2343 2641 2599 2696 aquarum
2624 2626 2832 2679 illarum
2878 2627 3140 2679 rariorum
3183 2634 3428 2679 naturam
3462 2626 3515 2679 in

1928 2719 2155 2772 sublime
2176 2718 2388 2771 ductam
2410 2718 2546 2771 Deus
2571 2718 2683 2770 lixit
2710 2725 2764 2770 et
2781 2716 3155 2770 consolidavit.
3184 2717 3319 2771 Rem
3338 2727 3513 2770 autem

1928 2826 2045 2865 esse
2074 2824 2251 2862 veram
2287 2808 2597 2862 testificatur
2640 2806 2807 2861 Isaias
2851 2807 3033 2861 dicens
3062 2824 3075 2861 :
3107 2806 3299 2861 (.‘a'lum
3348 2818 3399 2860 ut
3428 2812 3513 2879 fu-

1929 2919 2039 2955 mus
2070 2903 2303 2971 ﬁrmatus
2342 2912 2413 2954 est
2450 2899 2604 2969 (lsai.
2631 2901 2717 2955 51.
2749 2901 2781 2956 6
2808 2902 2846 2971 ).
2882 2901 3079 2955 (la-lum
3110 2901 3286 2970 itaque
3316 2902 3365 2955 in
3399 2919 3512 2957 mc-

1929 2994 2018 3047 dio
2045 3010 2301 3061 aquarum
2331 3003 2639 3047 concretum
2672 3033 2687 3059 ,
2715 2992 2989 3047 dimidiam
3017 3007 3275 3062 aquarum
3313 3003 3514 3063 partem

1930 3090 1981 3141 in
2011 3087 2241 3141 sublime
2273 3087 2486 3141 levavit.
2538 3086 2647 3140 Cur
2674 3094 2853 3139 autem
2886 3100 3037 3156 aqua:
3078 3085 3182 3138 illa:
3224 3101 3471 3154 superme
3499 3125 3515 3149 ,

1927 3193 1980 3235 et
2007 3182 2092 3234 cui
2116 3180 2266 3234 usui?
2292 3196 2357 3234 an
2384 3188 2439 3232 ιιι
2464 3180 2584 3248 quis
2606 3179 2772 3245 bibat,
2802 3194 2869 3231 an
2895 3187 2951 3231 ut
2976 3178 3094 3247 quis
3116 3178 3362 3247 naviget?
3386 3178 3513 3231 Nam

1927 3286 2092 3339 aquas
2117 3285 2347 3338 superne
2378 3270 2579 3337 positas
2609 3282 2729 3322 esse
2756 3268 3069 3322 testificatur
3094 3267 3254 3320 David
3284 3268 3471 3320 dicens
3497 3286 3510 3319 :

1929 3363 1995 3415 Et
2025 3380 2157 3432 aqua
2186 3379 2300 3432 qua:
2324 3379 2475 3432 super
2504 3362 2653 3415 cretes
2680 3372 2752 3414 est
2775 3361 2944 3428 (Psal.
2980 3361 3103 3416 148.
3132 3362 3164 3414 4
3184 3360 3226 3431 ).
3258 3362 3514 3414 Animad-

1928 3467 2075 3511 verte
2113 3457 2224 3524 jam
2274 3454 2546 3509 Creatoris
2595 3455 2931 3524 sapientiam.
2978 3452 3356 3524 Crystallinum
3402 3463 3518 3507 erat

1928 3551 2197 3607 czelumex
2226 3550 2377 3618 aquis
2406 3558 2716 3602 concretum
2740 3565 2752 3601 :
2780 3547 2902 3616 quia
2926 3547 3068 3601 enim
3095 3547 3223 3601 solis
3250 3546 3514 3600 flammam

1929 3650 2299 3710 suscepturum
2330 3650 2443 3693 erat
2470 3650 2630 3707 atque
2661 3638 2821 3705 luam,
2856 3653 3064 3693 necnon
3107 3637 3363 3691 infinitam
3387 3637 3519 3690 stel-

1930 3732 2099 3785 larum
2132 3730 2550 3796 multitudinem,
2593 3730 2937 3798 futurumque
2966 3737 3081 3783 erat
3109 3738 3165 3782 ut
3197 3738 3365 3782 totum
3394 3728 3516 3798 igne

1929 3826 2250 3895 replerctnr,
2284 3840 2349 3877 ne
2377 3840 2439 3877 ex
2483 3824 2663 3877 calore
2693 3823 2859 3877 nimio
2891 3822 3191 3877 solveretur
3217 3830 3306 3875 aut
3338 3838 3518 3876 urere-

1932 3929 2049 3984 tur,
2079 3919 2240 3973 dorso
2268 3918 2384 3971 cteli
2431 3917 2724 3970 c0nstravit
2763 3917 2854 3969 illa
2902 3931 3164 3985 aquarum
3198 3916 3363 3969 maria
3390 3956 3405 3980 ,
3461 3923 3518 3967 ut

1929 4010 2044 4077 ejus
2075 4010 2231 4062 dorsa
2276 4008 2545 4060 emolliret
2590 4016 2749 4075 atque
2796 4007 2995 4072 liniret,
3028 4018 3082 4060 ct
3108 4007 3183 4060 sic
3223 4014 3402 4074 pos-set
3432 4019 3515 4057 rc-

1929 4100 2118 4151 sistere
2145 4096 2392 4157 ﬂammrc,
2428 4111 2525 4149 nec
2567 4106 2877 4150 terreretur.
2913 4096 3227 4164 Exemplum
3258 4097 3308 4148 iu
3355 4112 3515 4147 nianu

1930 4191 2092 4245 habes
2125 4207 2137 4241 :
2170 4190 2213 4245 si
2257 4189 2414 4242 hodie
2445 4188 2671 4243 lebetem
2701 4190 2805 4259 igni
2840 4189 3156 4257 imposueris
3180 4230 3195 4254 ,
3239 4188 3283 4241 si
3325 4204 3516 4258 aquam

1931 4284 2143 4345 haheat,
2180 4282 2286 4351 igni
2316 4282 2549 4344 resistit;
2586 4281 2667 4334 sin
2690 4296 2795 4334 non
2826 4282 3038 4348 haheat,
3062 4281 3403 4336 dissolvitur:
3437 4282 3515 4336 sic

1932 4374 2081 4429 Deus
2126 4374 2230 4443 igni
2258 4374 2617 4428 adversariam
2650 4374 2826 4442 posuit
2862 4390 3055 4442 aquam
3079 4414 3093 4437 ,
3126 4383 3185 4427 ut
3226 4374 3516 4444 perdurare

1928 4474 2143 4534 posset,
2176 4480 2247 4519 ex
2294 4465 2445 4534 aquis
2473 4478 2684 4518 sursum
2731 4464 2860 4519 illud
2893 4464 3223 4521 linientibus.
3276 4468 3352 4520 Ac
3398 4465 3516 4521 vide

1928 4571 2039 4609 rem
2070 4556 2258 4609 miram
2292 4573 2304 4608 :
2340 4565 2541 4608 tantum
2568 4554 2800 4608 abundat
2833 4554 3050 4609 humida
3083 4557 3379 4610 substantia
3411 4571 3515 4609 cae-

1928 4647 2044 4701 lesti
2081 4646 2291 4715 corpori
2326 4646 2599 4714 imposita,
2634 4654 2778 4700 tanto
2800 4646 2926 4699 licet
2947 4646 3265 4701 adversante
3293 4649 3432 4715 igne,
3458 4657 3516 4700 ut

1927 4741 2087 4793 etiam
2118 4748 2275 4793 terra:
2304 4738 2627 4793 commodet.
2658 4737 2788 4791 Nam
2817 4736 2959 4792 unde
3004 4737 3135 4793 ros?
3168 4737 3347 4792 Nubes
3388 4753 3515 4792 nus-

1926 4848 2085 4902 quam
2131 4840 2247 4895 est,
2299 4845 2391 4883 aer
2433 4844 2623 4897 aquam
2684 4842 2791 4881 non
2840 4827 3035 4893 habet;
3076 4844 3271 4898 nempe
3322 4829 3513 4884 etelum

1925 4939 1988 4978 ex
2037 4921 2491 4990 superabundanti
2544 4934 2680 4988 aqua
2754 4919 2994 4973 distillat.
3054 4917 3179 4977 Ideo
3229 4920 3376 4973 Isaac
3424 4936 3515 4989 pa-

1927 5013 2153 5069 triarelta
2184 5027 2305 5066 cum
2332 5010 2533 5064 Jacobo
2562 5011 2901 5066 benediceret
2922 5050 2937 5076 ,
2968 5011 3179 5066 dicebat
3221 5029 3235 5064 :
3286 5010 3383 5064 Det
3427 5011 3516 5064 tibi

1925 5106 2061 5159 Deus
2079 5105 2139 5156 de
2168 5119 2282 5155 rore
2310 5103 2419 5156 cwli
2453 5113 2497 5154 et
2517 5102 2579 5155 de
2601 5103 2903 5172 pinguedine
2928 5113 3075 5156 terra:
3100 5102 3253 5173 (Gen.
3269 5102 3361 5157 27.
3383 5102 3503 5173 28).

1995 5197 2047 5250 4.
2081 5196 2242 5248 Aiunt
2273 5209 2415 5256 vero,
2452 5194 2662 5261 fratres,
2710 5195 2764 5249 in
2810 5194 3105 5264 diejudieii
3131 5237 3146 5261 ,
3175 5210 3512 5250 recessuram

1922 5302 2110 5355 aquam
2140 5287 2284 5339 illam
2308 5301 2618 5355 supernam,
2658 5288 2955 5357 crelumque
2996 5291 3227 5343 solutum
3256 5290 3318 5344 iri
3344 5331 3359 5356 ,
3390 5303 3509 5343 cum

1922 5398 2025 5435 non
2068 5381 2201 5433 ultra
2254 5380 2558 5435 habiturum
2602 5381 2672 5434 sit
2700 5380 2844 5434 illam
2901 5396 3155 5450 aquartnn
3198 5383 3416 5447 molem,
3457 5388 3510 5433 et

1923 5471 2037 5525 fore
2064 5479 2121 5523 ut
2148 5471 2317 5524 stella:
2346 5472 2577 5533 cadant,
2630 5486 2750 5525 cum
2782 5487 2880 5526 nec
2908 5476 3043 5525 viam
3094 5488 3193 5527 nec
3224 5474 3509 5526 stationem

1922 5561 2057 5613 ultra
2092 5560 2350 5615 habitune
2381 5563 2507 5615 sint.
2539 5561 2663 5615 "me
2692 5576 2853 5630 porro
2882 5579 2984 5615 non
3013 5573 3213 5617 temere
3241 5563 3465 5616 dicimus
3490 5579 3503 5625 ;

1922 5653 2014 5707 sed
2037 5654 2307 5721 Scriptura
2333 5652 2491 5707 docet
2522 5670 2534 5704 ε
2571 5652 2764 5707 Ctelum
2792 5655 2934 5708 enim
2965 5655 3283 5707 convolvetur
3306 5666 3359 5704 ut
3378 5655 3507 5705 (iber

1922 5744 2074 5812 (lsai.
2111 5746 2199 5800 5-1.
2228 5747 2319 5815 4);
2352 5761 2543 5815 nempe
2591 5744 2838 5801 adustum
2869 5760 2884 5800 :
2913 5745 3053 5815 quod
3085 5744 3225 5799 enim
3262 5743 3507 5799 aduritur

1924 5840 2253 5894 convoivilur
2278 5854 2290 5893 :
2312 5849 2353 5894 et
2385 5840 2543 5894 stella:
2570 5840 2749 5893 cadent
2779 5843 2907 5895 sicut
2935 5840 3057 5909 [οἰίη
3091 5838 3219 5893 ritis.
3257 5838 3508 5905 Attende,
