4102 6464
610 363 724 418 443

608 478 809 532 «ςιιωεο,
841 471 895 519 et
921 462 1082 519 alium
1113 479 1287 519 usum.
1320 466 1484 535 Aqua:
1516 466 1617 522 illa:
1643 482 1798 536 ,-qtt:e
1831 483 1989 538 super
2018 468 2182 522 ca‘los

612 566 756 622 sunt,
789 572 892 610 non
922 555 1082 612 modo
1103 557 1290 613 caelum
1326 571 1644 614 conservant
1672 601 1684 623 ,
1719 559 1811 614 sed
1852 561 2013 615 etiam
2043 559 2193 612 ﬁam-

618 663 760 702 mam
789 648 916 704 solis
943 658 998 704 et
1026 647 1165 703 iUIItE
1195 649 1463 704 emittunt.
1493 651 1548 706 Si
1574 653 1715 706 enim
1746 652 2064 721 pellucidum
2107 667 2194 706 es-

605 747 691 793 set
715 739 926 805 cadum,
973 741 1150 796 omnis
1188 740 1302 809 ejus
1350 741 1603 812 splendor
1641 759 1850 798 sursum
1899 753 2187 807 curreret,

603 831 742 902 ignis
793 833 989 902 quippe
1039 849 1158 889 cum
1215 851 1426 890 sursum
1475 838 1698 902 tendat,
1757 847 1953 893 terram
2004 837 2188 892 deser-

602 933 712 975 tam
740 923 1084 993 relinqueret.
1141 925 1340 980 Idcirco
1389 926 1548 997 igitur
1585 937 1751 982 totum
1793 928 1983 982 ctelum
2027 943 2188 997 supe-

608 1011 724 1068 rius
754 1013 1029 1069 immensis
1075 1017 1230 1085 aquis
1257 1017 1567 1074 addensavit
1594 1062 1609 1086 ,
1672 1030 1727 1072 ut
1772 1021 2024 1091 splendor
2070 1035 2191 1075 coa-

599 1109 720 1157 etus
771 1103 909 1158 infra
955 1105 1321 1163 descenderet.
1370 1107 1503 1164 Vide
1563 1110 1794 1165 Artiﬁcis
1848 1111 2187 1180 sapientiam.

601 1190 778 1247 llabes
803 1203 984 1249 autem
1009 1195 1060 1249 in
1088 1197 1258 1266 teipso
1286 1199 1562 1268 sapientiae
1589 1201 1826 1256 Artiﬁcis
1855 1203 2138 1273 imaginem
2165 1220 2181 1264 ;

601 1284 731 1338 fecit
760 1285 954 1355 quippe
981 1287 1121 1341 Deus
1151 1289 1311 1343 etiam
1339 1291 1390 1344 in
1422 1299 1473 1345 te
1514 1301 1747 1361 quatuor
1788 1293 2180 1348 elementorum

598 1372 851 1445 efﬁgiem.
875 1375 1275 1446 Animadverte,
1299 1395 1482 1450 qureso
1505 1401 1517 1436 :
1539 1384 1710 1452 cogita
1735 1384 1865 1438 mihi
1896 1395 2054 1455 caput
2084 1389 2184 1440 hoc

597 1480 717 1521 esse
739 1468 927 1522 czelum
969 1471 1255 1539 superius;
1289 1487 1409 1541 quas
1440 1487 1601 1543 supra
1633 1475 1868 1545 linguam
1901 1487 2046 1543 sunt,
2079 1494 2184 1533 ete-

598 1556 708 1610 lum
730 1557 974 1625 alterum,
1003 1560 1054 1614 id
1085 1571 1166 1616 est
1199 1562 1590 1620 firmamentum
1624 1585 1636 1620 :
1673 1567 1906 1638 indeque
1927 1580 2008 1625 est
2033 1571 2172 1640 quod

597 1653 862 1720 οὖρανίσκος
884 1692 898 1714 ,
927 1652 1038 1706 sive
1071 1670 1288 1722 parvum
1336 1659 1527 1711 cadum
1557 1667 1795 1714 vocetur.
1830 1660 2086 1732 Superius
2130 1666 2180 1716 in

602 1739 741 1796 locis
779 1741 973 1797 abditis
1025 1745 1328 1812 cerebrum,
1373 1749 1513 1817 quod
1544 1765 1648 1805 non
1683 1751 1894 1806 videtur
1921 1795 1935 1815 ,
1967 1753 2183 1810 inferius

598 1832 801 1902 lingua,
824 1849 943 1904 qua:
958 1835 1058 1889 sub
1083 1847 1356 1905 aspectum
1387 1839 1561 1893 cadit.
1592 1840 2052 1907 Quemadmodum
2087 1844 2182 1914 igi-

597 1933 685 1977 tur
708 1925 895 1980 caelum
918 1926 1165 1994 superius
1192 1927 1244 1981 in
1278 1929 1630 1985 invisibilibns
1661 1940 1763 1995 est,
1789 1932 2018 1988 mundus
2053 1949 2181 1988 vero

595 2012 650 2067 in
672 2013 801 2068 locis
816 2013 882 2069 de
898 2016 1091 2086 quibus
1117 2017 1382 2085 IOquimur
1401 2036 1413 2072 :
1434 2033 1497 2073 ac
1520 2020 1967 2089 quemadmodum
1992 2025 2043 2077 in
2065 2025 2147 2078 ele
2159 2054 2178 2065 α

596 2105 796 2160 mentis
837 2115 1031 2161 terram
1078 2111 1343 2179 comperis
1390 2125 1510 2167 esse
1537 2127 1776 2182 gravem,
1804 2129 1998 2182 aquam
2053 2129 2179 2169 vero

592 2203 736 2252 terra
793 2199 1073 2266 leviorem,
1129 2202 1248 2270 igne
1285 2204 1623 2271 graviorem;
1657 2219 1973 2275 rursumque
1997 2223 2176 2262 aerem

591 2289 744 2359 aquis
769 2290 1043 2354 leviorem,
1077 2293 1196 2362 igne
1223 2296 1519 2363 graviorem
1548 2313 1561 2350 :
1589 2297 1665 2350 sic
1710 2305 1765 2351 et
1795 2299 1846 2350 in
1877 2298 2028 2352 nobis
2055 2314 2179 2353 sen-

588 2395 704 2448 sus,
736 2391 940 2451 gustus,
973 2383 1246 2447 odoratus,
1276 2385 1509 2449 auditus,
1532 2386 1678 2441 visus
1697 2401 1796 2441 nec
1820 2402 2006 2443 omnes
2029 2388 2176 2444 simi-

590 2471 670 2526 les
704 2481 846 2528 sunt.
882 2473 1014 2529 Rem
1065 2476 1352 2545 comproba
1389 2494 1400 2532 :
1433 2476 1477 2531 si
1507 2478 1639 2532 velis
1673 2478 1870 2548 aliquid
1911 2491 2127 2549 gustare
2157 2523 2171 2548 ,

589 2565 688 2618 nlsi
734 2565 924 2636 lingua:
951 2564 1239 2622 admoveas
1267 2609 1281 2632 ,
1317 2569 1464 2624 nullo
1504 2579 1691 2640 gustus
1722 2586 1881 2626 sensu
1914 2572 2166 2628 afﬁceris.

586 2655 830 2710 Crassior
858 2657 1052 2728 quippe
1083 2673 1272 2714 sensus
1307 2670 1411 2724 est,
1445 2675 1546 2715 nec
1577 2670 1751 2731 potest
1781 2663 1963 2732 procul
2003 2663 2177 2732 perci-

587 2760 739 2816 pere.
771 2747 1006 2803 Olfaetus
1039 2766 1163 2804 vero
1193 2750 1374 2820 procul
1402 2752 1632 2822 percipit
1662 2769 1677 2818 ;
1705 2753 1935 2822 exempli
1983 2768 2169 2820 causa,

588 2851 687 2905 per
741 2835 956 2892 domum
1010 2841 1244 2905 transis,
1285 2841 1467 2897 odoris
1511 2841 1856 2912 fragrantiam
1914 2845 2171 2914 percipis,

586 2942 745 2995 quam
775 2943 879 2981 non
905 2927 1072 2984 vides.
1107 2929 1314 2985 Rursus
1354 2932 1498 2985 visus
1536 2931 1733 2987 olfactu
1777 2934 2006 2988 celerior
2044 2944 2168 2989 est:

585 3018 727 3073 videt
770 3021 912 3074 enim
961 3035 1026 3075 ex
1064 3034 1243 3077 monte
1282 3023 1439 3077 latam
1483 3024 1773 3092 planitiem.
1817 3025 1946 3080 Visu
1985 3041 2171 3082 rursus

585 3127 739 3166 mens
752 3114 955 3168 acutior
977 3133 988 3168 :
1007 3117 1196 3170 caelum
1226 3117 1443 3187 cogitat,
1467 3126 1683 3183 terram,
1709 3133 1876 3184 mare,
1902 3128 1956 3174 et
1977 3119 2170 3189 ubique

586 3216 874 3258 lliVCllllUl‘.

668 3297 814 3352 Meus
843 3299 1093 3367 quomodo
1138 3310 1210 3354 est
1260 3300 1428 3370 imago
1462 3301 1577 3356 Dei.
1622 3300 1855 3356 Historia
1880 3301 2165 3370 cujusdam,

585 3393 673 3462 qui
695 3409 758 3446 ea:
783 3391 1183 3458 sanctiﬁcatione
1208 3391 1402 3445 volebat
1433 3393 1723 3446 detruncari
1744 3394 1894 3458 illud,
1919 3393 2170 3448 Dominus

585 3483 865 3536 sabaoth...
905 3511 975 3521 —
999 3481 1120 3536 ldeo
1151 3481 1323 3549 imago
1353 3483 1443 3536 Dei
1477 3497 1626 3536 meus
1651 3494 1752 3538 est.
1785 3484 1930 3537 Mens
1951 3485 2166 3553 cogitat,

587 3589 816 3644 moxque
838 3575 888 3626 in
913 3589 971 3627 se
999 3575 1106 3626 fora
1134 3584 1301 3639 creat,
1337 3575 1542 3628 turbam
1575 3576 1673 3630 sibi
1701 3575 1960 3646 depingit,
1986 3586 2039 3632 et
2069 3593 2165 3646 po-

585 3665 786 3734 pulum.
821 3663 1148 3718 Erubcscant
1177 3665 1428 3718 haeretici.
1463 3665 1613 3720 Meus
1644 3667 1765 3718 talia
1793 3677 2046 3735 operatur
2071 3711 2085 3734 ,
2116 3679 2170 3723 et

586 3757 781 3812 mentis
808 3756 1031 3821 Artifex,
1060 3757 1202 3811 omni
1252 3756 1447 3811 olfactu
1475 3758 1721 3810 subtilior
1743 3801 1756 3824 ,
1787 3774 1891 3812 non
1939 3761 2166 3815 celerio-

588 3867 700 3906 rem
734 3850 892 3905 habet
922 3851 1308 3919 operationem,
1331 3867 1435 3905 non
1468 3860 1764 3920 promptam
1795 3852 2009 3906 creandi
2037 3853 2165 3919 vim,

591 3961 694 3998 non
733 3943 1322 4012 inconiprchensihilcm
1348 3943 1632 3996 naturam?
1663 3942 1797 3996 Volo
1821 3955 2020 4010 autem,
2055 3946 2166 3998 fra-

592 4045 699 4088 tres
732 4076 746 4098 ,
802 4049 914 4087 rem
943 4033 1093 4087 vobis
1119 4032 1297 4086 dicere
1326 4033 1640 4085 iliSttit'nlL‘m
1672 4034 1885 4102 quidem
1915 4043 2168 4103 quantum

589 4126 654 4177 ad
710 4125 1056 4192 impietatem,
1099 4123 1194 4177 sed
1241 4123 1359 4176 ﬁdei
1409 4140 1698 4178 consonam
1727 4164 1741 4188 ,
1797 4137 2052 4194 quantum
2105 4127 2169 4181 ad

590 4231 849 4280 examen;
880 4223 937 4269 ut
981 4213 1196 4268 discatis
1239 4223 1433 4283 quanta
1480 4223 1532 4267 et
1573 4229 1731 4282 quam
1773 4231 1916 4271 nova
1964 4227 2173 4272 moveat

590 4305 853 4370 diabolus,
881 4314 1072 4373 quanta
1099 4306 1350 4372 reperiat,
1383 4316 1578 4373 quanta
1610 4315 1859 4374 suggerat
1885 4307 2169 4368 luereticis.

589 4396 673 4450 vel
731 4397 780 4448 hi
836 4395 1008 4462 potius
1055 4393 1285 4447 diabolo.
1341 4393 1509 4448 llodie
1556 4396 1816 4462 quiSpiam
1863 4397 2168 4464 lnercticus,

590 4485 941 4556 prttrseiitibus
970 4485 1168 4541 sanctis
1200 4484 1328 4538 viris
1352 4493 1404 4538 et
1430 4484 1664 4552 patribus
1689 4526 1702 4548 ,
1733 4499 1828 4538 nos
1849 4487 2172 4540 conveniens

589 4579 800 4634 dicebat
832 4597 843 4632 :
877 4578 988 4632 Inec
1017 4578 1138 4631 dico
1165 4586 1364 4636 autem,
1402 4592 1467 4629 ne
1496 4592 1580 4628 res
1606 4576 1758 4628 aliter
1789 4577 1987 4640 audita,
2018 4578 2173 4630 aliter

591 4673 746 4725 feriat
776 4687 788 4722 :
822 4670 996 4736 Pater,
1025 4669 1218 4730 aiebat,
1248 4677 1301 4720 ct
1327 4667 1490 4720 Filius
1516 4667 1812 4736 etSpiritus
1829 4677 2043 4721 sanctus
2071 4683 2172 4720 una

589 4761 859 4821 divinitas,
897 4777 996 4814 una
1023 4762 1207 4821 virtus,
1241 4774 1404 4813 unum
1440 4775 1682 4826 regnum.
1717 4760 1941 4826 Oportet
1970 4767 2171 4822 autem,

593 4855 784 4923 inquit,
817 4851 1024 4906 auferre
1052 4852 1119 4904 ah
1149 4851 1328 4903 animo
1361 4851 1398 4912 ¹,
1432 4867 1534 4901 non
1569 4851 1708 4901 enim
1739 4849 1806 4901 ab
1833 4851 1984 4902 altari
2012 4849 2130 4903 dico
2158 4891 2169 4910 ,

592 4962 658 4999 tte
693 4945 742 4997 in
776 4944 1192 4997 sanctificatione
1237 4943 1458 5003 dicatur,
1493 4942 1729 5004 Sanctus,
1790 4951 2015 5004 sanctus,
2059 4957 2175 4992 sau-

597 5049 706 5088 ctus
734 5033 986 5088 Dominus
1014 5035 1262 5089 Sabaoth.
1289 5033 1398 5086 Nisi
1431 5032 1577 5095 illud,
1606 5032 1793 5101 inquit,
1826 5032 2171 5097 abstuleritis,

592 5126 881 5185 Christiani
913 5141 1020 5177 non
1052 5129 1195 5177 estis.
1247 5125 1486 5178 Vidistin”
1513 5133 1707 5176 tantam
1737 5123 2032 5185 audaciam,
2060 5131 2174 5173 tan.

593 5227 807 5284 tamque
829 5214 1020 5269 diaboli
1053 5215 1346 5266 in5aniam?
1367 5214 1594 5266 vitlistin'
1627 5213 1859 5266 radicem
1887 5213 2172 5264 adversan-

593 5309 659 5362 tis
695 5307 801 5361 Deo
827 5304 1110 5374 impietatis
1137 5303 1158 5355 2’
1214 5303 1447 5355 vidistin‘
1479 5303 1893 5369 magnitudinem
1928 5302 2175 5370 blaSphc-

595 5400 759 5453 ιιιὶςηῖ
817 5397 1033 5452 Pietatis
1099 5404 1259 5464 caput
1322 5394 1488 5446 voluit
1553 5407 1861 5461 amputare,
1918 5412 2177 5449 enervare

596 5491 926 5562 mysterium,
959 5490 1116 5543 ﬁdem
1145 5489 1360 5540 abolere
1388 5529 1400 5550 ,
1434 5486 1548 5552 ejus
1580 5485 1916 5538 fundamenta
1966 5503 2170 5541 eruere.

595 5584 662 5638 Et
691 5581 807 5636 vide
834 5581 1027 5635 diaboli
1053 5582 1318 5633 astutiam.
1349 5576 1614 5631 Persuasit
1636 5576 1682 5629 ei
1713 5586 1766 5629 ut
1803 5576 2003 5629 diceret
2035 5596 2046 5629 :
2082 5578 2175 5630 Pa-

663 5714 677 5745 ¹
714 5712 852 5763 Savil.
879 5713 1143 5770 legendum
1171 5718 1320 5772 putat,
1347 5710 1406 5757 ab
1429 5707 1656 5768 oratione,
1684 5721 1785 5770 pro.
1816 5707 2058 5757 abauiuto.
2089 5712 2176 5757 St‘d

599 5781 728 5827 mre
753 5783 910 5838 potest
937 5777 1081 5823 lectio
1106 5775 1330 5822 Codicum
1353 5775 1578 5821 omnium.

2062 352 2433 410 SEVERIANI

3781 385 3890 436 444

2308 479 2387 520 ter
2412 477 2467 521 et
2497 467 2663 522 Filius
2690 478 2744 524 ct
2793 469 3022 540 Spiritus
3051 480 3266 526 sanctus
3294 514 3309 538 ,
3342 489 3440 525 una
3477 473 3604 527 ﬁdes
3634 477 3712 545 (ιι)
3738 519 3751 541 ,
3784 492 3886 532 una

2307 558 2473 612 virtus
2497 600 2511 625 ,
2560 573 2721 614 unum
2753 575 2998 630 regnum.
3040 560 3316 616 Venenum
3356 565 3514 618 melle
3543 569 3884 634 temperavit.

2299 647 2524 718 Semper
2544 651 2684 704 enim
2705 652 3064 718 mendacium,
3084 667 3204 706 cum
3229 655 3338 708 vult
3363 653 3463 708 sibi
3492 655 3650 709 ﬁdem
3675 656 3884 721 haberi,

2300 740 2400 794 nisi
2429 740 2830 796 fundamentum
2860 744 3096 812 posuerit
3140 746 3446 813 apparentis
3497 747 3768 811 veritatis,
3821 759 3882 802 ut

2299 831 2486 886 falsum
2517 833 2755 903 rejicitur
2787 852 2799 886 :
2832 845 2885 890 et
2907 851 3006 905 qua
3031 836 3237 889 ratione
3257 877 3271 900 ,
3301 836 3454 890 audi:
3492 838 3628 891 nihil
3660 840 3876 906 quidem

2297 922 2491 987 simile,
2543 923 2714 977 dicam
2749 932 2946 978 tamen.
2982 925 3168 979 Rahab
3195 926 3446 980 meretrix
3498 941 3617 981 cum
3671 931 3885 996 excepit

2297 1016 2679 1084 exploratores,
2712 1017 3028 1087 interrogata
3055 1034 3068 1069 :
3105 1016 3326 1088 Ingressi
3347 1028 3458 1071 sunt
3480 1019 3545 1070 ad
3563 1032 3609 1073 te
3632 1023 3719 1072 viri
3741 1021 3878 1091 (Jos.

2294 1104 2349 1158 2.
2389 1107 2442 1160 4.
2476 1105 2581 1178 5)?
2633 1107 2954 1176 respondet,
3010 1107 3227 1172 Etiam;
3278 1109 3380 1164 hoc
3417 1112 3642 1178 primum
3693 1127 3879 1165 verum

2295 1204 2378 1250 est
2410 1197 2552 1252 :Sed
2575 1199 2826 1264 exierunt,
2884 1198 3088 1268 inquit;
3113 1198 3214 1253 hoc
3247 1199 3536 1254 secundum
3583 1202 3788 1255 falsum.
3820 1203 3884 1255 Si

2294 1287 2536 1354 dixisset,
2565 1289 2677 1343 Non
2698 1291 2897 1360 egressi
2920 1299 3066 1355 sunt,
3092 1290 3306 1346 donmm
3337 1294 3648 1360 perscrutati
3675 1304 3879 1348 essent.

2295 1379 2436 1435 Dixit
2463 1397 2674 1447 verum,
2704 1391 2761 1438 ut
2791 1383 2948 1439 ﬁdem
2977 1383 3285 1439 conciliaret
3310 1402 3323 1438 :
3355 1385 3547 1438 falsum
3574 1385 3790 1451 addidit,
3815 1397 3881 1440 ut

2293 1471 2581 1541 deciperet.
2613 1473 2688 1527 Ita
2722 1482 2776 1528 et
2821 1474 2922 1528 iste
2969 1492 2982 1528 :
3034 1475 3192 1530 nobis
3235 1476 3680 1546 interrogantibus
3708 1518 3724 1538 ,
3769 1478 3881 1531 Cur

2291 1564 2771 1619 sanctiﬁcationem
2803 1565 3274 1621 detruncabimus‘!
3301 1568 3494 1630 dicitis,
3531 1569 3719 1638 inquit,
3761 1567 3873 1621 Do-

2291 1657 2460 1708 minus
2490 1654 2717 1710 Sabaoth
2763 1673 2781 1708 :
2811 1657 2955 1726 atqui
2987 1671 3092 1710 non
3121 1666 3203 1711 est
3253 1672 3445 1711 nomen
3482 1658 3610 1723 Dei,
3644 1673 3748 1712 non
3791 1669 3878 1712 est

2288 1742 2484 1798 Christi
2512 1787 2527 1810 ,
2562 1761 2736 1816 neque
2787 1747 2979 1800 Patris.
3014 1747 3257 1801 Vidistin’
3285 1763 3346 1802 os
3376 1748 3474 1801 vile
3496 1757 3548 1802 et
3578 1749 3876 1818 impurum?

2291 1834 2585 1903 lgnoravit,
2645 1853 2838 1905 nempe
2877 1839 2947 1892 ob
2977 1838 3273 1903 inscitiam,
3307 1839 3538 1893 Sabaoth
3588 1855 3692 1892 non
3754 1854 3876 1893 esse

2289 1939 2483 1978 nomen
2517 1925 2632 1990 Dei,
2665 1927 2760 1980 sed
2792 1942 2985 1981 nomen
3016 1929 3341 1982 exercituum
3369 1945 3382 1992 ;
3409 1929 3457 1982 id
3488 1938 3586 1992 est,
3621 1929 3877 1985 Dominus

2289 2016 2566 2071 virtutum.
2619 2018 2847 2072 Causam
2877 2026 3051 2072 autem
3081 2019 3202 2073 dico
3237 2037 3249 2071 :
3289 2019 3380 2072 sed
3414 2031 3533 2074 ante
3561 2020 3717 2074 ﬁnem
3746 2021 3873 2091 quid

2287 2108 2441 2163 fausti
2471 2110 2712 2163 evenerit
2760 2111 3015 2164 annuntio
3069 2129 3081 2164 :
3133 2113 3397 2180 ptenituit,
3430 2113 3698 2179 procidit,
3739 2129 3869 2168 ana-

2287 2202 2518 2256 themata
2546 2201 2699 2266 dixit,
2726 2211 2972 2272 precatus
2998 2211 3100 2265 est,
3136 2212 3380 2273 receptus
3408 2213 3508 2258 est.

2353 2294 2406 2348 5.
2449 2295 2678 2349 Attende
2707 2295 2900 2363 igitur:
2927 2293 3049 2363 quia
3071 2309 3248 2349 sermo
3302 2295 3502 2358 incidit,
3530 2310 3705 2364 apere
3748 2313 3868 2364 pre-

2284 2382 2411 2436 tium
2438 2392 2638 2437 estnos
2662 2399 2876 2437 causam
2907 2383 3114 2440 dicere.
3159 2385 3229 2438 ob
3275 2400 3429 2453 quam
3475 2386 3658 2438 bratus
3707 2387 3870 2440 Isaias

2283 2473 2418 2528 hanc
2455 2475 2930 2529 sanctiﬁcationem
2991 2475 3100 2528 Deo
3149 2475 3396 2528 emissam
3440 2476 3656 2529 audivit.
3708 2477 3869 2530 Isaias

2281 2573 2396 2618 erat
2421 2564 2500 2618 vir
2521 2564 2797 2630 mirabilis,
2825 2565 2940 2620 zelo
2963 2565 3176 2634 plenus,
3209 2566 3289 2618 vir
3317 2566 3508 2627 audax,
3541 2566 3707 2618 audax
3762 2582 3864 2620 IlOll

2285 2659 2629 2726 procacitate,
2655 2658 2748 2712 sed
2779 2658 2914 2712 zelo.
2937 2657 3028 2711 llis
3061 2657 3386 2726 temporibus
3426 2659 3518 2711 fuit
3564 2674 3677 2719 rex.
3710 2659 3864 2712 Ozias

2287 2749 2502 2803 nomine
2537 2765 2549 2802 :
2579 2750 2622 2802 is
2651 2764 2769 2802 eum
2795 2749 2938 2818 regia
2966 2748 3266 2816 majestate,
3291 2747 3644 2804 sacerdotium
3706 2752 3863 2802 etiam

2280 2837 2530 2892 invadere
2581 2839 2819 2893 tentavit.
2869 2838 3186 2893 Sacerdotes
3229 2837 3350 2907 quid
3381 2839 3499 2892 inde
3551 2850 3866 2908 sequeretur

2279 2937 2573 2992 noverant;
2606 2928 2713 2997 regi
2745 2938 2920 2983 tamen
2957 2928 3238 2996 plurimmn
3273 2929 3520 2982 reluctari
3556 2931 3859 2990 noluerunt;

2277 3022 2584 3090 dignitatem
2625 3022 2865 3086 reveriti,
2895 3021 3084 3075 solium
3119 3021 3322 3073 honore
3368 3021 3675 3088 proscqnmi
3715 3031 3859 3085 sunt,

2277 3114 2542 3168 exercitus
2566 3115 2874 3167 timuerunt.
2904 3112 3020 3180 Ipse
3047 3127 3256 3182 quoque
3302 3111 3464 3165 lsaias
3516 3111 3699 3172 tacuit,
3756 3125 3861 3165 non

2277 3205 2482 3259 obstitit
2531 3206 2660 3274 regi.
2695 3203 2763 3258 Ut
2790 3204 2917 3258 vidit
2960 3203 3099 3257 Deus
3129 3202 3433 3256 sacerdotes
3466 3201 3860 3268 formidolosos,

2278 3307 2553 3352 nutantem
2608 3296 2945 3366 prophetam,
3004 3311 3183 3365 regem
3234 3295 3484 3348 audacter
3522 3311 3854 3364 aggressum,

2279 3387 2498 3441 immisit
2516 3387 2564 3442 ei
2595 3388 2797 3456 lepram
2823 3386 2873 3438 in
2905 3384 3130 3446 vultum,
3164 3393 3344 3452 utpote
3377 3384 3465 3451 qui
3498 3395 3681 3436 sancta
3704 3385 3866 3436 attin-

2275 3493 2400 3547 gere
2426 3492 2585 3532 ausus
2610 3487 2751 3529 esset
2778 3491 2790 3526 :
2822 3483 2980 3542 atque
3009 3475 3260 3539 expulsus
3286 3473 3498 3526 demum
3521 3473 3611 3527 ille
3643 3483 3724 3525 est
3749 3489 3854 3526 non

2279 3568 2438 3622 modo
2465 3582 2496 3620 a
2544 3565 2871 3629 sacerdotio,
2895 3563 2988 3618 sed
3020 3564 3178 3618 ctiam
3208 3579 3235 3615 a
3277 3579 3462 3631 regno,
3511 3575 3563 3617 et
3620 3565 3862 3632 leprosus

2278 3659 2490 3714 mansit.
2517 3658 2656 3712 Deus
2673 3671 2832 3727 porro
2848 3656 2985 3726 quod
3009 3669 3162 3710 suum
3193 3664 3308 3710 erat
3333 3657 3598 3724 prmstitit,
3625 3657 3864 3725 indigna-

2280 3762 2360 3805 ltts
2389 3760 2566 3805 autem
2594 3760 2676 3804 cst
2706 3751 2755 3803 in
2785 3748 3109 3813 sacerdotes,
3142 3749 3476 3817 maximeque
3526 3750 3577 3801 in
3633 3751 3864 3818 prophe-

2281 3853 2406 3907 tam,
2430 3842 2568 3911 quod
2601 3855 2837 3910 praesens
2864 3855 2984 3894 cum
3036 3850 3199 3905 esset,
3237 3841 3486 3908 pietatem
3520 3841 3862 3908 prodidisset.

2282 3936 2616 4003 Deusitaque
2649 3948 2772 4002 erga
2803 3932 3114 4002 prophetam
3152 3932 3421 3987 silentium
3448 3932 3692 3986 servabat
3719 3952 3730 3992 ;
3766 3951 3864 3987 nec

2281 4029 2440 4084 verba
2463 4043 2582 4081 cum
2613 4042 2678 4082 eo
2721 4027 2868 4092 fecit,
2920 4027 3092 4080 donec
3143 4027 3352 4095 iniquus
3397 4027 3485 4083 ille
3537 4038 3858 4082 moreretur.

2279 4120 2412 4174 Cum
2443 4128 2620 4172 autem
2646 4118 2865 4172 obiisset
2889 4119 3084 4186 impius
3107 4117 3212 4183 ille,
3246 4127 3353 4171 tum
3387 4118 3524 4172 Deus
3552 4120 3721 4187 posita
3781 4120 3860 4169 in-

2279 4212 2603 4282 dignatione,
2629 4212 2898 4280 propheta:
2920 4211 3354 4264 couciliatur.Ait
3378 4211 3551 4279 itaque
3580 4209 3738 4264 Isaias
3761 4227 3774 4260 :
3801 4209 3862 4261 Et

2282 4307 2469 4374 factum
2493 4312 2564 4356 est
2591 4303 2640 4356 in
2661 4319 2816 4365 anno,
2847 4303 2897 4354 in
2923 4318 3022 4369 quo
3052 4311 3277 4354 mortuus
3312 4313 3380 4353 est
3428 4317 3515 4354 rex
3539 4301 3710 4362 Ozias,
3760 4302 3863 4352 vidi

2278 4394 2553 4447 Dominum
2573 4395 2820 4448 sedentem
2850 4409 3000 4460 super
3041 4392 3222 4444 solium
3247 4393 3493 4444 excelsum
3518 4402 3566 4443 et
3617 4391 3862 4443 eleuatum

2284 4483 2447 4551 (Isai.
2479 4483 2633 4552 6.1).
2680 4481 2788 4534 Cur
2823 4497 2947 4534 vero
2985 4481 3121 4534 Deus
3174 4481 3418 4549 apparuit
3456 4496 3618 4548 super
3667 4483 3861 4534 solium

2281 4577 2553 4630 CXt'CiSlllll
2583 4586 2634 4627 et
2655 4573 2958 4627 elevatnm?
2988 4573 3115 4638 Quia
3151 4573 3431 4626 invisibilis
3448 4583 3530 4626 est
3557 4573 3714 4634 Deus.
3769 4589 3862 4626 rex

2281 4679 2455 4719 autem
2485 4668 2627 4719 visus
2653 4673 2849 4718 metum
2879 4664 3130 4726 incussit;
3159 4663 3431 4732 propheta:
3461 4665 3728 4718 crelcstem
3751 4666 3866 4733 glo-

2282 4760 2413 4810 riam
2438 4756 2712 4818 exhibuit;
2744 4765 2798 4808 ut
2821 4753 3128 4809 ostenderet
3176 4755 3244 4817 ei,
3277 4770 3381 4822 quo
3402 4755 3537 4807 solio
3587 4754 3864 4824 despecto,

2282 4850 2421 4919 quod
2467 4850 2656 4902 solium
2690 4847 3040 4900 honorassent
3073 4863 3085 4898 :
3117 4844 3256 4914 quod
3299 4843 3622 4908 satellitium,
3673 4862 3870 4913 nempe

2283 4946 2492 4998 ea-leste
2518 4951 2570 4995 et
2588 4941 2905 5007 angelicum,
2932 4954 3035 4991 non
3060 4937 3402 4999 honorantes,
3432 4951 3604 5004 neque
3628 4937 3870 5004 cogitan-

2286 5046 2384 5102 tes,
2421 5038 2705 5087 liumannm
2728 5031 3032 5084 satellitium
3055 5029 3389 5084 metuisscnt.
3420 5027 3484 5080 Et
3515 5039 3642 5094 erat,
3674 5030 3868 5096 inquit,

2285 5131 2462 5181 domus
2486 5129 2631 5196 plena
2659 5126 2816 5194 gloria
2839 5126 2948 5192 ejus
2977 5139 2993 5176 :
3022 5133 3066 5175 et
3088 5123 3357 5189 Seraphin:
3381 5123 3575 5176 stabant
3602 5125 3651 5175 in
3678 5126 3869 5176 circui-

2287 5235 2337 5274 tu
2363 5223 2469 5289 (’jtts
2489 5222 2505 5289 (
2523 5219 2654 5271 Ibid.
2675 5234 2721 5269 v.
2744 5218 2777 5268 ‘2
2799 5217 2836 5285 ).
2861 5215 3144 5268 Cheruhim
3169 5215 3383 5279 solium,
3403 5215 3678 5284 Seraphim
3704 5215 3875 5267 satel-

2288 5315 2455 5366 litium
2476 5320 2598 5365 sunt
2619 5327 2628 5360 :
2650 5308 2934 5362 Cheruhim
2964 5322 3191 5374 namque
3221 5307 3348 5359 nihil
3372 5307 3510 5358 aliud
3541 5308 3870 5374 signiﬁcant,

2285 5420 2441 5473 quam
2474 5399 2782 5468 sapientiam
2817 5398 3046 5465 plenam.
3075 5396 3529 5463 Quemadmodum
3561 5405 3734 5447 autem
3767 5397 3876 5450 hoc

2287 5496 2476 5550 solium
2508 5493 2620 5545 sive
2645 5489 2786 5542 aliud
2814 5488 3034 5555 quodvis
3085 5489 3317 5557 quietem
3375 5487 3574 5556 pnebet
3628 5485 3873 5548 sedenti,

2358 5591 2428 5657 (ιι)
2456 5585 2735 5642 Vaticanus,
2764 5583 2978 5657 Savilius
2997 5585 3206 5657 ejusque
3230 5585 3505 5657 (loddr‘piz
3527 5582 3701 5657 uictis.
3730 5580 3884 5657 Conv

2290 5646 2492 5700 belisius
2519 5662 2652 5701 vero.
2687 5661 2776 5694 suo
2814 5648 2986 5704 Marte,
3027 5647 3311 5709 nulliusque
3346 5646 3660 5702 Mannscripti
3703 5653 3885 5709 aucto—

2291 5715 2454 5768 ritito,
2480 5709 2732 5757 substituit
2763 5710 2844 5767 μία
2885 5711 3065 5763 θεότης.
3095 5708 3200 5758 Non
3228 5706 3367 5756 Video
3393 5719 3478 5754 cur
3501 5713 3672 5754 textus
3707 5706 3790 5754 hic
3817 5707 3889 5755 sit

2291 5776 2422 5823 nulla
2453 5775 2743 5820 auctet’itat:
2773 5771 3048 5818 mutandus.
