4094 6502
330 388 459 445 443

338 490 551 560 φύλλα
575 496 866 563 ἀμπέλου,
894 500 1129 573 ΙΙροσεχε
1162 504 1238 569 δὲ,
1267 507 1588 577 παρακαλῶ,
1617 509 1711 563 καὶ
1737 509 1929 580 ἐτέραν

339 580 555 650 χρείαν·
582 581 663 635 Τὰ
698 581 863 638 ὕδατα
895 586 1080 642 ἐπάνω
1104 590 1212 645 τῶν
1232 593 1499 664 οὐρανῶν,
1530 597 1592 649 οὐ
1623 596 1780 666 μόνον
1810 614 1931 650 συν-
2030 580 2092 652 τὸ
2118 580 2675 678 δηλητήριοντμέλιτι.

338 670 503 736 τηρεῖ
531 668 623 721 τὸν
648 670 894 741 οὐρανὸν,
924 675 1061 729 ἀλλά
1089 679 1181 730 καὶ
1211 680 1311 750 τὴν
1334 680 1508 750 φλόγα
1536 682 1630 736 τοῦ
1658 684 1804 754 ήλίου
1836 687 1929 741 καὶ

337 756 440 822 τῆς
472 755 701 827 σελήνης
727 762 1078 831 καταπέμπει
1110 773 1150 818 ⁸.
1186 767 1248 820 Et
1277 767 1386 838 γάρ
1410 764 1478 839 ἦν
1497 769 1761 843 διαφανὴς
1782 773 1811 825 6
1838 773 1928 827 οὐ-

340 840 522 909 ρανὸς,
554 842 650 913 ὅλη
682 846 715 916 ή
745 847 889 918 αὐγὴ
918 850 1029 903 ἄνω
1055 850 1263 924 ἔτρεχε·
1285 856 1346 908 τὸ
1371 856 1480 927 γάρ
1512 857 1625 929 πῦρ
1646 840 1926 934 ἀνωφερὲς

333 926 421 987 ὃν.
456 928 662 1001 ἔρημον
709 932 809 1005 τὴν
853 937 957 1007 γῆν
1000 941 1391 1011 κατελίμπανε.
1443 926 1543 997 Διὰ
1584 926 1742 1000 τοῦτο
1774 926 1924 1015 ’γοῦν

333 1018 561 1089 ἐπίλησε
594 1021 686 1076 τὸν
716 1026 942 1095 οὐρανὸν
967 1029 1171 1086 ἄνωθεν
1216 1033 1464 1106 ἀπείροις
1513 1036 1723 1100 ὕδασιν,
1756 1038 1842 1092 ἵνα
1888 1040 1918 1110 ή

331 1106 480 1179 αὐγὴ
502 1114 833 1185 στενουμένη
868 1118 1018 1173 κάτω
1049 1120 1354 1192 πέμπηται.
1393 1126 1532 1195 Ὅρα
1557 1126 1649 1179 τοῦ
1677 1106 1919 1196 τεχνίτου

326 1193 434 1262 τὴν
464 1198 674 1267 σοφίαν.
701 1202 886 1273 Ἔχεις
918 1206 975 1259 δὲ
1003 1209 1098 1261 καὶ
1123 1211 1181 1262 ἐν
1216 1210 1393 1282 ἐαυτῴ
1420 1193 1515 1265 τοῦ
1543 1193 1786 1283 τεχνίτου
1821 1216 1921 1287 τῆς

328 1281 525 1371 σοφίας
563 1286 663 1358 τὴν
698 1290 902 1347 εἰκόνα·
937 1295 1192 1365 ἐποίησεν
1220 1300 1249 1351 6
1275 1281 1405 1363 Θεὸς
1436 1281 1712 1371 [4501⁷καὶ
1742 1301 1800 1355 ἐν
1834 1281 1917 1356 σοὶ

323 1366 443 1421 τῶν
476 1375 755 1446 τεσσάρων
797 1382 1077 1449 στοιχείων
1121 1385 1219 1455 τὴν
1263 1366 1467 1442 εἰκόνα.
1507 1366 1618 1442 Κάὶ
1656 1390 1912 1461 πρόσεχε,

323 1460 649 1526 παρακαλῶ·
674 1464 865 1533 νόησόν
894 1485 983 1538 μοι
1008 1469 1105 1541 τὴν
1134 1472 1373 1544 κεφαλὴν
1400 1474 1605 1547 ταύτην
1632 1477 1723 1530 τὸν
1752 1477 1915 1548 οὐρα-

320 1542 536 1632 νὸνᾲτὸν
567 1548 698 1614 ἀνω,
731 1551 801 1604 τὰ
832 1554 1019 1609 ἐπάνω
1056 1559 1157 1629 τῆς
1186 1542 1457 1632 γλώσσης,
1503 1542 1592 1617 τὸν
1622 1564 1779 1618 ἄλλον
1821 1542 1913 1619 οὐ·

324 1630 511 1701 ρανὸν,
560 1636 807 1693 τουτέστι
845 1640 907 1693 τὸ
943 1644 1252 1717 στερέωμα·
1297 1630 1419 1703 ὅθεν
1457 1651 1552 1703 καὶ
1588 1652 1911 1722 οὐρανίσκος

317 1722 590 1775 καλεῖται.
628 1725 773 1779 Ἀνω
815 1728 872 1780 ἐν
900 1734 1013 1793 τοῖς
1049 1732 1301 1803 ἀοράτοις
1331 1737 1633 1806 ἐγκέφαλος
1668 1741 1741 1811 μὴ
1782 1759 1909 1811 φαι-

315 1806 567 1876 νόμενος,
602 1811 660 1863 ἐν
687 1812 764 1883 τῷ
788 1816 937 1870 κάτω
967 1819 1185 1887 γλῶσσα
1221 1825 1541 1898 φαινομένη.
1579 1806 1909 1902 Ὠσπερνοῦν

312 1894 347 1987 6
381 1898 610 1987 οὐρανὸς
636 1902 665 1952 6
697 1902 808 1957 ἀνω
838 1905 895 1957 ἐν
916 1909 1025 1971 τοῖς
1057 1910 1330 1982 ἀοράτοις,
1412 1914 1469 1968 δέ
1492 1894 1694 1987 κόσμος
1716 1894 1774 1972 ἐν
1796 1923 1908 1984 τοῖς

313 1979 690 2052 λαλουμένοις·
726 1988 820 2042 καὶ
861 1989 1050 2065 ῶσπερ
1087 1979 1145 2049 ἐν
1182 2001 1295 2063 τοῖς
1322 1979 1607 2071 στοιχείοις
1635 1979 1909 2076 εὐρίσκεις

310 2068 421 2138 τὴν
455 2070 554 2139 μὲν
582 2076 685 2164 γῆν
723 2074 967 2147 βαρεῖαν,
989 2082 1050 2135 τὸ
1079 2084 1135 2136 δέ
1159 2084 1303 2158 ὕδωρ
1332 2068 1560 2160 τῆς-μὲν
1584 2093 1686 2163 γῆς
1701 2068 1905 2164 ’κουφόξ

310 2172 498 2226 τερον,
528 2158 622 2212 τοῦ
655 2160 713 2213 δὲ
750 2165 919 2233 πυρὸς
951 2167 1269 2243 βαρύτερον·
1309 2158 1474 2229 πάλιν
1507 2178 1598 2231 τὸν
1627 2180 1766 2252 ἀέρα
1796 2183 1904 2237 τῶν

311 2243 525 2299 ὑδάτων
570 2250 914 2323 κουφότερον,
963 2256 1057 2309 τοῦ
1096 2258 1151 2311 δὲ
1188 2262 1357 2332 πυρὸς
1394 2243 1715 2338 βαρύτερονἰ
1759 2269 1903 2325 οὕτω

308 2334 414 2386 καὶ
466 2336 525 2388 ἐν
571 2338 701 2408 ήμίν
731 2340 787 2392 αί
822 2342 1122 2414 αἰσθήσεις,
1158 2348 1366 2415 γεῦσις,
1406 2334 1694 2426 ὄσφρησις,
1740 2359 1898 2430 ἀκοὴ,

308 2419 457 2489 δψις,
505 2426 597 2478 καὶ
642 2427 701 2478 οὐ
734 2431 901 2483 πᾶσαι
954 2432 1086 2486 ἴσαι.
1118 2436 1263 2490 Λάϐε
1301 2439 1400 2510 τὴν
1430 2419 1724 2510 ἀπόδειξιν·
1775 2419 1901 2502 Ἐὰν

306 2506 476 2579 θέλῃς
499 2512 643 2575 τινὸς
662 2515 982 2583 γεύσασθαι,
1015 2521 1110 2574 ἐάν
1135 2522 1209 2593 μὴ
1236 2506 1539 2601 πλησιάζῃς
1560 2506 1896 2607 τῇνγλώσσῃ,

303 2595 409 2647 τοῦ
454 2601 747 2669 γευομένου
796 2607 857 2657 οὐ
902 2607 1199 2678 λαμϐάνεις
1236 2595 1509 2686 αἴσθησιν-ξ
1541 2595 1747 2690 Παχεία

302 2684 449 2749 ἐστι,
472 2689 565 2741 καὶ
586 2691 647 2742 οὐ
673 2692 895 2749 δύναται
922 2697 1203 2769 πόρρωθεν
1224 2699 1355 2756 οὖσα
1378 2684 1893 2779 ἀντιλαμϐάνεσθαι..

316 2770 385 2823 ’11
415 2772 679 2847 ὄσφρησις
704 2779 760 2832 δὲ
797 2785 1071 2855 μακρόθεν
1096 2770 1730 2863 ἀντιλαμϐάνεται·ὀῖον,
1764 2815 1897 2869 παρ-

302 2859 451 2931 έρχῃ
496 2863 563 2916 δι’
596 2867 794 2956 οίκίας,
842 2871 1106 2946 όσφραίνῃ
1150 2859 1515 2949 θυμιάματος,
1554 2881 1583 2935 6
1628 2859 1891 2956 μὴγόρᾷς.

302 2949 482 3002 Πάλιν
514 2952 546 3021 ή
578 2953 701 3023 ὄψις
731 2955 835 3026 τῆς
859 2959 1175 3032 ὀσφρήσεως
1206 2969 1500 3039 ταχυτέρα·
1551 2949 1738 3040 βλέπει
1772 2949 1894 3048 ’γὰρ

298 3036 417 3091 ἀπὸ
440 3038 599 3109 ὅρους
632 3040 805 3115 πλάτη
838 3048 1068 3115 μεγάλα.
1103 3051 1214 3121 Τῆς
1247 3036 1424 3122 ὄψεως
1456 3036 1619 3111 πάλιν
1644 3036 1895 3133 ὀξύτερος

297 3126 332 3177 6
364 3124 509 3189 νοῦς·
540 3129 713 3181 ἐννοεί
737 3132 982 3203 οὐρανὸν,
1008 3136 1134 3207 γῆν,
1157 3139 1451 3206 θάλασσαν,
1482 3144 1576 3197 καὶ
1600 3148 1774 3218 πάντη
1802 3124 1888 3201 ὲύἐ

298 3211 579 3282 ρίσκεται.

376 3299 476 3354 Διά
518 3302 677 3357 τοῦτο
715 3306 809 3358 καὶ
844 3308 1006 3361 εἰκὼν
1039 3309 1175 3365 Θεοῦ
1214 3315 1242 3367 6
1272 3314 1418 3379 νοῦς.
1461 3318 1661 3373 Ἐννοεῖ
1687 3322 1715 3373 6
1744 3322 1886 3386 νοῦς,

294 3387 401 3441 καὶ
433 3389 633 3454 εὐθέως
662 3394 834 3459 κτίζει
866 3400 994 3466 παρ’
1030 3399 1209 3470 ἐαυτῷ
1242 3404 1469 3475 ἀγορὰς,
1506 3408 1892 3481 ἀναζωγραφεῖ

297 3477 481 3549 ὄχλον,
523 3482 711 3553 δῆμον.
764 3487 1092 3542 Λίδεσθῶσιν
1138 3492 1426 3562 αίρετικοί.
1479 3497 1621 3561 Νοῦς
1667 3477 1889 3553 τοιαῦτα

296 3567 614 3636 ἐργάζεται,
647 3574 741 3626 καὶ
776 3575 803 3626 ὀ
836 3574 927 3628 τοῦ
970 3576 1061 3630 νοῦ
1100 3580 1371 3651 τεχνίτης,
1402 3584 1429 3636 6
1466 3585 1644 3656 πάσης
1681 3587 1887 3657 ὀσφρή-

297 3671 445 3718 σεως
476 3657 746 3728 ὀξύτερος.
778 3662 839 3714 οὐ
873 3665 1179 3736 ταχυτέραν
1216 3667 1329 3737 ἔχει
1361 3670 1461 3741 τὴν
1492 3673 1791 3741 ἐνέργειαν,
1825 3675 1887 3729 οὐ

297 3740 569 3813 σύντομον
594 3746 691 3817 τὴν
717 3748 1097 3822 δημιουργίαν,
1129 3755 1228 3806 οὐκ
1262 3740 1645 3828 ἀκατάληπτον
1664 3760 1761 3831 τὴν
1788 3761 1888 3830 φύ-

297 3845 429 3894 σιν;
463 3831 727 3905 Βούλομαι
753 3835 829 3901 δὲ,
867 3838 1103 3908 ἀδελφοὶ,
1134 3844 1309 3894 εἰπεῖν
1354 3845 1430 3907 εἰς
1466 3845 1609 3915 ὑμᾶς
1640 3847 1703 3899 16
1738 3848 1885 3913 ξένον

298 3917 428 3986 μὲν,
470 3919 591 3972 ὅσον
625 3923 701 3985 είς
744 3924 1017 3987 ἀσέϐειαν,
1067 3927 1363 4000 σύντροφον
1400 3931 1456 3983 δέ
1493 3933 1593 4003 τῆς
1626 3935 1883 3999 πίστεως,

293 4005 427 4059 ὅσον
456 4009 534 4072 εἰς
554 4010 817 4079 ἐξέτασιν,
850 4015 935 4068 ἵνα
965 4016 1172 4086 μάθητε
1203 4012 1342 4073 πόσα
1376 4029 1689 4094 καινοτομεῖ
1719 4027 1747 4078 6
1773 4027 1887 4080 διά-

293 4093 477 4157 ϐολος,
503 4098 642 4151 πόσα
663 4101 925 4169 εὑρίσκει,
957 4106 1098 4158 πόσα
1120 4107 1409 4161 ὑποϐάλλει
1431 4113 1543 4173 τοῖς
1568 4114 1881 4182 αίρετικοῖς,

297 4182 503 4264 μᾶλλον
522 4184 575 4237 δὲ
597 4186 789 4257 ἐκείνῳ
821 4190 869 4241 οἱ
899 4192 1182 4262 αίρετικοί·
1209 4196 1281 4266 Σή
1294 4197 1457 4268 μερόν
1485 4215 1568 4260 τις
1596 4200 1687 4251 ἐπὶ
1714 4202 1883 4269 ἁγίων

293 4258 514 4341 ἀνδρῶν
562 4276 654 4327 καὶ
703 4258 973 4349 Πατέρων
1009 4281 1181 4335 ἐλθὼν
1234 4258 1377 4353 πρὸς,
1421 4258 1565 4357 ἡμᾶς
1611 4258 1885 4360 αίρετίκὸς

292 4357 453 4427 ἔλεγε
473 4357 492 4429 (
512 4360 652 4429 λέγω
678 4363 734 4417 δὲ
768 4366 854 4418 ἵνα
880 4368 1087 4437 μήποτε
1117 4372 1144 4423 6
1181 4370 1334 4438 λόγος
1365 4372 1539 4437 ἄλλως
1573 4357 1880 4442 ἀκουσθείς,

291 4446 477 4510 ἄλλως
507 4449 732 4524 πλήξῃ)·
767 4454 953 4526 Πατὴρ
984 4457 1109 4528 γὰρ,
1146 4459 1297 4528 φησὶ,
1334 4462 1429 4513 καὶ
1467 4461 1591 4525 Υίὸς
1612 4466 1703 4517 καὶ
1729 4464 1883 4533 ἆγιον

291 4534 525 4604 Πνεῦμα
574 4540 673 4608 μία
726 4540 937 4612 θεότης,
1005 4548 1103 4614 μία
1152 4547 1398 4618 δύναμις,
1461 4550 1559 4619 μία
1611 4552 1877 4620 βασιλεία.

287 4623 393 4676 Δεῖ
410 4621 484 4682 δέ,
521 4626 702 4694 φησὶν,
728 4627 1068 4700 ἐξαιρεθῆναι
1100 4635 1205 4686 ἀπὸ
1235 4637 1331 4705 τῆς
1360 4636 1536 4708 ψυχῆς
1561 4640 1721 4693 αὐτοῦ
1742 4642 1768 4681 δ
1800 4641 1879 4712 (οὐ

290 4709 410 4779 γάρ
437 4710 577 4779 λέγω
608 4712 717 4765 ἀπὸ
745 4714 838 4765 τοῦ
873 4716 1304 4790 θυσιαστηρίου),
1333 4724 1393 4774 τὸ
1425 4724 1599 4792 λέγειν
1638 4730 1694 4779 ἐν
1726 4730 1883 4791 ἅγια-

292 4797 445 4867 σμῷ·
492 4800 701 4869 Ἄγιος,
752 4803 937 4872 ἅγιος,
987 4804 1153 4875 ἅγιος
1196 4809 1408 4874 Κύριος
1454 4813 1714 4868 Σαϐαὼθ.
1757 4817 1881 4869 Ἐὰν

290 4884 475 4949 τοῦτο,
511 4890 664 4958 φησὶ,
698 4891 771 4961 μὴ
799 4892 1106 4963 περιέλητε,
1136 4896 1450 4965 Χριστιανοὶ
1480 4898 1579 4951 οὐκ
1608 4904 1751 4955 ἐστέ.
1790 4901 1879 4957 Εἶ-

290 4972 387 5034 δες
408 4975 674 5047 τοσαύτην
696 4977 897 5049 τόλμαν
932 4985 1024 5033 καὶ
1061 4985 1256 5053 μανίαν
1288 4985 1379 5038 τοῦ
1418 4986 1702 5054 διαϐόλου;
1739 4988 1878 5056 εἶδες

294 5061 456 5132 ῥίζαν
526 5064 858 5135 θεομαχίας;
915 5067 1051 5135 εἶδες
1120 5075 1426 5147 ὑπερϐολὴν
1491 5077 1873 5151 βλασφημίας;

308 5150 730 5221 ’Λποκεφαλίσαι
777 5158 1005 5229 ὴθέλησε
1056 5162 1152 5232 τὴν
1206 5165 1505 5226 εὐσέϐειαν,
1545 5170 1875 5238 ἐκνευρῶσαι

287 5238 361 5291 τὸ
417 5243 732 5314 μυστήριον,
783 5246 1043 5314 ἀφανίσαι
1090 5251 1185 5322 τὴν
1224 5254 1427 5319 πίστιν,
1470 5257 1764 5327 ἐκριζῶσαι
1808 5260 1875 5311 τὰ

289 5327 714 5395 θεμελιωθέντα.
754 5334 861 5386 Καὶ
887 5336 985 5403 ὅρα
1010 5338 1070 5389 τὸ
1097 5338 1266 5393 δεινὸν
1296 5341 1391 5395 τοῦ
1417 5343 1677 5396 διαϐόλου·
1709 5346 1876 5416 Προσ-

290 5414 499 5485 ἑπηξεν
526 5418 675 5489 αὐτῷ
701 5421 889 5475 εἰπεῖν·
924 5425 1111 5495 Πατὴρ
1143 5430 1234 5480 καὶ
1260 5430 1383 5492 Υἱὸς
1411 5432 1502 5484 καὶ
1528 5434 1677 5501 ἆγιον
1702 5434 1873 5487 Ilva?)-

358 5680 397 5790 ξ)
412 5681 609 5734 Cosmas
640 5685 773 5735 κάτω
815 5689 1008 5740 πέμπει.
1037 5686 1165 5738 Infra
1196 5689 1328 5742 idem
1371 5696 1450 5745 διά
1472 5697 1618 5748 τοῦτο
1642 5698 1723 5748 οὖν
1763 5717 1866 5749 συν-

361 5761 374 5789 ι
398 5760 512 5790 .ησε.

322 5758 512 5793 πιλησε.

284 5758 512 5800 animos.

354 5804 385 5847 ι’
405 5807 515 5855 Sav.
539 5810 771 5873 conjxln6
794 5817 875 5871 τῆς
902 5811 1040 5874 εὐχῆς
1062 5813 1222 5863 αὐτοῦ.

1355 388 1445 442 DE
1484 390 1705 448 MUNDI
1736 388 2133 449 CI‘EATIONE
2158 395 2421 458 ORATIO
2462 404 2523 459 ll.

3494 420 3606 475 444

2036 528 2135 581 μα,
2163 514 2260 585 μία
2288 517 2491 585 πίστις,
2529 522 2626 592 μία
2651 523 2897 595 δύναμις,
2935 526 3033 597 μία
3063 528 3326 597 βασιλεία.
3358 533 3614 607 Ἑκέρασε

2712 612 2822 664 Ἀεὶ
2851 613 2960 684 γὰρ
2982 614 3044 668 τὸ
3076 616 3291 686 ψεῦδος,
3327 620 3455 675 ὅταν
3484 623 3613 698 θέλῃ

2030 692 2407 764 πιστευθῆναι,
2445 697 2540 751 ἐὰν
2577 698 2651 770 μὴ
2686 701 2834 772 πήξῃ
2881 702 3127 773 θεμέλιον
3164 706 3429 778 δοκούσης
3475 692 3611 784 ἀληῖ

2030 776 2201 841 θείας,
2256 781 2317 833 οὐ
2370 785 2706 839 πιστεύεται·
2756 789 2849 841 καὶ
2894 790 3061 857 ὅπως,
3093 794 3277 847 ἄκουε·
3314 797 3465 850 οὐδὲν
3514 800 3613 870 μὲν

2026 864 2232 934 ὅμοιον,
2255 867 2395 937 λέγω
2416 870 2494 924 δέ·
2531 874 2699 927 Ῥαάϐ
2727 877 2758 946 ή
2782 876 2952 948 πόρνη
2971 879 3057 932 ὅτε
3077 880 3290 945 ἐδέξατο
3305 884 3431 948 τοὺς
3452 864 3614 940 κατα-

2029 954 2280 1021 σκόπους,
2322 961 2600 1031 ἠρωτήθη·
2632 964 2776 1036 [451]
2804 968 3108 1035 Είσῆλθον
3134 970 3288 1037 πρὸς
3314 973 3389 1025 σὲ
3418 976 3472 1027 οἱ
3506 976 3611 1029 ἄν·

2023 1040 2194 1109 δρες;
2221 1046 2404 1113 Λέγει,
2431 1050 2564 1102 Ναί·
2588 1052 2649 1104 τὸ
2672 1054 2887 1122 πρῶτον
2904 1055 3120 1125 ἀληθές·
3149 1060 3301 1113 Ἀλλ’
3322 1061 3605 1130 ἐξῆλθον,

2025 1129 2194 1200 φησί·
2228 1133 2290 1186 τὸ
2318 1134 2570 1207 δεύτερον
2602 1138 2815 1208 ψεῦδος.
2859 1144 2921 1195 Εἰ
2973 1140 3149 1209 εἶπεν,
3202 1146 3315 1200 Οὐκ
3362 1148 3605 1218 ἐξῆλθον,

2023 1215 2292 1287 ήρευνάτο
2320 1223 2354 1293 ή
2396 1224 2561 1279 οἰκία,
2598 1222 2734 1280 Εἶπε
2767 1228 2829 1282 16
2859 1231 3076 1302 ἀληθὲς.
3108 1234 3193 1287 ἵνα
3222 1215 3477 1307 ἐντρέψῃ·
3510 1238 3608 1291 ἐπ‹

2021 1302 2195 1373 ἡγαγε
2249 1307 2310 1359 τὸ
2353 1308 2568 1379 ψεῦδος,
2615 1314 2702 1367 ἵνα
2744 1315 3019 1391 ἀπατήσῃ.
3080 1319 3236 1374 Οὕτω
3284 1302 3603 1389 καὶνοῦτος·

2018 1388 2349 1462 ἐρωτώντων
2375 1398 2554 1468 ήμῶν,
2586 1403 2739 1454 Διατί
2762 1388 3030 1476 ἐξέλωμεν
3056 1408 3149 1459 τὸν
3170 1410 3473 1480 άγιασμόν;
3518 1388 3604 1465 λέ-

2017 1491 2141 1545 γετε
2166 1490 2215 1542 ε,
2257 1482 2472 1552 Κύριος
2505 1488 2766 1543 Σαϐαὼθ·
2804 1490 2919 1545 ἀλλ’
2948 1493 3048 1545 οὐκ
3092 1493 3207 1549 ἐστι
3241 1496 3375 1550 Θεοῦ
3409 1498 3600 1569 ὄνομα,

2014 1563 2115 1618 οὐκ
2140 1565 2288 1620 ἐστιν
2318 1569 2441 1624 οὕτε
2467 1572 2561 1625 τοῦ
2590 1575 2847 1645 Χριστοῦ,
2890 1578 3013 1633 οὐτε
3046 1580 3140 1635 τοῦ
3184 1584 3417 1654 Πατρός.
3452 1563 3603 1653 Είδες

2013 1650 2074 1705 16
2122 1652 2540 1728 ἐξουθενημένον
2582 1663 2680 1715 καὶ
2730 1666 2925 1736 μιαρὸν
2979 1668 3190 1739 στόμα;
3241 1650 3503 1743 Ἠγνόησε
3544 1650 3600 1728 δέ

2013 1739 2120 1791 ἀπὸ
2155 1741 2441 1810 ίδιωτείας,
2473 1747 2554 1800 ὅτι
2588 1748 2651 1802 τὸ
2678 1751 2905 1807 Σαϐαὼθ
2936 1754 3035 1807 οὐκ
3068 1756 3213 1809 ἔστιν
3241 1739 3597 1829 ὄνομαἾΘεοῦ,

2010 1826 2126 1880 ἀλλ’
2172 1828 2341 1899 ὄνομα
2390 1836 2677 1904 στρατιῶν·
2730 1840 2999 1908 τουτέστι,
3046 1843 3253 1915 Κύριος
3299 1826 3406 1898 τῶν
3440 1826 3600 1902 δυνάέ

2012 1931 2177 1985 μεων.
2211 1917 2371 1987 Λέγω
2405 1921 2460 1974 δὲ
2490 1922 2582 1975 καὶ
2615 1923 2714 1995 τὴν
2744 1928 2942 1980 αἰτίαν·
2972 1930 3110 1982 ἀλλά
3138 1932 3243 2000 πρὸ
3280 1933 3374 1985 τοῦ
3410 1934 3598 1999 τέλους

2010 2001 2433 2075 εὐαγγελίζομαι
2472 2010 2637 2079 ὑμᾶς·
2673 2014 2987 2086 μετενόησε,
3020 2018 3380 2088 προσέπεσεν,
3410 2021 3598 2076 ἀνεθε-

2010 2089 2258 2160 μάτισεν,
2294 2092 2518 2164 ηὔξατο,
2549 2097 2762 2170 ἐδέχθη.

2076 2184 2138 2229 ε’.
2168 2178 2409 2251 Πρόσεχε
2429 2182 2628 2236 τοίνυν·
2656 2186 2845 2257 ἐπειδὴ
2871 2190 3245 2261 παρενέπεσεν
3262 2190 3291 2243 6
3308 2193 3487 2263 λόγος,
3515 2196 3595 2251 δεῖ

2006 2266 2152 2337 ἡμᾶς
2174 2270 2264 2323 καὶ
2283 2271 2383 2340 τὴν
2404 2273 2582 2327 αἰτίαν
2598 2278 2774 2329 εἰπεῖν
2797 2279 2919 2331 καθ’
2934 2280 3001 2351 ἢν
3022 2284 3050 2334 6
3073 2282 3341 2355 μακάριος
3367 2285 3592 2352 Ἡσαΐας

2002 2353 2095 2405 τὸν
2122 2355 2393 2428 ἀγιασμὸν
2418 2360 2607 2415 τοῦτον
2637 2364 2837 2434 ήκουσε
2869 2366 2945 2437 τῷ
2972 2367 3093 2439 Θεῷ
3115 2353 3591 2443 ἀναπεμπόμενον·

2013 2438 2243 2508 Ἦσαῒας
2272 2446 2489 2514 ἐγένετο
2515 2450 2654 2521 ἀνὴρ
2676 2451 3008 2521 θαυμαστὸς,
3044 2438 3204 2527 ζήλου
3235 2438 3592 2530 πεπληρωμέ-

2002 2547 2111 2595 νος,
2146 2532 2282 2603 ἀνὴρ
2318 2534 2608 2604 τολμηρὸς,
2639 2537 2911 2609 τολμηρὸς
2944 2540 2999 2593 δὲ
3029 2544 3128 2595 οὐκ
3166 2544 3273 2595 ἀπὸ
3318 2544 3588 2617 θρασύτη-

1998 2633 2111 2680 τος,
2141 2618 2257 2671 ἀλλ’
2284 2620 2392 2672 ἀπὸ
2418 2621 2601 2691 ζήλου.
2634 2624 2791 2677 Κατά
2814 2627 2939 2688 τοὺς
2972 2628 3197 2698 χρόνους
3218 2630 3437 2696 τούτους
3468 2635 3589 2702 ἐγέ-

1998 2720 2120 2757 νετο
2146 2704 2396 2775 βασιλεὺς
2425 2708 2605 2772 Ὀζίας
2642 2710 2890 2781 ὀνόματι·
2917 2713 2975 2776 ὃς
3001 2716 3138 2785 μετά
3167 2718 3267 2787 τῆς
3300 2719 3465 2788 ἄλλης
3488 2722 3586 2791 τῆς

2000 2791 2285 2865 βασιλικῆς
2313 2795 2471 2868 δόξης
2514 2797 2748 2869 ἠθέλησε
2782 2801 2876 2853 καὶ
2906 2803 3207 2875 ἱερωσύνην
3242 2806 3582 2863 ἐνδύσασθαι.

1998 2881 2063 2932 Ui
2098 2882 2264 2952 ίερεῗ;
2297 2883 2394 2953 μὲν
2423 2883 2523 2955 τήν
2552 2886 2873 2941 ἀκολουθίαν
2905 2889 3123 2959 ᾔδεσαν·
3158 2890 3371 2960 βασιλεῖ
3407 2894 3462 2948 δὲ
3493 2898 3586 2949 ἐπὶ

1998 2968 2249 3022 πλεῖστον
2275 2971 2550 3025 ἀντειπεῖν
2574 2973 2674 3025 οὐκ
2694 2972 2983 3046 ἠθέλησαν·
3013 2976 3318 3049 ᾐδέσθησαν
3343 2981 3404 3034 τὸ
3424 2982 3585 3047 ἀξίω-

2000 3073 2094 3125 μα,
2121 3056 2387 3128 ἐτίμησαν
2416 3057 2508 3111 τὸν
2538 3058 2745 3130 θρόνον,
2778 3061 3207 3134 ἐδυσωπήθησαν
3231 3068 3300 3120 τά
3326 3070 3586 3140 στρατεύ-

1998 3160 2165 3214 ματα.
2199 3145 2426 3209 Ἡσαΐας
2452 3148 2546 3199 καὶ
2568 3149 2730 3210 αὐτὸς
2763 3150 3091 3221 ἐσιώπησεν,
3114 3155 3213 3207 οὐκ
3244 3156 3477 3227 ἀντέστη
3505 3157 3584 3228 τῷ

1997 3231 2224 3301 βασιλεῖ.
2269 3232 2355 3295 Ὠς
2391 3228 2530 3286 εἶδεν
2558 3235 2585 3285 6
2612 3234 2745 3297 Θεὸς
2768 3237 2894 3299 τοὺς
2922 3239 3086 3308 ίερεῖς
3114 3240 3467 3311 φοϐηθέντας,
3491 3244 3582 3298 τὸν

1994 3320 2281 3390 προφήτην
2312 3319 2649 3387 όκλάσαντα,
2690 3324 2784 3376 καὶ
2814 3322 2905 3376 τὸν
2945 3325 3170 3393 βασιλέα
3213 3328 3579 3400 τολμήσαντα,

1992 3405 2255 3459 ἐπέϐαλεν
2297 3406 2445 3478 αὐτῷ
2476 3407 2685 3481 λέπραν
2728 3411 2787 3463 ἐν
2828 3410 2907 3482 τῷ
2937 3412 3233 3484 προσώπῳ,
3273 3417 3348 3479 ὡς
3374 3419 3575 3490 τολμή-

1996 3511 2148 3546 σαντι
2192 3493 2431 3562 ἅψασθαι
2468 3495 2578 3548 τῶν
2615 3498 2808 3565 ἁγίων·
2856 3499 2951 3551 καὶ
2989 3499 3250 3572 ἐξεϐλήθη
3288 3503 3473 3558 λοιπὸν
3515 3508 3576 3560 οὐ

1997 3582 2155 3651 μόνον
2197 3582 2298 3651 τῆς
2338 3582 2658 3655 ἱερωσύνης,
2695 3586 2831 3639 ἀλλά
2869 3586 2962 3639 καὶ
3000 3587 3098 3656 τῆς
3148 3588 3443 3657 βασιλείας,
3483 3596 3578 3647 καὶ

1992 3669 2207 3740 διέμενε
2249 3668 2467 3741 λεπρός.
2515 3670 2573 3725 '0
2627 3673 2682 3726 δὲ
2740 3675 2873 3738 Θεὸς
2918 3672 3142 3743 ἐποίησε
3185 3679 3283 3746 μὲν
3323 3680 3383 3733 16
3424 3680 3575 3745 ἴδιον,

1992 3759 2288 3826 ἠγανάκτει
2317 3758 2372 3812 δέ
2394 3767 2507 3827 τοῖς
2538 3762 2762 3832 ἱερεῦσι,
2800 3763 2893 3818 καὶ
2930 3767 3165 3835 μάλιστα
3193 3767 3270 3838 τῷ
3298 3771 3573 3842 προφήτῃ.

1989 3844 2069 3897 ὅτι
2100 3846 2292 3917 παρὼν
2325 3849 2600 3923 προέδωκε
2630 3850 2727 3920 τὴν
2762 3852 3062 3907 εὐσέϐειαν.
3094 3850 3203 3907 Ἷίν
3248 3850 3339 3907 οὖν
3378 3857 3406 3907 6
3446 3856 3579 3917 Θεὸς

1988 3934 2047 3986 ἐν
2106 3942 2523 4007 παρασιωπήσει
2572 3939 2705 4008 πρὸς
2745 3940 2836 3993 τὸν
2868 3944 3175 4012 προφήτην,
3215 3944 3306 3995 καὶ
3344 3943 3403 3994 οὐ
3448 3960 3576 4013 μετ-

1990 4020 2158 4076 έδωκε
2199 4024 2410 4091 λόγους,
2446 4026 2551 4091 ἕως
2591 4026 2944 4095 ἐτελεύτησεν
2981 4031 3009 4082 6
3049 4031 3383 4101 παράνομος.
3440 4032 3571 4084 Ὅτε

1987 4108 2170 4163 λοιπὸν
2200 4113 2469 4166 ἀπέθανεν
2500 4117 2527 4168 6
2560 4114 2781 4181 ἀσεϐὴς,
2810 4116 2930 4167 τότε
2964 4118 2991 4168 6
3021 4116 3153 4179 Θεὸς
3177 4116 3203 4154 ιι
3236 4116 3572 4187 ἀποθέμενος

1986 4196 2083 4267 τὴν
2117 4198 2511 4270 ἀγανάκτησιν,
2559 4200 2935 4254 διαλλάσσεται
2974 4200 3052 4272 τῷ
3096 4205 3370 4276 προφήτῃ.
3407 4206 3570 4271 Λέγει

1985 4287 2162 4340 τοίνυν
2193 4288 2441 4352 Ἡσαΐας·
2474 4288 2583 4345 Καὶ
2609 4290 2846 4359 ἐγένετο
2885 4291 2953 4344 ἐν
2981 4290 3060 4357 τῷ
3081 4291 3354 4356 ἐνιαυτῷ,
3382 4286 3429 4359 ᾧ
3460 4295 3573 4347 ἀπ-

1984 4374 2200 4429 έθανεν
2236 4376 2417 4443 Ὀζῖας
2443 4380 2476 4431 ό
2503 4378 2826 4444 βασιλεὺς,
2859 4375 3022 4432 εἶδον
3048 4379 3155 4432 τὸν
3183 4382 3402 4447 Κύριον
3437 4387 3569 4435 καθ-

1984 4461 2209 4530 ήμενον
2259 4463 2355 4515 ἐπὶ
2402 4466 2619 4531 θρόνου
2661 4464 2907 4533 ὑψηλοῦ
2935 4466 3031 4520 καί
3058 4466 3417 4534 ἐπηρμένου.
3459 4468 3567 4519 Καὶ

1983 4550 2124 4604 διατί
2158 4550 2291 4614 Θεὸς
2319 4551 2564 4622 ἐπεφάνη
2600 4553 2693 4605 ἐπὶ
2726 4553 2913 4623 θρόνου
2951 4551 3156 4621 ὑψηλοῦ
3192 4552 3284 4603 καὶ
3316 4553 3564 4621 ἐπηρμέ-

1983 4658 2109 4707 νους
2157 4642 2374 4713 Ἐπειδὴ
2409 4645 2639 4714 ἀόρατός
2678 4646 2826 4696 ἐστιν
2869 4645 2897 4695 6
2945 4643 3096 4706 Θεὸς,
3143 4643 3171 4693 6
3207 4642 3263 4693 δὲ
3313 4642 3567 4710 βασιλεὺς

1983 4730 2257 4801 ὁρώμενος
2292 4730 2457 4799 φόϐον
2491 4730 2634 4800 ἔσχε,
2678 4730 2915 4782 δείκνυσι
2954 4728 3033 4798 τῷ
3061 4730 3314 4801 προφήτῃ
3341 4729 3441 4799 τὴν
3470 4732 3564 4784 οὐ·

1986 4819 2165 4889 ράνιον
2190 4818 2366 4882 δόξαν,
2396 4820 2483 4871 ἵνα
2516 4818 2677 4886 πείσῃ
2707 4816 2868 4869 αὐτὸν
2897 4816 3047 4869 ποίου
3076 4816 3267 4887 θρόνου
3300 4834 3565 4888 καταφρο-

1983 4906 2266 4974 νήσαντες,
2303 4907 2453 4956 ποῖον
2483 4903 2669 4974 θρόνον
2696 4903 2982 4973 ἐτίμησαν·
3026 4908 3187 4957 ποίαν
3211 4905 3560 4976 δορυφορίαν,

1979 4992 2229 5059 οὐράνιον
2254 4993 2347 5043 καὶ
2376 4990 2694 5060 ἀγγελικὴν,
2733 4991 2809 5063 μὴ
2829 4993 3181 5061 τιμήσαντες,
3216 4992 3350 5063 μηδὲ
3380 4996 3565 5065 ἐννοή-

1984 5096 2191 5143 σαντες,
2232 5079 2559 5149 δορυφορίαν
2594 5079 2941 5151 ἀνθρωπίνην
2971 5081 3418 5151 ἐδυσωπήθησαν.
3449 5083 3559 5137 Καί

1978 5163 2075 5235 ἦν,
2107 5167 2290 5235 φησὶν,
2315 5166 2557 5235 πλήρης
2586 5170 2619 5221 ό
2652 5163 2815 5233 οἶκος
2856 5167 2964 5235 τῆς
3001 5168 3188 5236 δόξης
3219 5171 3427 5234 αὐτοῦ,
3461 5173 3557 5224 καί

1980 5255 2049 5308 τὰ
2094 5255 2387 5324 Σεραςεεὶμ
2422 5255 2809 5321 είστήκεισαν
2850 5259 3053 5320 κύκλῳ
3088 5258 3296 5312 αὑτοῦ.
3338 5260 3419 5311 Τἀ
3456 5261 3559 5312 Χε-

1979 5344 2206 5412 ρουϐείμ
2265 5342 2452 5413 θρόνος
2498 5344 2634 5409 ἐστὶ,
2692 5344 2760 5397 τὰ
2810 5345 3088 5414 Σεραφεὶμ
3136 5347 3451 5416 δορυφορία·
3491 5346 3557 5398 τὰ

1976 5429 2288 5501 Χερουϐεὶμ
2318 5431 2425 5500 γάρ
2455 5432 2605 5485 οὐδὲν
2634 5432 2761 5486 ἄλλο
2788 5432 3171 5504 ἑρμηνεύεται,
3208 5433 3241 5503 ἦ
3272 5434 3431 5503 σοφία
3459 5450 3555 5485 πε-

2040 5579 2063 5609 ⁸
2090 5576 2174 5653 S_ic
2218 5578 2482 5657 Va‘ticqmtns
2521 5588 2660 5657 [οςῐο
2705 5602 2716 5630 :
2767 5580 2914 5657 ngil:
2963 5588 3017 5630 οι
3060 5579 3552 5657 (ἷριηὺεθε.“ξλεγενρ,

1976 5641 2046 5687 ὅτι
2093 5640 2238 5689 ἄλλου
2288 5643 2388 5691 ἐστὶ
2431 5643 2555 5692 Θεοῦ
2581 5647 2745 5706 ὄνομα·
2777 5644 2864 5691 οὐκ
2890 5645 3017 5692 ἔστιν
3056 5643 3181 5701 οὗτε,
3205 5648 3301 5689 elc.
3328 5642 3432 5691 Vox
3456 5645 3555 5692 ἐλε-

1974 5718 2060 5776 7sz
2073 5706 2501 5776 [ιιιηιηρρειιυψαί
2520 5704 2834 5776 δοιιιειιιὶειιη.
3113 5764 3143 5776 μ
3352 5772 3358 5776 _
3430 5768 3436 5775 ,
3508 5770 3514 5776 _

1978 5823 1995 5872 1
2090 5764 2175 5812 llis
2196 5761 2355 5819 uﬂinia
2381 5767 2502 5822 dicit
2540 5770 2917 5832 Chrysoslomus
2940 5778 3087 5829 supra
3111 5764 3473 5817 Commentario
3503 5770 3554 5819 in

2000 5838 2161 5872 εςιωιιι.

2000 5838 2161 5874 εειωιιι.
