4094 6478
542 362 655 415 445
690 398 700 412 .

538 462 899 538 πληρωμένη.
937 466 1149 539 Ὠσπερ
1174 467 1229 521 δέ
1258 462 1413 532 οὗτος
1439 470 1468 523 6
1493 468 1684 540 θρόνος
1713 467 1747 540 ἢ
1776 468 1963 541 έτερος
1989 471 2123 525 ἀνα-

535 558 703 612 παύει
735 555 828 608 τὸν
872 555 1199 626 καθήμενον,
1238 558 1331 610 καί
1361 560 1479 611 ἐστι
1512 558 1647 629 τιμὴ
1674 558 1769 612 καὶ
1796 558 2123 620 ἀνάπαυσις,

537 641 682 696 οὕτω
721 642 815 695 καὶ
855 640 989 695 Θεοῦ
1045 643 1230 713 θρόνος
1280 646 1461 713 σοφία,
1511 639 1663 719 ἐφ⁹ᾖ
1714 643 2126 698 ἐπαναπαύεται

540 730 693 792 Θεός.
738 728 838 782 Διά
873 728 1023 801 [452]
1046 730 1250 785 τοῦτοό
1278 732 1441 785 Δαυῖδ
1467 748 1650 801 φησιν·
1692 731 1746 784 '0
1788 730 2126 799 καθήμενος

540 818 639 870 ἐπὶ
665 816 783 871 τῶν
802 819 1141 887 Χερουόεἰμ,
1164 820 1286 873 ἀντὶ
1312 819 1427 883 τοῦ,
1446 819 1503 873 ’0
1521 820 1614 873 ἐπὶ⁸
1634 819 1732 889 τῆς
1762 815 2129 887 πεπληρωμέ-

542 926 641 978 νης
671 908 861 976 σοφίας
890 908 1397 981 ἐπαναπαυόμενος.
1423 909 1524 964 Διά
1542 908 1700 962 τοῦτο
1728 907 1798 959 τά
1819 904 2128 977 Χερου6εὶμ

543 994 725 1065 πλήρη
764 993 1078 1065 ὀφθαλμῶν,
1123 996 1192 1049 τά
1222 996 1388 1060 νῶτα,
1427 996 1527 1067 τήν
1574 995 1836 1065 κεφαλὴν,
1872 992 1970 1055 τάς
1997 990 2129 1043 πτέ-

544 1096 738 1149 ρυγας.
782 1082 907 1143 τοὺς
941 1080 1131 1145 πόδας,
1160 1080 1229 1134 τὰ
1260 1082 1453 1153 στήθη,
1489 1082 1584 1135 καὶ
1621 1082 1799 1135 πάντα
1837 1077 2128 1148 ὀφθαλμῶν

544 1166 921 1238 ἐπεπλήρωτο,
966 1168 1154 1239 ἐπειδὴ
1210 1171 1243 1239 ἡ
1302 1170 1461 1237 σοφία
1529 1167 1865 1239 πανταχόθεν
1917 1165 2126 1236 βλέπει,

545 1254 882 1325 πανταχόθεν
927 1256 1273 1326 ἠνεῳγμένον
1328 1257 1441 1327 ἔχει
1480 1256 1539 1309 τὸ
1586 1256 1759 1326 όμμα.
1810 1254 1941 1319 Ἐξ,
1971 1252 2126 1322 φησὶ.

544 1343 833 1412 πτέρυγες
882 1341 962 1409 τῷ
1003 1343 1115 1408 ἐνὶ,
1156 1344 1253 1398 καί
1305 1344 1373 1409 ἐξ
1416 1344 1703 1413 πτέρυγες
1748 1343 1825 1408 τῷ
1868 1342 1981 1395 ένί.
2016 1340 2129 1393 Καὶ

546 1429 673 1495 ταῖς
712 1430 831 1499 μὲν
857 1430 1001 1484 δυσί
1048 1433 1507 1487 κατεκάλυπτον
1547 1433 1611 1485 τὸ
1652 1432 1997 1498 πρόσωπον,
2032 1426 2129 1480 καί

545 1516 674 1582 ταῖς
706 1516 848 1571 δυσί
881 1518 1025 1585 τοὺς
1061 1519 1272 1587 πόδας,
1321 1519 1448 1586 ταῖς
1498 1519 1566 1572 δὲ
1600 1518 1786 1571 δυσὶν
1825 1515 2126 1569 ἐπέτοντο.

546 1604 657 1658 Καὶ
689 1604 1018 1676 ἐκέκραγον
1056 1606 1257 1675 ἔτερος
1292 1607 1442 1675 πρὸς
1488 1606 1595 1659 τὸν
1636 1605 1859 1671 ἕτερον·
1908 1604 2128 1671 Ἄγιος.

545 1692 730 1763 ἅγιος,
786 1693 953 1763 ἅγιος
1014 1695 1230 1762 Κύριος
1286 1694 1550 1759 Σαϐαὼθ,
1603 1692 1869 1755 τουτέστι,
1927 1689 2133 1760 Κύριος

548 1780 836 1851 στρατιῶν.
876 1781 980 1845 Ἐξ
1012 1782 1303 1851 πτέρυγες
1345 1781 1425 1847 τῷ
1454 1782 1568 1845 ἐνὶ,
1616 1780 1715 1834 καί
1748 1779 1818 1842 ἐξ
1844 1778 2134 1846 πτέρυγες

544 1865 627 1931 τῷ
661 1867 775 1921 ἐνί-
818 1867 991 1921 Ὀκτὼ
1034 1868 1387 1939 ἡσυχάζουσι,
1420 1869 1514 1921 καὶ
1544 1866 1808 1937 τέσσαρες
1844 1864 2028 1934 βοῶσι.
2068 1862 2133 1915 Τί

544 1950 639 2008 οὖν
663 1953 905 2007 διδάσκει
940 1957 1087 2025 ἡμᾶς
1122 1959 1153 2025 ή
1193 1957 1419 2027 Γραφής
1452 1955 1543 2025 Μὴ
1572 1956 1749 2006 πάντα
1782 1954 1949 2005 κινεῖν
1986 1950 2133 2018 λογι-

549 2044 685 2113 σμὸν
716 2044 846 2115 περὶ
875 2043 1031 2098 Θεοῦ·
1062 2046 1197 2097 άλλά
1238 2045 1305 2097 τὰ
1348 2043 1446 2114 μὲν
1499 2044 1676 2111 σιωπῇ
1714 2040 2025 2110 κηρύττειν,
2068 2038 2137 2091 τὰ

546 2132 605 2185 δέ
628 2130 809 2185 πίστει
835 2132 1076 2196 δοξάζειν
1106 2134 1196 2185 καὶ
1227 2132 1516 2199 θεολογεῖν.
1550 2129 1699 2182 Διατί
1722 2128 1777 2181 δὲ
1805 2127 2136 2190 σκεπάζουσι

547 2219 674 2281 τοὺς
696 2218 861 2281 πόδας
890 2220 983 2270 καὶ
1007 2218 1106 2289 τὴν
1142 2218 1410 2287 κεφαλήν;
1461 2216 1679 2285 Ἐπειδὴ
1710 2213 1833 2266 οῦτε
1862 2214 2005 2285 ἀρχὴ
2036 2213 2139 2265 εὑ-

552 2305 822 2377 ρίσκεται,
863 2306 987 2359 οὔτε
1029 2307 1204 2369 τέλος.
1256 2308 1389 2367 Ταῖς
1424 2304 1482 2357 δὲ
1522 2304 1641 2356 δυσὶ
1674 2301 2007 2355 καλύπτουσι
2040 2300 2137 2370 τὴν

552 2392 815 2461 κεφαλὴν,
842 2395 959 2456 ταῖς
981 2394 1139 2447 δυσὶιι
1169 2392 1293 2455 τοὺς
1317 2392 1498 2456 πόδας,
1531 2390 1773 2459 δηλονότι
1797 2392 1915 2451 ταῖς
1945 2388 2141 2458 μέσαις

552 2479 781 2552 πτέρυξι
807 2481 1081 2546 πέτονται,
1114 2482 1173 2534 οὑ
1201 2483 1321 2543 ταῖς
1342 2480 1475 2541 ἄνω,
1504 2479 1562 2531 ού
1590 2481 1711 2540 ταῖς
1734 2478 1902 2529 κάτω.
1924 2478 2014 2528 Δεῖ
2033 2475 2139 2544 γάρ

552 2568 699 2637 ἡμᾶς
730 2568 855 2639 περὶ
884 2568 1017 2621 Θεοῦ
1053 2568 1346 2630 λαλοῦντας
1374 2566 1443 2620 τά
1478 2566 1618 2636 μέσα
1646 2565 1844 2617 λαλεῖν·
1878 2566 1959 2618 δτι
1985 2563 2135 2627 θεὸς,

553 2654 635 2708 ὅτι
663 2654 1027 2726 Δημιουργδς,
1068 2656 1149 2707 ὅτι
1182 2654 1483 2723 Δεσπότης,
1502 2654 1583 2706 δτι
1609 2651 1925 2721 εὐεργέτης.
1956 2648 2141 2702 Ταῦτα

555 2741 735 2795 πάντα
759 2742 922 2812 μέσα.
956 2742 1079 2795 Ἐάν
1105 2743 1289 2812 εἴπῃς,
1310 2741 1435 2804 Πῶς
1457 2741 1713 2809 ἐγέννησε
1739 2756 1754 2803 ;
1775 2738 1874 2809 τὴν
1896 2736 2141 2807 κεφαλὴν

555 2827 903 2897 ἐγύμνωσας,
934 2830 1000 2899 ἢν
1030 2829 1221 2879 σκέπει
1251 2828 1318 2879 τὰ
1346 2827 1675 2898 Χερουϐείμ.
1722 2825 1847 2878 Ἐάν
1872 2826 1928 2877 δὲ
1957 2824 2138 2894 εἴπῃς,

556 2914 668 2969 Ποῦ
700 2914 763 2969 τὸ
811 2915 963 2979 τέλος
1010 2915 1103 2968 τοῦ
1152 2914 1317 2979 Θεοῦς
1369 2915 1493 2977 τοὺς
1544 2913 1709 2976 πόδας
1754 2914 1998 2982 γυμνοῖς,
2048 2911 2142 2972 οὓς

559 3003 751 3057 σκέπει
798 3003 865 3056 τά
903 3003 1234 3074 Χερουόείμ.
1270 3003 1471 3055 Σκέπει
1513 3001 1568 3053 δέ
1612 3002 1710 3069 τὴν
1760 2999 2001 3069 κεφαλὴν
2047 2997 2142 3051 καὶ

554 3092 683 3155 τοὺς
734 3092 920 3155 πόδας,
973 3092 1072 3160 οὐχ
1127 3092 1213 3144 ἵνα
1258 3090 1462 3163 κρύψῃ,
1520 3089 1634 3143 ἀλλ’
1668 3090 1757 3142 ἵνα
1807 3086 2015 3159 διδάξῃ,
2058 3086 2140 3138 δτι

558 3177 974 3249 ἀνεξερεύνητα,
1002 3179 1082 3231 δτι
1112 3178 1490 3247 ἀκατάληπτα.
1534 3177 1679 3231 Λάϐε
1705 3177 1800 3229 καὶ
1830 3176 1917 3228 τὸν
1950 3175 2137 3228 τύπον.

558 3260 739 3319 Ἦσαν
770 3264 827 3331 ἒξ
855 3266 947 3318 καὶ
971 3264 1050 3330 ἐξ,
1073 3264 1281 3318 δώδεκα
1304 3265 1594 3336 πτέρυγες·
1619 3264 1763 3318 όκτὼ
1790 3262 2141 3334 ἡσυχάζουσι,

560 3354 655 3407 καὶ
682 3354 950 3424 τέσσαρες
984 3354 1279 3407 κινοῦνται.
1323 3353 1505 3417 Τύπος
1539 3353 1646 3406 τῶν
1674 3353 2008 3406 ἀποστόλων.
2030 3351 2143 3405 Δώ-

557 3442 692 3495 δεκα
719 3441 1025 3504 ἀπόστολοι,
1056 3441 1189 3494 ἀλλά
1227 3441 1488 3512 τέσσαρες
1513 3440 1711 3509 βοῶσιν
1741 3438 2141 3508 εύαγγελισταί.

559 3530 672 3583 Kal
698 3529 750 3581 τί
781 3529 1013 3599 βοῶσιν;
1042 3530 1145 3581 Ἦν
1174 3528 1502 3581 ἐσπούδασεν
1526 3530 1554 3581 ό
1579 3529 1823 3588 Σατανᾶς
1845 3525 2144 3595 ἀνατρέψαι

561 3619 765 3687 φωνήν.
806 3620 1065 3685 Πρόσεχε,
1100 3616 1424 3687 παρακαλῶ·
1456 3616 1567 3685 Ούχ
1606 3615 1790 3678 ἁπλῶς
1828 3615 2032 3681 έλεγον,
2070 3615 2145 3677 ὡς

559 3707 740 3775 ἡμεῖς·
777 3704 991 3773 Ἄγιος,
1038 3704 1225 3772 ἅγιος,
1267 3702 1453 3771 ἅγιος·
1501 3700 1635 3754 ἀλλὰ
1675 3696 1754 3763 εἷς
1796 3699 1873 3769 τῷ
1912 3700 1992 3753 ἐνί
2030 3700 2146 3752 άντ-

562 3792 851 3865 έδαλ[λ]ον,
869 3794 943 3855 ὡς
961 3792 1287 3861 γέγραπται·
1309 3792 1415 3845 Καὶ
1439 3791 1764 3858 ἐκέκραγον
1788 3789 1988 3856 ἕτερος
1998 3786 2148 3855 πρὸς

562 3882 670 3936 τὸν
700 3881 923 3949 ἕτερον.
967 3880 1178 3947 Ἄγιος,
1225 3880 1407 3949 φησὶν,
1453 3878 1599 3942 ἅπαξ
1632 3876 1918 3947 ὀφείλομεν
1952 3877 2145 3929 εἰπεῖν.

574 3970 635 4023 '0
656 3969 811 4031 ἀλλος
835 3969 1004 4037 λέγει·
1030 3969 1235 4035 Ἄγιος·
1269 3963 1383 4019 εἶτα
1407 3966 1435 4017 ό
1460 3965 1667 4031 ἕτερος,
1696 3964 1926 4034 πρόσθες
1946 3963 2009 4016 τὸ
2032 3962 2148 4034 τρί-

561 4077 673 4124 τον,
703 4060 911 4125 ’Λγιος.
950 4057 1102 4109 Ἐπεὶ
1135 4052 1227 4108 ούν
1255 4055 1381 4125 τρία
1424 4054 1833 4124 ὴριθμήσαμεν,
1886 4052 1959 4122 μὴ
1998 4050 2150 4120 νομί-

565 4165 665 4219 σῃς
695 4143 833 4199 εἶναι
866 4149 1016 4216 τρεῖς
1045 4144 1220 4207 θεούς.
1258 4144 1321 4196 Τί
1364 4138 1477 4205 οῦν,
1522 4144 1733 4210 Ἄγιος,
1764 4141 1952 4210 ἅγιος,
1985 4139 2150 4209 ἅγιος

565 4238 817 4304 Κύριος;
863 4231 954 4298 Εἷς
990 4234 1096 4302 γάρ
1124 4234 1347 4303 Κύριος,
1388 4234 1486 4301 μία
1523 4231 1723 4293 πίστις,
1756 4230 1814 4282 ἓν
1846 4229 2146 4299 βάπτισμα.

568 4324 679 4377 Kal
708 4321 897 4391 ὥσπερ
926 4324 982 4374 ἐν
1003 4324 1123 4382 ταῖς
1156 4320 1494 4389 ψαλμῳδίαις
1530 4318 1961 4387 ἀντιπέμπουσιν
1988 4317 2150 4387 ἀλλή-

568 4412 681 4473 λοις
714 4410 784 4463 τὰ
812 4410 970 4481 μέλη,
997 4409 1169 4471 οὑτως
1199 4409 1254 4460 αἰ
1286 4410 1398 4461 ἄνω
1434 4406 1689 4474 δυνάμεις
1713 4404 2151 4474 ἀντιχορεύουσιν

567 4498 846 4571 ἀλλήλαις,
876 4497 969 4551 καὶ
996 4496 1185 4566 ὥσπερ
1212 4496 1268 4561 ἐξ
1297 4492 1595 4562 ἁντιφώνου
1622 4491 1885 4562 μελῳδίας
1913 4491 2152 4561 ἀναπέμ-

572 4605 733 4642 πουσι
784 4584 883 4655 τὴν
921 4584 1250 4651 δοξολογίαν.
1288 4578 1444 4643 Εἶτα,
1482 4580 1743 4649 Πλήρης,
1780 4580 1963 4647 φησιν,
1997 4582 2029 4632 ὀ
2066 4575 2150 4632 οἶ-

572 4691 678 4739 κος
715 4673 827 4741 τῆς
853 4672 1041 4739 δόξης
1072 4672 1274 4726 αὑτοῦ.
1312 4670 1420 4725 Καὶ
1450 4670 1680 4737 ἐπήρθη
1726 4668 1787 4720 τὸ
1820 4667 2151 4735 ὑπέρθυρον

570 4760 690 4816 ἀπὸ
740 4758 852 4829 τῆς
910 4757 1171 4827 κραυγῆς
1224 4755 1298 4829 ἧς
1337 4758 1683 4827 ἐκέκραγον,
1742 4754 1840 4808 καί
1899 4758 1931 4809 o'
1989 4752 2151 4821 οἶκος

569 4848 886 4918 ἐπληρώθη
916 4848 1173 4903 καπνοῦ.

647 4946 722 5003 ς’.
772 4938 933 4991 Ξένον
988 4939 1257 5008 πρᾶγμαί
1295 4937 1427 4990 ’Λπὺ
1479 4937 1579 5008 τῆς
1643 4937 1969 5007 δοξολογίας,
2035 4935 2152 4988 δέον

573 5025 937 5097 προστεθῆναι
964 5027 1139 5091 δόξαν,
1177 5026 1267 5079 καὶ
1293 5029 1323 5097 ἡ
1358 5021 1415 5078 ού
1429 5042 1490 5077 σα
1518 5025 1789 5090 ἀπώλετο,
1821 5027 1913 5079 καὶ
1948 5024 2153 5085 καπνὸς

573 5111 807 5184 εἰσῆλθε.
832 5114 1052 5176 Καπνδς
1076 5115 1152 5179 δὲ,
1173 5099 1403 5184 ἐρημίας
1438 5114 1583 5166 ἐστὶν
1614 5113 1799 5167 εἰκών.
1828 5113 1893 5167 Τί
1921 5108 2013 5166 οῦν
2038 5115 2154 5165 ἐστι

574 5199 765 5267 τοῦτο;
792 5200 1023 5272 Προῄδει
1057 5201 1116 5253 τδ
1149 5202 1373 5271 Πνεῦμα
1414 5201 1475 5254 τὸ
1508 5201 1682 5270 ἅγιον,
1713 5202 1795 5253 ὅτι
1828 5201 1907 5265 τὸ,
1938 5202 2152 5269 Ἄγιος.

575 5292 762 5360 ἅγιος,
814 5290 1001 5359 ἅγιος,
1050 5290 1318 5360 ἥρμοσται
1360 5290 1437 5359 τῷ
1477 5292 1688 5361 κόσμῳ,
1723 5290 1799 5360 τῷ
1841 5289 2155 5361 κηρύγματι

573 5379 682 5432 τῶν
722 5376 1059 5439 ἀποστόλων,
1094 5377 1187 5428 καὶ
1212 5377 1271 5429 ού
1297 5376 1510 5445 δέχεται
1541 5380 1671 5431 αὐτὸ
1699 5382 1727 5431 6
1755 5378 1879 5442 ναὸς
1903 5378 2012 5431 τῶν
2028 5377 2156 5429 Ἰου-

575 5468 759 5522 δαίων.
794 5467 953 5535 Λέγει
981 5462 1092 5531 οὖν,
1124 5467 1202 5519 δτι
1232 5465 1367 5535 μετὰ
1398 5465 1458 5517 τὸ
1489 5467 1748 5536 κήρυγμα
1782 5468 1875 5521 τοῦ
1908 5468 2155 5534 Εὑαγγε-

576 5555 690 5609 λίου
746 5554 981 5626 ἐρημίας
1030 5553 1123 5607 καὶ
1157 5552 1362 5605 καπνοῦ
1416 5552 1715 5621 πληροῦται
1771 5555 1804 5621 ή
1845 5554 2153 5623 συναγωγή.

588 5643 835 5714 Ἐπήρθη
873 5642 929 5695 δὲ
966 5642 1061 5712 οὑχ
1102 5641 1136 5711 ἡ
1170 5639 1326 5711 θύρα,
1361 5639 1499 5692 ἀλλά
1524 5639 1583 5692 τὸ
1618 5640 1939 5711 ὑπέρθυρον.
1985 5641 2157 5712 11963-

639 5799 656 5824 ⁸
683 5802 794 5850 Sav.
820 5800 902 5849 καὶ
923 5798 1023 5858 ταῖς
1046 5798 1128 5860 μὶν
1152 5798 1313 5849 δνσὶ...
1344 5797 1443 5853 ταῖς
1466 5797 1515 5845 δὲ
1536 5797 1657 5843 Cum.

2007 348 2382 407 SEVERIAM

3713 364 3831 417 44ίί

2230 482 2343 537 εχε·
2379 467 2538 522 Πᾶσα
2570 466 2709 539 θύρα
2742 467 2896 523 οὐδὸν
2934 467 3291 539 ὑποκείμενον
3322 467 3456 537 ἔχει,
3508 466 3604 519 καὶ
3646 468 3822 539 ὑπέρ-

2228 556 2391 625 θυρον
2427 553 2579 625 [455]
2629 556 2978 625 ἐπικείμενον
3024 557 3143 619 ταῖς
3188 555 3519 626 παραστάσι·
3563 555 3659 609 καὶ
3692 554 3825 609 οὔτε

2230 643 2421 711 στῆναι
2450 641 2704 696 δύνανται
2736 643 3086 714 παραστάδες
3128 644 3203 713 μὴ
3242 643 3459 714 ἔχουσαι
3488 642 3662 707 οὐδὸν,
3696 644 3829 697 οὑδὲ

2231 729 2589 800 στηριχθῆναι
2643 729 2929 783 ἀσάλευτοι
2978 729 3231 783 δύνανται
3296 730 3371 800 μὴ
3433 729 3698 783 λαϐοῦσαι
3753 730 3828 782 τὸ

2229 816 2558 887 ὑπέρθυρον.
2601 818 2846 887 Ὲπὴρθη
2870 813 2965 871 οῦν
2988 818 3087 888 τῆς
3112 818 3432 886 συναγωγῆς
3461 818 3520 870 τὸ
3544 819 3657 872 ἀνω
3686 818 3827 887 σχῆο

2234 921 2329 973 μα·
2374 905 2471 974 οὐχ
2514 905 2608 975 δλη
2661 905 2761 975 μὲν
2812 908 2845 976 ἡ
2890 905 3200 976 συναγωγή.
3248 904 3418 975 θύρας
3458 904 3559 975 μὲν
3595 905 3825 974 ἔχουσα.

2232 991 2535 1061 ὑπέρθυρον
2561 992 2618 1045 δὲ
2649 993 2749 1045 οὑκ
2774 992 2989 1063 ἔχουσα.
3028 994 3101 1046 Τὸ
3130 992 3435 1063 ὑπέρθυρόν
3466 994 3614 1045 ἐστιν
3647 994 3679 1062 ἡ
3705 992 3833 1045 ἄνω

2230 1078 2509 1147 κρατοῦσα
2528 1078 2772 1149 δύναμις.
2814 1080 3057 1151 Ἐπήρθη
3084 1080 3145 1133 τὸ
3174 1079 3502 1151 ὑπέρθυρον,
3526 1079 3826 1149 ἐγυμνώθη

2229 1165 2331 1234 τῆς
2354 1166 2593 1237 χάριτος.
2623 1166 2739 1235 Ἀφ’
2763 1160 2823 1219 οῦ
2849 1168 2905 1219 δέ
2927 1168 2987 1219 τὸ
3010 1168 3313 1238 ὑπέρθυρον
3342 1167 3573 1238 ἐπήρθη,
3606 1168 3826 1237 ἀνάγκη

2231 1254 2330 1316 τάς
2383 1255 2733 1323 παραστάδας
2773 1256 2864 1307 καὶ
2908 1256 3013 1308 ὑπὸ
3058 1257 3156 1326 τῆς
3196 1256 3462 1327 τυχούσης
3502 1256 3681 1326 χειρὸς
3727 1274 3831 1308 σα-

2230 1339 2502 1394 λεύεσθαι.
2542 1342 2643 1394 Διά
2668 1342 2826 1395 τοῦτο
2857 1344 3003 1395 πᾶσα
3034 1343 3153 1412 χεὶρ
3184 1344 3398 1396 σαλεύει
3427 1344 3494 1395 τά
3530 1343 3824 1396 Ἰουδαῖκά.

2233 1427 2346 1481 Kal
2393 1428 2481 1481 διά
2525 1429 2685 1482 τοῦτο
2729 1431 3014 1500 προφήτης
3050 1448 3133 1494 τις
3162 1430 3336 1499 ἔλεγε·
3367 1431 3474 1487 Καὶ
3511 1431 3677 1498 θήσω
3706 1431 3830 1495 τὴν

2246 1515 2635 1587 Ἰερουσαλὴμ
2662 1519 2743 1586 ὡς
2774 1524 3041 1589 πρόθυρα
3072 1520 3474 1586 σαλευόμενα.
3518 1518 3625 1573 Καὶ
3664 1521 3698 1571 ό
3740 1514 3831 1571 οἷ-

2236 1619 2363 1670 κος,
2404 1605 2586 1673 φησὶν,
2613 1605 2930 1675 ἐπληρώθη
2960 1608 3216 1662 καπνοῦ.
3250 1609 3359 1661 Καὶ
3382 1605 3484 1659 ποῦ
3508 1608 3541 1677 ἡ
3568 1606 3695 1669 δόξα
3714 1606 3827 1658 άπ-

2234 1689 2394 1760 ῆλθε;
2424 1691 2683 1762 Πρόσεχε,
2711 1694 3034 1765 παρακαλῶ·
3058 1695 3220 1763 Λέγει
3263 1696 3508 1759 Ἡσαΐας·
3539 1694 3646 1748 Kal
3669 1692 3832 1757 πλή-

2228 1794 2346 1844 ρης
2392 1776 2505 1844 τῆς
2548 1778 2733 1847 δόξης
2785 1784 2818 1833 ό
2872 1777 3035 1847 οἶκος
3091 1781 3299 1836 αὑτοῦ·
3356 1778 3473 1835 εἶτα
3527 1781 3699 1850 λέγει,
3741 1782 3830 1834 ὃτι

2249 1864 2555 1933 Ἐπλήσθη
2591 1869 2847 1922 καπνοῦ.
2884 1868 3229 1932 Εἰσελθόντος
3255 1870 3433 1923 τοίνυν
3470 1868 3565 1923 τοῦ
3592 1865 3829 1929 καπνοῦ.

2237 1952 2451 2025 ἀνάγκῃ
2486 1956 2519 2026 ἡ
2559 1954 2685 2019 δόξα
2714 1958 2997 2028 μετετέθη.
3031 1958 3141 2011 Kal
3165 1958 3269 2011 ποῦ
3303 1958 3598 2029 μετετέθη;
3630 1956 3742 2011 Ούκ
3767 1955 3835 2007 ἐν

2239 2042 2319 2095 ἐνὶ
2356 2043 2510 2113 οἴκῳ,
2547 2043 2661 2096 ἀλλ⁹
2691 2044 2973 2115 ἐπλήρωσε
3009 2045 3108 2108 τάς
3148 2046 3473 2116 Ἐκκλησίας
3514 2045 3617 2098 ἀνά
3645 2045 3833 2096 πᾶσαν

2238 2137 2338 2207 τὴν
2378 2134 2721 2203 οἰκουμένην.
2772 2132 2883 2185 Kal
2922 2133 3010 2186 ἴνα
3052 2133 3202 2203 δείξῃ
3247 2134 3315 2187 τὰ
3366 2131 3673 2202 Χερουϐεὶμ
3721 2130 3831 2183 ποῦ

2240 2223 2482 2293 ἀπῆλθεν
2509 2224 2541 2291 ἡ
2570 2221 2697 2287 δόξα
2721 2222 2754 2291 ἡ
2786 2222 2843 2273 ἐν
2870 2220 2949 2291 τῷ
2975 2220 3110 2291 ναῷ,
3134 2222 3296 2289 λέγει·
3322 2218 3565 2287 Πλήρης
3592 2218 3763 2273 πᾶσα
3787 2220 3833 2286 ή

2239 2310 2315 2380 γῆ
2360 2311 2471 2378 τῆς
2517 2310 2703 2376 δόξης
2750 2308 2959 2363 αὐτοῦ.
3017 2308 3339 2378 Ἐγυμνώθη
3390 2308 3447 2360 ἐν
3508 2307 3679 2372 ἔθνος,
3734 2308 3835 2359 καὶ

2241 2398 2515 2469 ἐφωτίσθη
2546 2396 2615 2449 τά
2643 2398 2853 2467 πέρατα
2875 2396 2974 2465 τῆς
3002 2396 3123 2467 γῆς.
3154 2396 3369 2466 Ταύτην
3394 2396 3492 2465 τὴν
3520 2394 3682 2462 ἁγίαν
3715 2412 3837 2462 (pm-

2242 2488 2339 2558 νὴν
2380 2486 2608 2555 Κυρίου,
2656 2485 2755 2556 τὴν
2805 2483 3089 2553 βασιλικὴν
3130 2482 3459 2548 δοξολογίαν,
3492 2487 3695 2547 ταύτην
3729 2480 3833 2550 τὴν

2243 2576 2423 2629 ἔνθεον
2448 2573 2858 2645 μυσταγωγίαν,
2884 2572 3034 2640 ἔλεγε
3059 2570 3363 2624 διαϐολικὺν
3384 2569 3575 2639 στόμα,
3608 2568 3833 2636 περίελε

2243 2664 2351 2716 ἀπὸ
2377 2662 2470 2715 τοῦ
2509 2661 2917 2731 θυσιαστηρίου.
2956 2662 3081 2712 Ὀτι
3120 2658 3176 2712 δὲ
3218 2656 3338 2711 κατ’
3370 2655 3532 2708 αὑτοῦ
3571 2654 3665 2707 τοῦ
3700 2656 3836 2724 Χρι-

2244 2750 2370 2803 στοῦ
2405 2752 2573 2820 χωρεῖ
2604 2752 2635 2820 ἡ
2670 2748 3009 2819 βλασφημία,
3033 2747 3166 2816 δήλη
3192 2747 3225 2815 ἡ
3259 2745 3547 2815 μαρτυρία.
3584 2744 3717 2797 Τίνα
3748 2739 3833 2795 εἷ-

2241 2840 2329 2891 δεν
2364 2840 2590 2901 Ἡσαΐας
2615 2840 2673 2891 ἐν
2701 2837 2781 2907 τῷ
2815 2836 3022 2904 θρόνῳ;
3050 2835 3211 2902 Λέγει
3241 2834 3366 2904 γάρ·
3408 2834 3675 2887 Ἤκουσα
3706 2850 3833 2901 φω-

2242 2925 2361 2993 νὴν
2409 2924 2633 2993 Κυρίου
2672 2925 2982 2993 λεγοντος·
3034 2924 3173 2976 Τίνα
3202 2920 3575 2983 ἀποστει’.ιω;
3603 2920 3703 2972 καί
3739 2921 3836 2985 τίς

2244 3014 2595 3081 πορεύσεται
2619 3012 2768 3079 πρὸς
2790 3010 2897 3065 τὸν
2918 3010 3071 3064 λαὸν
3093 3009 3309 3063 τοῦτον
3330 3025 3348 3070 ;
3372 3007 3699 3077 Κατηλλάγη
3732 3006 3835 3075 μὲν

2243 3100 2321 3169 τῷ
2356 3099 2548 3169 δούλῳ,
2595 3099 2781 3168 ἀκμὴν
2824 3098 2881 3150 δὲ
2914 3097 3107 3167 ἔφερεν
3140 3097 3582 3165 ἀγανακτήσεως.
3617 3094 3836 3164 Ὠσπερ

2244 3190 2405 3257 ἡμεῖς
2439 3186 2534 3239 ἐάν
2566 3184 2945 3255 διαλλαγῶμεν
2977 3185 3182 3255 οἰκέτῃ,
3210 3184 3308 3236 οὑκ
3338 3183 3538 3245 εὑθέως
3579 3182 3729 3253 αύτῷ
3768 3183 3838 3235 τὸ

2244 3276 2362 3330 ὅλον
2385 3276 2538 3347 ὄμμα
2560 3274 2914 3345 χαριζόμεθα,
2938 3273 3073 3327 ἀλλά
3093 3274 3277 3343 ἡρέμα
3302 3271 3713 3341 ὑποκλέπτομεν
3732 3269 3837 3340 τὴν

2244 3365 2385 3434 ὄψιν·
2436 3364 2607 3426 οῦτως
2654 3366 2682 3416 ό
2732 3363 2865 3425 Θεὸς
2902 3362 2977 3432 μὴ
3022 3361 3190 3415 θέλων
3217 3360 3384 3425 δεῖξαι
3423 3361 3541 3413 δλον
3574 3359 3635 3411 τὸ
3664 3359 3834 3427 πρόσ-

2244 3469 2414 3515 ωπον,
2444 3450 2679 3512 ἑστῶτος
2707 3448 2896 3513 αὑτοῦ,
2927 3449 3095 3515 λέγει·
3134 3447 3271 3501 Τίνα
3302 3447 3675 3508 ἀποστείλω;
3701 3446 3837 3497 Ὠσ-

2247 3557 2352 3610 περ
2383 3538 2480 3592 ἐάν
2506 3534 2607 3592 ὦσι
2649 3537 2826 3592 δοῦλοι
2869 3538 3100 3600 ἑστῶτες
3133 3537 3225 3590 ἐπὶ
3261 3537 3546 3601 δεσπότου,
3576 3538 3671 3589 καὶ
3701 3536 3835 3608 θέλῃ

2246 3627 2427 3683 αὑτῶν
2460 3626 2779 3697 μέμψασθαι
2822 3627 2923 3698 τὴν
2971 3626 3266 3697 ῥαθυμίαν,
3302 3626 3467 3695 λέγει·
3525 3627 3660 3678 Τίνα
3685 3625 3837 3679 ἀπο-

2247 3717 2498 3780 στείλως
2521 3717 2613 3779 Εἰς
2634 3715 2791 3783 τήνδε
2815 3715 2914 3785 τὴν
2944 3715 3134 3785 χρείαν
3154 3713 3254 3767 οὐκ
3273 3716 3381 3784 ἔχω
3406 3713 3710 3782 ἄνθρωπον·
3735 3713 3839 3784 οὑχ

2248 3806 2323 3869 ὡς
2354 3806 2428 3877 μὴ
2457 3806 2615 3876 ἔχων,
2647 3804 2761 3859 ἀλλ’
2784 3805 2860 3869 ῶς
2891 3805 3177 3858 σπουδαῖον
3212 3804 3285 3875 μὴ
3312 3805 3469 3874 έχων.
3496 3804 3654 3857 Οῦτω
3684 3804 3780 3856 καὶ
3808 3806 3839 3855 ό

2248 3896 2401 3958 Θεός·
2428 3895 2561 3948 Τίνα
2581 3894 2883 3947 ἀποστείλω
2907 3894 3025 3947 ἀντὶ
3048 3893 3237 3946 τούτου
3261 3910 3275 3957 ;
3306 3893 3395 3945 τὸν
3424 3891 3835 3960 σιωπήσανταῑτ,

2248 3986 2340 4038 τὸν
2371 3982 2713 4053 πολεμοῦντα
2740 3984 2839 4052 τὴν
2866 3982 3197 4053 ἱερωσύνην;
3228 3982 3291 4035 Τί
3319 3978 3410 4035 οὖν
3454 3982 3713 4045 ’Πσαΐαςς
3748 3982 3839 4042 Ὠς

2250 4073 2467 4142 οἰκέτης
2504 4074 2560 4123 ἐν
2594 4070 2961 4142 προσκρούσει
3000 4071 3310 4140 γενόμενος,
3346 4072 3440 4122 καὶ
3466 4069 3705 4138 δηχθεὶς,
3741 4070 3839 4120 καὶ

2252 4158 2500 4212 σπεύδων
2548 4158 2691 4229 ὑπὲρ
2732 4158 2843 4210 τῶν
2878 4157 3109 4229 πρώτων
3161 4156 3626 4225 ἀπολογήσασθαι·
3678 4153 3837 4209 Ἰδοὺ

2248 4246 2384 4314 ἐγὼ,
2404 4246 2769 4300 ἀπόστειλόν
2776 4261 2872 4313 με.
2893 4244 3063 4297 Πόθεν
3083 4240 3174 4296 οὖν
3193 4243 3474 4312 δείξωμεν,
3496 4244 3574 4295 ὅτι
3598 4240 3836 4311 Χριστοῦ

2250 4328 2372 4403 ἦνή
2404 4334 2556 4398 δόξας
2592 4332 2753 4400 Λέγει
2794 4333 3042 4399 Ἰωάννης
3073 4333 3099 4383 ὀ
3127 4330 3549 4398 Εύαγγελιστής·
3590 4327 3841 4382 Τοιαῦτα

2252 4421 2320 4472 δὲ
2354 4420 2571 4487 σημεῖα
2610 4421 3003 4485 πεποιηκότος
3037 4417 3140 4469 τοῦ
3172 4416 3387 4483 Ἰησοῦ,
3414 4418 3523 4469 οὐκ
3553 4417 3836 4470 ἐπίστευ-

2252 4526 2374 4562 σαν
2410 4506 2569 4572 αὐτῷ
2613 4506 2898 4571 Ἰουδαῖοι,
2939 4506 3039 4558 ἵνα
3083 4504 3364 4573 πληρωθῇ
3420 4505 3484 4558 τὸ
3514 4504 3703 4572 ῥηθέν
3737 4504 3839 4560 διὰ

2266 4596 2525 4649 Ἡσαΐου·
2582 4591 2750 4660 Ἀκοῇ
2802 4593 3117 4656 ἀκούσετε,
3173 4591 3271 4645 καί
3329 4593 3399 4646 οὐ
3442 4591 3528 4662 μὴ
3582 4592 3834 4660 συνῆτε.

2262 4684 2450 4737 Ταῦτα
2486 4682 2552 4734 δὲ
2588 4677 2778 4745 εἶπεν,
2809 4681 2906 4735 ὅτε
2931 4677 3091 4735 εἶδεν
3124 4681 3239 4747 τὴν
3273 4680 3464 4744 δόξαν
3498 4681 3707 4745 αὑτοῦ,
3739 4683 3838 4736 καί

2255 4770 2525 4837 ἑλιίλησε
2558 4768 2690 4837 περί
2723 4767 2931 4823 αὑτοῦ.
2966 4764 3115 4831 Εἶδες
3141 4767 3203 4821 τδ
3230 4768 3525 4836 κεφάλαιον
3551 4769 3707 4840 ἡμῶν
3735 4770 3839 4840 τῆς

2256 4858 2531 4930 σωτηρίας
2563 4856 2654 4910 τὸν
2679 4856 2950 4927 ἁγιασμόν
2976 4873 2989 4921 ;
3022 4855 3317 4927 Ἀγιασμδς
3347 4856 3444 4911 ἐάν
3484 4857 3559 4929 μὴ
3588 4860 3838 4929 γένηται,

2251 4946 2372 5000 οὑδέ
2405 4946 2464 4999 τὸ
2491 4945 2785 5015 μυστήριον
2804 4943 3059 4998 τελεῖται.
3093 4944 3275 5011 Ἔχεις
3304 4943 3403 5014 τὴν
3426 4944 3628 4999 εἰκόνα.
3662 4946 3839 4999 Μόνον

2254 5029 2373 5086 εἶπε
2416 5033 2484 5085 τά
2524 5031 2854 5101 Χερουϐείμ·
2892 5030 3107 5097 Ἀγιες,
3157 5030 3345 5097 ἅγιος,
3385 5030 3553 5100 ἅγιος
3600 5034 3835 5099 Κύριος·

2254 5121 2487 5192 ἡγιάσθη
2521 5121 2553 5190 ή
2582 5118 2761 5171 θυσία.
2801 5116 2951 5189 [454]
2985 5117 3089 5170 Καὶ
3125 5118 3466 5186 ἀπεστάλη,
3498 5120 3654 5190 φησὶ,
3686 5119 3837 5186 πρός

2250 5227 2326 5280 με
2355 5210 2424 5263 ἓν
2454 5208 2569 5262 τῶν
2598 5205 2939 5274 Χερουόεἰμ,
2971 5205 3067 5257 καὶ
3094 5205 3163 5257 ἐν
3193 5204 3268 5273 τῇ
3289 5207 3439 5276 χειρί
3464 5207 3651 5261 αὑτοῦ
3674 5202 3840 5274 εἶχεν

2255 5298 2542 5366 ἄνθρακα,
2572 5296 2643 5348 ὃν
2664 5292 2736 5362 τῇ
2756 5292 2955 5348 λαόίδι
2981 5294 3201 5346 ἐλαϐεν
3227 5294 3347 5347 ἀπὸ
3383 5293 3488 5347 τοῦ
3510 5298 3838 5359 θυσιαστη-

2249 5387 2407 5455 ρίου.
2450 5384 2542 5453 Μὴ
2576 5381 2788 5449 ἔλαϐεν,
2829 5381 2933 5445 ἕως
2975 5375 3036 5435 οὗ
3084 5380 3341 5451 ἡγιάσθη.
3394 5382 3639 5450 Ἥψατο,
3681 5382 3839 5452 φησι,

2319 5545 2349 5587 b
2370 5543 2451 5594 Sic
2476 5542 2918 5608 omnesimss.,Sav.
2942 5544 3209 5608 legendum
3236 5549 3391 5606 putat,
3417 5544 3519 5608 ἀντὶ
3540 5537 3841 5608 τοῦιτοῦτσν

2259 5610 2339 5658 τὸν
2362 5620 2505 5655 σιωπ.
2552 5611 2606 5653 cl
2647 5607 2773 5655 hanc
2797 5603 3063 5656 lectioném
3102 5610 3210 5656 sino
3238 5603 3559 5661 'auclorilale,
3593 5603 3713 5650 mhil
3737 5614 3843 5650 mo-

2262 5684 2403 5725 nens,
2425 5668 2473 5716 In
2498 5673 2689 5717 textum
2707 5670 2901 5717 Invexil
2923 5668 3139 5720 Combef.
3163 5668 3261 5717 Sed
3285 5675 3402 5728 pulo
3422 5667 3605 5713 seriem
3628 5665 3844 5725 optimc,

2266 5738 2434 5788 mest,
2466 5739 2600 5781 slarc
2643 5743 2810 5789 posse,
2834 5744 2945 5778 cum
2981 5733 3193 5779 maxime
3242 5730 3542 5777 Severianus
3582 5738 3679 5775 nun
3704 5728 3843 5779 lanio

2267 5796 2499 5857 scrupulo
2523 5792 2669 5843 verba
2701 5791 2803 5842 hwc
2832 5798 2906 5843 ιρι
2936 5792 3028 5845 alia
3049 5792 3343 5844 adhibuerit.
