4102 6520
263 424 381 480 445

265 544 455 602 estque
484 531 671 588 honori
698 532 856 588 sitnul
905 539 960 587 et
1003 530 1166 602 quieti
1191 546 1206 585 ;
1231 532 1298 586 ita
1330 543 1383 587 et
1408 533 1501 587 Dei
1531 531 1721 586 solium
1759 543 1849 582 sa-

272 628 468 696 pientia
498 627 548 679 in
586 641 690 694 qua
719 626 857 680 Deus
903 626 1205 694 requiescit.
1237 625 1359 680 Ideo
1406 625 1570 679 David
1602 624 1676 678 ait
1710 641 1722 677 :
1756 622 1854 689 Qui

272 717 413 771 sedes
435 732 585 785 super
601 715 866 770 Cherubim
889 714 1058 786 (Psal.
1091 715 1176 770 79.
1207 717 1260 769 5.
1289 725 1333 769 et
1368 715 1457 771 98.
1490 714 1540 784 1)
1566 731 1583 778 ;
1608 729 1670 767 ac
1699 713 1743 767 si
1768 713 1852 767 di-

269 814 439 872 ceret,
467 808 555 876 qui
584 806 635 859 in
659 805 810 874 plena
838 807 1092 874 sapientia
1133 807 1383 876 quiescis.
1417 805 1540 859 Ideo
1565 804 1854 861 Cherubim

271 897 428 968 plena
451 907 575 952 sunt
599 898 787 964 oculis,
817 898 866 952 in
890 897 1068 964 dorso,
1121 901 1172 953 in
1208 900 1403 970 capite,
1438 899 1493 953 in
1537 899 1747 968 pennis,
1801 898 1853 952 in

270 987 516 1058 pedibus,
550 989 602 1042 in
632 997 870 1057 pectore,
898 999 953 1044 et
981 999 1088 1045 tota
1111 991 1284 1044 oculis
1310 992 1464 1061 plena
1492 999 1665 1054 erant,
1717 1006 1854 1059 quo-

274 1082 414 1133 niam
442 1081 700 1149 sapientia
731 1083 960 1152 undiqne
986 1082 1266 1150 conspicit,
1298 1093 1352 1137 et
1378 1082 1610 1152 undique
1655 1083 1857 1151 apertis

266 1179 353 1226 est
379 1173 568 1229 oculis.
598 1173 736 1228 «Sex
764 1173 881 1237 alte,
900 1193 916 1224 ι
947 1174 1132 1243 inquit,
1173 1193 1190 1226 ι
1219 1176 1327 1241 uni,
1349 1186 1403 1230 et
1424 1189 1515 1229 sex
1538 1177 1634 1229 ala:
1657 1177 1765 1230 uni.
1793 1176 1859 1230 Et

267 1261 479 1317 duabus
500 1263 710 1333 quidem
740 1266 984 1334 tegebant
1012 1265 1231 1328 vultum,
1265 1275 1317 1320 ct
1337 1265 1543 1321 duabus
1571 1266 1751 1334 pedes,
1805 1277 1858 1320 et

271 1352 483 1410 duabus
534 1357 802 1411 volabant.
853 1358 919 1412 Et
963 1359 1262 1413 clamabant
1307 1360 1442 1414 alter
1494 1360 1560 1414 ad
1609 1362 1856 1427 alterum,

268 1446 518 1515 Sanctus,
550 1458 784 1512 sanctus,
837 1460 1051 1505 sanctus
1082 1451 1332 1505 Dominus
1357 1451 1590 1507 Sabaoth
1630 1472 1651 1505 ι
1683 1454 1701 1520 <
1732 1452 1858 1506 Isai.

270 1538 327 1591 6.
359 1538 412 1591 2.
439 1539 473 1594 3
497 1540 514 1606 )
541 1557 553 1592 :
584 1538 687 1594 hoe
711 1550 814 1606 est,
846 1541 1097 1595 Dominus
1126 1544 1473 1596 exercituum.
1507 1543 1613 1598 Sea:
1637 1545 1856 1609 alceuni,

268 1636 321 1681 et
345 1644 433 1680 rex
466 1629 564 1681 alie
591 1632 698 1683 uni.
722 1629 853 1684 Octo
880 1631 1147 1685 silentium
1191 1641 1387 1695 tenent,
1420 1643 1473 1688 et
1498 1644 1723 1702 quatuor
1750 1634 1860 1688 cla-

272 1727 443 1772 niant.
474 1719 608 1787 Quid
637 1735 764 1790 ergo
794 1720 949 1776 docet
972 1737 1066 1776 nos
1087 1723 1356 1792 Scriptura
1381 1723 1403 1775 ?
1432 1723 1508 1778 Nc
1556 1739 1713 1777 omne
1772 1740 1859 1778 ra-

273 1811 553 1864 tiocinium
578 1827 886 1866 moveamus
908 1813 1050 1868 circa
1101 1815 1302 1878 Deum;
1360 1815 1454 1868 sed
1504 1816 1606 1868 alia
1651 1816 1862 1868 silentio

271 1902 645 1972 pnedicemus,
672 1904 775 1957 alia
806 1905 906 1958 ﬁde
932 1905 1290 1973 gloriﬁcamus
1317 1916 1370 1961 et
1392 1907 1567 1959 divina
1592 1909 1853 1962 dicamus.

271 1993 384 2047 Cur
411 2001 586 2051 autem
621 1993 779 2062 pedes
810 1997 1067 2064 obteguut
1092 2006 1144 2050 et
1171 2008 1327 2066 caput
1357 1998 1378 2050 ?
1407 1998 1539 2066 Quia
1572 2014 1669 2053 nec
1715 2001 1864 2067 prin-

278 2086 478 2151 cipium
507 2101 604 2140 nec
633 2085 750 2140 ﬁnis
795 2089 1076 2154 reperitur.
1110 2089 1319 2141 Duabus
1371 2098 1555 2158 tegunt
1608 2103 1765 2158 caput
1811 2101 1865 2147 et

279 2175 485 2230 duabus
502 2176 685 2245 pedes,
713 2192 902 2247 nempe
918 2178 1122 2231 duabus
1142 2179 1326 2232 mediis
1343 2182 1528 2248 pennis
1546 2180 1744 2244 volant,
1760 2198 1864 2236 non

281 2265 668 2336 superioribus,
691 2284 788 2322 nec
803 2268 1160 2324 inferioribus.
1177 2270 1283 2324 Nos
1301 2270 1441 2324 enim
1457 2270 1521 2324 de
1535 2271 1643 2324 Deo
1656 2272 1866 2340 loquen-

280 2368 390 2423 tes,
425 2359 594 2413 media
624 2359 898 2413 declarare
925 2368 1175 2429 oportet:
1222 2360 1360 2430 quod
1390 2377 1580 2432 nempe
1605 2362 1675 2414 sit
1708 2363 1865 2429 Deus,

280 2451 424 2519 quod
440 2451 682 2516 Creator,
702 2452 841 2521 quod
859 2453 1130 2518 Dominus,
1152 2454 1293 2522 quod
1313 2453 1606 2509 benelicus.
1627 2455 1750 2510 llzec
1763 2471 1870 2509 om-

279 2545 370 2598 nia
384 2544 550 2598 media
575 2553 717 2597 sunt.
742 2544 798 2599 Si
819 2545 985 2611 dicas,
1006 2545 1281 2612 Quomodo
1303 2547 1519 2616 genuit?
1537 2558 1694 2616 caput
1715 2549 1868 2602 dete-

278 2635 427 2697 xisti,
457 2635 596 2703 quod
623 2635 910 2689 Cherubim
961 2647 1162 2705 tegunt.
1193 2637 1244 2692 Si
1292 2654 1451 2707 porro
1497 2639 1714 2701 dixeris,
1770 2640 1866 2695 Ubi

278 2735 369 2777 est
396 2723 488 2780 Dei
519 2727 675 2779 linis?
702 2726 862 2794 pedes
891 2728 1117 2791 nudasli,
1151 2743 1283 2796 quos
1321 2739 1504 2797 tegunt
1550 2729 1865 2783 Cherubim.

279 2817 490 2888 Tegunt
509 2827 681 2871 autem
697 2828 855 2888 caput
876 2828 928 2873 et
962 2820 1142 2888 pedes,
1177 2835 1279 2874 non
1312 2831 1368 2874 ut
1394 2821 1747 2881 abscondant,
1775 2821 1867 2875 sed

283 2918 349 2962 ut
374 2908 598 2962 doceant
627 2909 742 2963 haec
792 2924 912 2963 esse
961 2911 1321 2964 inserutabilia
1348 2952 1363 2972 ,
1417 2911 1875 2978 incomprehensi-

283 2998 432 3051 bilia.
465 3000 659 3065 Accipe
710 2999 949 3068 ﬁguram.
983 2999 1151 3052 Erant
1189 3015 1282 3053 sex
1329 3008 1381 3053 et
1423 3014 1538 3064 sex,
1594 3000 1872 3055 duodecim

281 3103 476 3158 penum
510 3099 667 3145 :octo
697 3091 1000 3158 quiescunt,
1027 3099 1080 3144 et
1132 3099 1362 3159 quatuor
1397 3102 1699 3147 moventur.
1751 3093 1875 3148 lla-c

283 3184 451 3249 ﬁgura
479 3195 601 3236 sunt
629 3183 1012 3250 apostolorum.
1043 3184 1329 3237 Duodecim
1353 3194 1477 3238 sunt
1502 3187 1750 3254 apostoli,
1779 3186 1873 3241 sed

282 3282 518 3343 quatuor
539 3275 876 3342 evangelistre
904 3275 1153 3328 clamant.
1188 3275 1249 3328 Et
1278 3275 1402 3344 quid
1433 3277 1708 3330 clamant?
1739 3278 1870 3330 Eam

281 3379 474 3418 vocem
494 3381 656 3434 quam
679 3375 924 3420 evertere
969 3375 1180 3419 satanas
1208 3377 1428 3420 conatus
1459 3377 1562 3420 est.
1603 3369 1864 3422 Animad-

282 3465 459 3520 verte,
491 3471 688 3526 quaeso.
715 3457 827 3510 Non
858 3456 1170 3526 simpliciter
1197 3457 1468 3523 dicebant,
1503 3468 1558 3512 ut
1580 3474 1697 3521 nos,
1735 3460 1875 3512 San-

285 3556 422 3611 ctus,
451 3555 674 3610 sanctus,
707 3555 931 3612 sanctus,
959 3545 1054 3601 sed
1083 3547 1221 3600 alter
1250 3548 1314 3601 ad
1357 3549 1584 3602 alterum
1640 3550 1877 3605 vicissim

284 3636 625 3701 cmiltebant,
668 3646 723 3689 ut
750 3638 1003 3706 scriptum
1041 3649 1120 3692 est
1151 3656 1163 3692 :
1198 3637 1259 3690 Et
1312 3639 1600 3692 clamabant
1635 3640 1763 3692 alter
1812 3642 1880 3694 ad

283 3731 526 3783 alterum.
551 3731 796 3793 Sanctus,
829 3729 1017 3796 inquit,
1055 3729 1220 3784 semel
1249 3730 1534 3784 dicendum
1588 3732 1742 3785 nobis
1770 3740 1873 3786 est.

291 3819 448 3874 Alius
475 3820 601 3873 dicit
627 3819 889 3873 Sanctus:
921 3819 1114 3872 deinde
1155 3820 1307 3883 alius,
1341 3821 1476 3874 adde
1523 3821 1700 3884 tertio,
1747 3823 1878 3875 San-

286 3921 433 3966 ctus.
451 3912 580 3977 Quia
611 3926 738 3981 ergo
764 3919 873 3965 tres
908 3913 1319 3976 numeravimus,
1349 3928 1412 3965 ne
1432 3921 1584 3980 putes
1615 3924 1721 3966 tres
1763 3930 1882 3969 esse

287 4005 445 4060 deos.
472 4002 576 4056 Cur
599 4017 726 4072 ergo
755 4021 767 4055 :
798 4003 1039 4067 Sanctus,
1089 4013 1311 4069 sanctus,
1355 4015 1560 4058 sanctus
1593 4003 1884 4059 Dominus?

289 4094 448 4150 Unus
477 4095 621 4148 enim
650 4103 732 4148 est
774 4095 1050 4161 Dominus,
1085 4112 1185 4148 uua
1219 4096 1364 4159 ﬁdes,
1399 4112 1560 4149 inium
1597 4096 1875 4167 baptisma.

286 4186 377 4240 Ac
399 4183 843 4253 quemadmodum
864 4185 1335 4254 inpsahnodiisialii
1365 4186 1482 4238 aliis
1501 4201 1684 4240 versus
1710 4197 1882 4240 trans-

287 4277 533 4342 mittunt,
560 4278 636 4331 sic
662 4292 905 4345 superna:
934 4286 1222 4345 potestates
1251 4287 1461 4331 mutuos
1479 4278 1673 4332 choros
1700 4289 1882 4349 agunt,

289 4383 366 4424 ac
388 4367 548 4420 veluti
577 4382 638 4422 ex
671 4366 898 4421 melodia
934 4366 1168 4424 vicissim
1210 4367 1411 4433 habita,
1442 4369 1883 4439 gloriﬁcationem

289 4459 572 4521 emittunt,
624 4458 844 4514 Deinde.
890 4458 1054 4512 Plena
1086 4469 1212 4524 erat,
1265 4460 1453 4530 inquit,
1496 4462 1673 4515 domus
1724 4464 1886 4533 gloria

285 4550 430 4618 ejus.
460 4548 526 4602 Et
547 4549 873 4604 elevatumest
902 4551 1290 4618 superliminare
1317 4567 1350 4604 a
1400 4567 1516 4606 voce
1544 4569 1644 4622 qua
1689 4554 1884 4606 clama-

287 4640 441 4706 bant,
469 4649 513 4692 et
534 4640 712 4693 domus
735 4642 926 4710 repleta
949 4651 1022 4693 est
1039 4641 1211 4710 fumo(
1235 4639 1360 4694 Isai.
1394 4643 1447 4696 5.
1477 4643 1510 4696 tl
1531 4645 1571 4711 ).

372 4733 425 4785 6.
454 4731 585 4786 Rem
614 4733 958 4795 stupendam!
987 4732 1119 4785 Cum
1153 4743 1272 4801 post
1302 4734 1739 4804 gloriﬁcationem
1769 4735 1887 4806 glo-

289 4825 380 4882 ria
408 4823 649 4881 addenda
689 4824 991 4889 videretur,
1022 4825 1182 4878 etiam
1211 4841 1270 4878 ea
1299 4842 1417 4896 qua:
1461 4836 1576 4881 erat
1616 4829 1803 4896 periit,
1836 4837 1890 4884 et

290 4917 476 4972 fumus
503 4915 734 4969 intravit.
766 4913 962 4968 Fumus
1001 4925 1178 4970 autem
1209 4917 1554 4973 desolationis
1582 4929 1663 4973 est
1692 4921 1883 4990 imago.

290 5009 439 5076 Quid
487 5009 643 5078 igitur
685 5009 784 5062 hoc
822 5007 943 5061 est?
985 5008 1314 5063 Prmvidebat
1355 5009 1586 5078 Spiritus
1634 5023 1884 5079 sanctus,

290 5099 450 5163 illud,
483 5100 704 5153 Sanctus
728 5139 743 5161 ,
773 5108 976 5152 sanctus
1001 5140 1014 5161 ,
1050 5109 1250 5151 sanctus
1269 5140 1284 5164 ,
1315 5101 1512 5154 mundo
1533 5117 1651 5157 esse
1675 5104 1889 5158 cont-iu-

291 5203 503 5255 natum,
530 5190 887 5259 prmdicationi
910 5190 1293 5258 apostolorum,
1319 5200 1372 5243 et
1399 5192 1656 5259 templum
1679 5193 1890 5247 Judteo-

292 5294 420 5340 rum
452 5295 554 5333 non
585 5280 709 5333 illud
733 5282 993 5348 accipere.
1017 5280 1150 5334 Dicit
1167 5296 1293 5350 ergo
1319 5291 1434 5348 post
1462 5282 1888 5348 praadicationcm

300 5371 584 5442 Evangelii
605 5371 940 5425 desolatione
974 5378 1030 5424 et
1068 5370 1209 5423 fumo
1252 5371 1554 5439 replendum
1584 5387 1701 5426 esse
1727 5390 1887 5442 syna-

287 5476 509 5535 gogam.
543 5460 820 5514 Elevatum
852 5471 932 5514 est
959 5475 1062 5513 non
1093 5463 1308 5525 ostium,
1338 5461 1431 5516 sed
1460 5463 1883 5531 superliminare.

291 5554 550 5610 Animum
579 5552 790 5606 adhibe.
821 5552 1005 5608 Omnis
1039 5555 1198 5621 janua
1225 5555 1393 5607 solum
1427 5555 1752 5610 substratum
1796 5558 1890 5611 ha-

291 5645 424 5707 bet,
472 5653 526 5698 et
566 5642 972 5711 superliminare
1014 5643 1318 5712 impositum
1359 5647 1640 5714 parastatis
1670 5665 1683 5702 :
1717 5664 1888 5717 neque

293 5744 525 5805 possunt
555 5743 833 5805 parastatze
874 5745 1013 5790 stare
1035 5776 1048 5800 ,
1078 5736 1177 5789 nisi
1215 5738 1385 5790 solum
1421 5738 1686 5802 habeant;
1718 5755 1888 5808 neque

295 5825 499 5882 ﬁrmari
524 5825 863 5896 immotmque
883 5839 998 5883 esse
1025 5835 1262 5897 possunt,
1289 5827 1390 5882 nisi
1421 5829 1679 5899 accipiant
1700 5845 1880 5900 supcr-

1328 422 1416 476 DE
1456 417 1670 476 MUNDI
1709 413 2098 473 CREATIONE
2136 418 2393 478 ORATIO
2430 420 2494 476 ll.

3439 444 3554 498 446

1962 527 2222 584 liminare.
2248 531 2470 586 Elevata
2495 539 2579 587 est
2602 547 2729 603 ergo
2754 549 3038 606 synagogas
3060 539 3305 608 superior
3334 540 3502 595 forma
3531 559 3546 594 :

1958 636 2063 674 non
2091 629 2199 675 tota
2229 621 2440 691 quidem
2468 638 2754 694 synagoga,
2772 642 2888 694 quae
2915 636 3094 696 portas
3121 629 3335 698 quidem
3366 631 3547 697 habet,

1959 711 2364 779 superliminare
2387 723 2562 768 autem
2593 716 2815 770 nullum.
2838 717 3258 788 Supcrliminare
3287 736 3444 789 porro
3467 733 3552 776 est

1959 803 2126 857 virtus
2146 817 2373 872 superne
2393 808 2691 860 continens.
2711 807 2984 862 Elevatum
3012 818 3094 864 est
3119 826 3180 865 su
3189 811 3548 880 perliminare,

1962 893 2217 947 nudatum
2246 903 2324 949 est
2352 896 2536 964 gratia.
2572 896 2648 949 Ex
2677 911 2782 965 quo
2810 907 2982 952 autem
3012 901 3416 969 superliminare
3443 901 3554 954 ele-

1961 997 2139 1042 vatum
2179 997 2295 1053 est,
2339 991 2697 1043 necessarium
2739 989 2838 1043 fuit
2874 1001 3165 1060 parastatas
3201 995 3280 1046 vel
3312 1011 3339 1045 a
3386 993 3548 1047 debili

1963 1091 2120 1133 manu
2149 1082 2492 1136 commoveri.
2524 1080 2645 1136 Ideo
2685 1083 2887 1152 qurevis
2927 1099 3114 1138 manus
3149 1085 3367 1139 Judaica
3406 1100 3553 1140 com-

1965 1181 2140 1224 movet
2167 1187 2182 1227 :
2214 1169 2410 1224 idcirco
2443 1172 2699 1240 pr0pheta
2738 1173 2953 1242 quidam
2983 1173 3228 1228 dicebat:
3270 1174 3335 1227 Et
3366 1191 3552 1245 ponam

1972 1258 2244 1314 Ierusalem
2269 1271 2321 1314 ut
2348 1262 2582 1314 vestibula
2605 1277 2715 1330 quae
2745 1273 3022 1316 moventur.
3058 1262 3122 1314 Et
3150 1264 3328 1318 domus
3360 1264 3553 1334 repleta

1965 1363 2035 1404 est
2075 1351 2414 1422 {unio(Zacli.
2453 1351 2538 1406 12.
2569 1352 2645 1421 2).
2683 1353 2748 1407 Et
2797 1368 3023 1422 quonam
3059 1354 3189 1407 abiit
3221 1355 3554 1422 gloria‘lAt—

1967 1442 2122 1497 tende
2145 1485 2160 1509 ,
2190 1458 2392 1512 quaeso.
2424 1444 2558 1497 Dicit
2589 1444 2748 1497 Isaias
2774 1487 2787 1507 ,
2819 1444 2883 1497 Et
2925 1445 3072 1514 plena
3104 1456 3207 1498 erat
3236 1446 3416 1497 domus
3445 1446 3556 1515 glu-

1965 1534 2041 1584 ria
2070 1535 2208 1598 eius;
2236 1534 2426 1588 deinde
2455 1535 2623 1588 dicit:
2656 1536 2863 1602 llcpleta
2895 1546 2962 1588 est
2995 1541 3152 1604 fumo.
3185 1536 3425 1605 Ingresso
3451 1537 3553 1590 ita-

1965 1641 2069 1695 que
2118 1627 2298 1688 fumo,
2329 1642 2546 1680 necesse
2588 1629 2682 1679 l'nit
2736 1639 2791 1680 ut
2837 1630 3004 1698 gloria
3049 1628 3443 1683 transferretur.
3491 1628 3558 1681 Et

1967 1732 2198 1785 quonam
2233 1718 2482 1770 translata
2513 1729 2593 1772 est
2616 1722 2639 1770 ’ἰ
2662 1720 2772 1772 Non
2810 1721 2860 1773 in
2886 1737 3041 1773 uuam
3072 1722 3311 1787 domum,
3336 1721 3430 1775 sed
3455 1721 3556 1774 im-

1970 1811 2131 1877 plevit
2177 1810 2439 1864 Ecelesias
2479 1826 2576 1880 per
2617 1820 2784 1864 totum
2824 1815 3026 1867 orbein.
3075 1814 3139 1868 Et
3175 1823 3228 1868 ut
3277 1814 3557 1868 ostendant

1967 1902 2251 1955 Cherubim
2280 1919 2510 1971 quonam
2537 1903 2726 1957 abierit
2753 1905 2917 1972 gloria
2945 1921 3063 1974 quae
3093 1909 3145 1960 in
3179 1907 3374 1976 templo
3418 1918 3554 1971 erat,

1969 1990 2149 2044 dicunt
2175 2011 2186 2045 :
2214 1992 2377 2046 Plena
2411 2006 2481 2046 est
2526 1996 2689 2047 omnis
2729 2005 2859 2046 terra
2898 1997 3059 2065 gloria
3088 1999 3214 2065 ejus.
3244 1997 3450 2051 Nudata
3479 2006 3562 2052 est

1970 2096 2097 2149 gens
2121 2097 2242 2148 una,
2272 2094 2319 2136 et
2352 2084 2626 2138 illuuiinati
2662 2095 2786 2140 sunt
2809 2089 3018 2140 termini
3049 2098 3223 2143 terrm.
3254 2089 3400 2143 llanc
3429 2105 3556 2144 san-

1968 2181 2110 2225 ctam
2156 2189 2339 2227 vocem
2393 2175 2641 2241 Domini,
2672 2178 2871 2246 regiam
2915 2178 3352 2248 gloriﬁcationem
3379 2223 3393 2246 ,
3426 2182 3560 2235 hanc

1971 2263 2204 2317 divinam
2247 2267 2522 2334 mysticam
2555 2267 2936 2322 institutionem
2968 2310 2982 2334 ,
3013 2269 3221 2324 dicebat
3251 2285 3311 2324 os
3337 2270 3563 2325 diaboli-

1972 2369 2089 2406 cum
2117 2394 2130 2419 ,
2163 2355 2312 2408 aufer
2355 2355 2422 2408 ab
2463 2356 2636 2409 altari.
2665 2358 2816 2423 Quod
2849 2369 3025 2413 autem
3072 2360 3185 2414 hate
3231 2361 3559 2429 blasphemia

1972 2444 2242 2498 Christum
2289 2446 2546 2515 impetat,
2595 2449 2931 2502 manifestum
2979 2451 3336 2504 testiinonium
3389 2451 3560 2506 adest.

1975 2537 2267 2600 Quemnam
2304 2536 2429 2587 vidit
2463 2538 2511 2588 in
2542 2537 2678 2589 solio
2712 2539 2914 2592 Isaias?
2945 2540 3031 2592 Ait
3057 2541 3231 2606 etiiin,
3266 2542 3447 2594 Audivi
3474 2558 3562 2595 tvo-

1973 2643 2076 2678 cem
2104 2626 2300 2678 Domini
2332 2629 2540 2680 dicentis
2565 2645 2583 2680 .'
2608 2630 2765 2693 Quem
2796 2632 2987 2682 mittant
3009 2632 3033 2684 ?
3054 2641 3098 2684 et
3125 2634 3234 2701 quis
3262 2634 3350 2685 ibit
3375 2634 3442 2686 ad
3469 2651 3563 2702 po-

1975 2718 2149 2785 pulant
2176 2719 2306 2771 lianc
2333 2719 2478 2785 (lani.
2505 2719 2555 2773 6.
2581 2721 2635 2789 8)
2653 2722 2675 2772 ’ἒ
2705 2722 3095 2776 llcconciliatus
3125 2734 3205 2777 est
3230 2739 3407 2787 servo,
3438 2741 3564 2792 spe-

1974 2809 2110 2860 cicm
2139 2816 2309 2861 tamen
2343 2811 2654 2877 prarl'erebat
2683 2811 3072 2879 indignationis.
3107 2813 3174 2868 Ut
3217 2829 3316 2867 nos
3355 2816 3566 2883 quando

1978 2912 2133 2952 servo
2163 2901 2492 2967 pepercimus
2522 2943 2534 2965 ,
2567 2915 2670 2954 non
2702 2904 2878 2956 statim
2911 2905 2983 2958 illi
3012 2913 3179 2959 totum
3211 2907 3416 2961 vultum
3442 2923 3569 2978 gra-

1979 2989 2170 3042 tiosum
2213 2990 2526 3045 exhibemus
2549 3034 2563 3056 ,
2594 2993 2686 3047 sed
2717 3004 2989 3064 aspectum
3021 3001 3278 3066 tantisper
3320 2999 3541 3055 subduci

1979 3096 2096 3134 mus
2117 3081 2214 3136 :ita
2243 3082 2378 3135 Deus
2399 3099 2517 3136 cum
2543 3099 2646 3137 non
2669 3087 2826 3140 vellet
2851 3095 3016 3141 tottnn
3035 3088 3317 3143 ostendere
3343 3091 3566 3158 vultum,

1979 3182 2153 3226 stante
2193 3175 2282 3226 illo
2307 3174 2513 3228 dicebat
2542 3195 2554 3228 :
2583 3177 2740 3242 Quem
2780 3179 3013 3231 mittam?
3035 3180 3492 3245 Quemadmodum
3525 3184 3568 3236 si

1981 3265 2120 3318 servi
2159 3275 2361 3320 starent
2386 3282 2566 3320 coram
2597 3269 2726 3323 hero
2751 3312 2764 3334 ,
2792 3281 2844 3324 et
2873 3272 3032 3325 vellet
3062 3274 3173 3341 ipse
3201 3289 3385 3327 eorum
3424 3275 3570 3344 igna-

1980 3355 2120 3409 viam
2158 3358 2420 3425 incusare,
2443 3358 2644 3413 diceret
2670 3379 2683 3414 :
2706 3360 2872 3428 Quem
2903 3363 3152 3416 mittam?
3174 3365 3250 3418 Ad
3282 3366 3381 3419 hoc
3411 3381 3570 3434 nego-

1982 3445 2113 3498 tium
2153 3445 2421 3499 hominem
2464 3462 2570 3500 non
2611 3447 2815 3515 habeo;
2849 3466 2954 3505 non
3001 3452 3138 3520 quod
3189 3469 3291 3507 non
3341 3455 3568 3520 habeat,

1983 3535 2077 3590 sed
2102 3537 2242 3606 quod
2270 3547 2544 3592 strenuum
2573 3555 2677 3594 non
2709 3541 2916 3596 habeat.
2942 3543 3030 3597 Sic
3054 3544 3192 3598 Deus
3215 3563 3225 3597 :
3251 3545 3419 3611 Quem
3449 3548 3570 3599 mit-

1989 3636 2094 3680 tam
2141 3628 2294 3696 hujus
2325 3629 2479 3683 Ioco?
2507 3647 2575 3684 an
2604 3648 2727 3685 eum
2756 3634 2844 3701 qui
2878 3635 3074 3696 tacuit,
3105 3635 3288 3689 videns
3317 3654 3437 3690 cuin
3483 3640 3571 3707 qui

1984 3721 2338 3774 sacerdotium
2393 3723 2773 3792 impugnabat?
2813 3726 2946 3792 Quid
2999 3742 3126 3796 ergo
3180 3728 3377 3782 Isaias?
3414 3729 3574 3796 Quasi

1987 3813 2213 3866 l'atnulus
2244 3814 2295 3866 in
2322 3814 2520 3868 oﬂ'ensa
2550 3815 2933 3883 deprehensus,
2961 3833 3023 3871 ac
3049 3831 3416 3888 compunctus,
3448 3822 3571 3890 qui-

1985 3919 2090 3971 que
2133 3904 2343 3958 studeat
2385 3907 2558 3974 priora
2609 3907 2914 3976 abstergere
2940 3926 2952 3961 :
2977 3907 3108 3961 Ecce
3146 3926 3235 3980 ego
3259 3951 3273 3971 ,
3304 3911 3441 3963 mitte
3478 3928 3572 3964 me.

1988 3995 2141 4051 Unde
2178 4013 2305 4066 ergo
2333 3999 2680 4054 ostendemus
2719 4016 2834 4055 eam
2881 4001 3044 4056 fuisse
3072 4003 3269 4058 Christi
3308 4006 3577 4075 gloriam?

1988 4088 2075 4140 Ait
2108 4088 2338 4144 Joannes
2368 4091 2689 4159 evangelista
2722 4109 2735 4144 :
2773 4111 2791 4142 ι
2825 4093 2952 4146 Cum
2985 4103 3125 4146 tanta
3168 4096 3316 4163 signa
3362 4096 3576 4149 fecisset

1989 4178 2164 4243 Jesus,
2200 4195 2303 4233 non
2335 4183 2677 4235 crediderunt
2704 4183 2750 4235 ei
2782 4182 2953 4236 Judaei
2976 4225 2988 4246 ,
3019 4194 3076 4237 ut
3107 4186 3413 4252 impleretur
3437 4187 3578 4256 quod

1990 4270 2187 4322 dictum
2219 4279 2299 4323 est
2327 4286 2419 4337 per
2447 4272 2630 4323 Isaiam
2663 4289 2674 4324 :
2703 4273 2896 4325 Auditu
2924 4275 3171 4338 audietis,
3203 4285 3255 4328 et
3285 4292 3387 4329 non
3419 4277 3573 4329 intel-

1990 4361 2184 4428 ligetis.
2214 4361 2337 4415 lltec
2364 4372 2540 4416 autem
2565 4363 2697 4417 dixit
2721 4364 2934 4433 quando
2961 4365 3089 4417 vidit
3116 4367 3334 4434 gloriam
3363 4368 3497 4435 ejus,
3523 4376 3576 4422 et

1991 4453 2240 4522 loquutus
2278 4463 2359 4508 cst
2408 4455 2473 4508 de
2500 4469 2564 4508 eo
2595 4473 2614 4506 ι
2645 4455 2824 4525 (Joau.
2859 4456 2947 4508 12.
2978 4457 3208 4524 ὀλο-11).
3246 4457 3578 4512 Vidistin’ca-

1993 4553 2083 4614 put
2135 4545 2320 4599 salutis
2381 4556 2608 4613 nostrzn,
2659 4545 3169 4600 sanctiﬁcationem?
3214 4547 3578 4602 Sanctilicatio

1991 4639 2035 4692 si
2063 4653 2164 4691 non
2197 4638 2387 4700 fuerit,
2418 4654 2587 4707 neque
2613 4638 2921 4708 mysterium
2953 4647 3367 4692 consummatur.
3403 4638 3577 4693 llabes

1995 4731 2296 4800 imaginem.
2325 4730 2507 4786 Solum
2534 4730 2716 4785 dixere
2739 4730 3022 4786 Cherubim
3051 4749 3062 4784 :
3091 4729 3330 4795 Sanctus,
3355 4741 3576 4796 sanctus,

1991 4834 2190 4876 sanctus
2214 4822 2459 4876 Dominus
2483 4839 2501 4876 :
2521 4823 2845 4877 sanctiﬁcata
2874 4832 2954 4877 est
2975 4823 3166 4876 hostia.
3192 4822 3255 4875 Et
3282 4827 3462 4876 missus
3482 4834 3573 4889 est,

1995 4914 2180 4982 inquit,
2212 4914 2278 4965 ad
2309 4931 2385 4967 me
2410 4931 2537 4967 unus
2561 4914 2623 4967 de
2654 4912 2938 4978 Cherubim,
2974 4923 3018 4966 et
3043 4916 3094 4966 in
3122 4931 3277 4967 manu
3302 4932 3396 4968 sua
3426 4916 3577 4968 liabe-

1993 5007 2072 5058 bnt
2092 5005 2373 5067 carbonem,
2398 5021 2543 5075 quem
2562 5004 2757 5074 forcipe
2783 5004 2959 5056 tulerat
2983 5004 3046 5056 de
3070 5003 3221 5057 altari
3242 5003 3392 5075 (Isai.
3418 5004 3470 5058 6.
3495 5005 3576 5075 6).

1994 5098 2107 5152 Non
2135 5097 2273 5161 tulit,
2297 5097 2466 5151 donec
2492 5096 2846 5150 sanctiﬁcatus
2869 5105 2970 5149 est.
3003 5095 3203 5165 Tetigit,
3233 5095 3420 5164 inquit,
3442 5096 3577 5150 labia

1995 5206 2103 5241 mea
2134 5187 2293 5258 (Ibid.
2338 5204 2382 5240 υ.
2426 5187 2502 5252 7).
2533 5188 2638 5240 (Zur
2675 5187 2851 5239 labia?
2879 5186 3247 5255 Mysteriorum
3297 5187 3575 5241 vestibula.

1993 5283 2125 5348 Quid
2155 5282 2376 5336 dicimus
2400 5282 2611 5336 ﬁdeles?
2637 5282 2745 5335 lloc
2770 5283 3077 5353 mysterium
3107 5291 3317 5350 peccata
3341 5283 3578 5338 dimittit.

2000 5375 2185 5428 Dicunt
2214 5375 2370 5427 etiam
2403 5374 2684 5428 Cherubim
2708 5391 2722 5428 :
2749 5374 2878 5427 Ecce
2900 5374 3086 5427 abstuli
3119 5387 3321 5443 peccata
3352 5386 3456 5427 tua.
3485 5376 3576 5428 Vi—

1993 5465 2114 5519 disti
2158 5464 2418 5535 ﬁguram?
2443 5465 2613 5519 vidisti
2657 5466 3020 5533 splendentem
3052 5466 3371 5521 veritatem?
3401 5468 3578 5537 Ipsum

1994 5560 2170 5629 igitur,
2198 5560 2285 5628 qui
2315 5560 2464 5614 sedet
2493 5575 2652 5628 super
2679 5560 2868 5613 solium
2895 5561 3164 5615 excelsum
3197 5570 3250 5614 et
3275 5561 3541 5616 elevatum
3561 5605 3574 5628 ,

1994 5652 2323 5705 sanctilicare
2365 5667 2430 5705 ne
2473 5666 2786 5715 cessemus;
2819 5653 3015 5721 gratias
3055 5667 3182 5706 vero
3226 5667 3442 5721 agamus
3484 5668 3581 5721 pro

1992 5743 2164 5796 anima
2189 5757 2306 5810 qua:
2331 5741 2544 5796 seducta
2575 5741 2744 5795 fuerat
2769 5783 2784 5808 ,
2817 5758 2972 5811 quam
3004 5743 3156 5811 lupus
3183 5742 3385 5809 rapuit,
3414 5757 3573 5811 quam

1995 5832 2187 5887 avulsit
2218 5842 2415 5900 pastor,
2447 5848 2603 5904 quam
2633 5834 2804 5899 rapuit
2826 5833 3084 5892 diabolus.
3118 5832 3210 5889 sed
3238 5832 3454 5888 abstulit
3486 5833 3575 5890 illo
