4102 6468
585 377 697 429 447

581 476 818 528 clemens
843 484 904 524 ac
930 470 1217 539 benignus;
1238 477 1293 518 ιιι
1314 482 1373 519 os
1394 479 1551 520 omne
1573 463 1900 530 ha‘rcticum,
1924 475 1976 518 ct
1996 465 2171 535 lingua

582 563 891 632 blasphema
920 561 1115 620 furens,
1140 558 1310 611 laudet
1334 557 1543 611 Patrem
1565 566 1614 610 et
1637 556 1829 611 Filium
1850 566 1902 611 et
1918 557 2172 626 Spiritum

581 664 823 711 sanctum
856 656 910 709 in
941 652 1152 708 smcula.
1184 653 1351 704 Amen
1386 650 1481 719 (ιι).

582 787 826 859 Ejusdem
848 788 900 840 in
931 787 1060 839 diem
1089 788 1289 839 tertium
1309 784 1574 839 creationis
1594 824 1608 849 ,
1634 794 1677 838 et
1700 784 1762 838 de
1786 786 2169 840 resurrectione.

654 904 704 956 1.
736 900 913 955 Μυηᾶί
947 899 1148 954 Artifex
1179 900 1311 964 sole,
1347 898 1492 966 luna,
1524 899 1693 954 stellis
1723 899 1911 953 etelum
1937 901 2168 964 ornavit,

581 1005 884 1063 terramque
907 992 1129 1047 ﬁoribus
1155 1002 1208 1045 et
1232 992 1425 1061 plantis
1453 992 1747 1056 coronavit,
1770 1002 1928 1061 atque
1955 1006 2170 1045 omnem

578 1096 880 1142 creaturam
911 1086 1070 1139 variis
1116 1085 1390 1139 decoravit
1435 1084 1711 1138 ornatibus
1746 1100 1759 1135 :
1790 1098 1889 1137 nos
1917 1098 2045 1139 vero
2077 1098 2172 1152 par

576 1188 681 1244 est,
713 1187 987 1245 resumpto
1016 1176 1083 1231 de
1111 1176 1380 1230 creatione
1405 1189 1686 1237 sermone,
1721 1172 1931 1242 opiﬁeia
1953 1172 2169 1241 quidem

579 1272 797 1337 mirari,
840 1271 1096 1339 Opiﬁccm
1142 1278 1318 1321 autem
1350 1266 1595 1320 adorare.
1656 1264 1840 1333 Neque
1868 1264 2013 1319 enitn
2057 1264 2172 1320 haec

580 1361 779 1430 scripta
805 1370 929 1414 sunt
956 1360 1160 1423 solum,
1209 1366 1268 1411 ut
1315 1356 1583 1410 discamus
1620 1356 1708 1410 illa
1740 1354 1877 1410 facta
1904 1370 2045 1422 esse,
2074 1357 2168 1411 sed

578 1460 635 1506 ut
663 1452 916 1521 Opiﬁcem
950 1450 1297 1503 admirenmr.
1345 1448 1549 1503 Dictum
1602 1457 1687 1503 est
1710 1448 1856 1502 illum
1888 1449 2059 1518 primo
2084 1448 2169 1503 die

579 1553 944 1599 creaturarum
971 1548 1245 1598 materiam
1273 1543 1585 1613 produxisse
1609 1560 1622 1594 :
1647 1542 1882 1597 secundo
1910 1543 2017 1607 die,
2037 1556 2168 1611 quo-

575 1635 736 1690 modo
762 1651 827 1690 ex
854 1636 1055 1689 rariore
1086 1636 1437 1704 mollioreque
1464 1618 1719 1703 aquarum
1744 1635 1964 1689 materia
1991 1636 2169 1687 ﬁrma-

576 1738 817 1780 mentum
846 1726 1201 1793 constituerit,
1237 1726 1460 1795 ideoque
1496 1727 1889 1780 ﬁrmamentum
1920 1736 2166 1780 vocatum

572 1816 754 1872 fuerit.
785 1817 986 1872 Idcirco
1016 1818 1176 1871 etiam
1204 1817 1449 1871 Christus
1491 1827 1658 1870 totum
1691 1817 1875 1870 orbem
1905 1826 2163 1871 terrarum

571 1917 916 1963 extenuatum
935 1915 989 1962 et
1011 1906 1328 1971 emollitum,
1353 1906 1668 1975 diversoque
1691 1905 1922 1975 plurium
1942 1906 2163 1959 deorum

572 2015 757 2055 errore
782 2014 879 2055 ceu
908 1999 1130 2053 materia
1162 1999 1512 2067 dissipatum,
1551 1998 1782 2069 collegit,
1813 2007 1867 2052 et
1896 2014 2053 2052 unam
2100 2000 2163 2050 ii-

568 2092 691 2147 dem
730 2089 886 2156 fecit,
936 2105 1093 2160 quam
1137 2092 1526 2142 ﬁrmamentum
1574 2098 1728 2143 vocat
1752 2089 2037 2158 Apostolus
2083 2088 2165 2143 his

572 2181 748 2235 verbis
772 2200 783 2234 :
811 2180 1103 2235 Secundum
1133 2182 1505 2249 ﬁrmamentum
1527 2181 1646 2248 [idci
1674 2182 1726 2233 in
1747 2180 2000 2235 Christum
2026 2180 2159 2251 (Col.

567 2272 623 2325 ‘2.
648 2273 726 2340 5).
754 2272 928 2325 Divisa
953 2282 1036 2325 est
1063 2273 1220 2341 igitur
1240 2272 1502 2339 aliyssus;
1529 2282 1748 2341 eratque
1773 2288 1906 2341 aqua
1937 2273 2020 2325 illa
2043 2289 2162 2341 qua:

571 2364 708 2419 infra
733 2367 981 2419 manebat
1017 2363 1263 2433 abyssus,
1296 2372 1451 2431 atque
1488 2365 1647 2416 etiam
1675 2364 1761 2416 illa
1800 2379 1918 2432 qua:
1950 2378 2159 2416 sursum

567 2463 623 2509 et
642 2452 885 2508 sublimis
905 2462 1021 2508 erat
1046 2455 1292 2524 abyssus.
1320 2452 1472 2508 Unde
1498 2453 1632 2507 hoc?
1658 2453 1743 2507 Ait
1772 2452 1933 2507 David
1959 2470 1971 2505 :
1996 2453 2160 2523 Abys-

566 2562 656 2600 sus
713 2548 953 2616 abyssum
1007 2546 1202 2598 invocat
1249 2546 1302 2597 in
1354 2561 1475 2598 voce
1528 2554 1899 2597 cataractarum
1961 2558 2161 2598 tuarum

568 2640 752 2712 (Psal.
782 2641 867 2694 M.
904 2640 989 2710 8).
1028 2639 1203 2694 Divisa
1235 2648 1317 2693 est
1360 2640 1536 2707 itaque
1566 2638 1791 2709 abyssus
1814 2678 1830 2704 ,
1880 2646 1935 2692 et
1962 2636 2158 2692 factum

565 2743 650 2787 est
678 2733 1073 2786 ﬁrmamentum
1106 2749 1118 2783 :
1152 2730 1406 2800 deinceps
1448 2739 1589 2784 terra
1631 2740 1815 2799 operta
1851 2740 1967 2785 erat
2000 2744 2158 2799 aqua.

566 2823 635 2877 Et
664 2824 792 2878 dixit
825 2822 958 2876 Deus
978 2865 992 2889 ,
1041 2823 1243 2891 inquit,
1276 2822 1618 2892 Congrcgetur
1643 2838 1774 2887 aqua
1798 2836 1910 2890 qua:
1938 2824 2027 2875 sub
2057 2836 2158 2875 ca:-

565 2916 617 2969 lo
658 2924 729 2968 est
788 2915 839 2967 in
881 2914 1316 2984 congregationem
1371 2929 1524 2966 unam
1549 2952 1565 2979 ,
1620 2923 1664 2967 et
1711 2923 1955 2982 appareat
2011 2913 2159 2966 arida

568 3004 734 3076 (Gen.
767 3007 819 3058 i.
850 3006 936 3073 9).

645 3095 834 3150 Contra
877 3093 1707 3163 Anania'os.—Quandoquidem
1742 3095 1921 3148 ninnia
1964 3096 2158 3150 intelli-

569 3204 696 3259 gere
720 3190 903 3241 volunt
925 3188 1102 3239 miseri
1134 3186 1205 3239 illi
1236 3186 1491 3250 haeretici,
1521 3195 1571 3240 et
1605 3186 2158 3256 iucomprchensibilis

568 3290 775 3335 natura:
803 3279 1019 3333 modum
1047 3287 1383 3341 scrutantur,
1413 3277 1595 3331 dicant
1617 3278 1887 3347 quomodo
1926 3294 2157 3349 congre-

560 3382 679 3441 gata
709 3373 777 3424 sit
800 3386 956 3439 aqua,
986 3378 1077 3422 aut
1104 3379 1420 3438 congregata
1448 3382 1676 3437 quonam
1706 3373 2008 3424 recesserit.
2040 3370 2154 3424 Non

562 3466 727 3528 enim,
760 3462 1053 3518 secundum
1081 3477 1173 3516 vos
1200 3502 1213 3525 ,
1244 3463 1388 3515 nullo
1417 3462 1663 3515 examine
1691 3463 1911 3515 vocibus
1939 3462 2153 3517 ha‘ren—

560 3562 687 3611 dum
717 3566 819 3618 est,
851 3557 940 3611 sed
973 3572 1060 3609 res
1086 3565 1210 3609 sunt
1249 3555 1572 3623 qua-rendat.
1618 3555 1763 3609 Dixit
1803 3553 1941 3610 Dens
1974 3557 2153 3611 :(Ion-

558 3659 789 3721 grcgetur
818 3666 971 3719 aqua.
1003 3648 1245 3715 Quonam
1276 3658 1594 3717 congregata
1628 3647 1763 3701 fuit?
1791 3648 1843 3701 In
1874 3664 2040 3705 mare.
2071 3654 2152 3705 An

560 3758 709 3797 mare
738 3752 861 3796 tunc
890 3742 1100 3810 plenmn
1132 3758 1238 3794 non
1268 3751 1383 3794 erat
1404 3742 1425 3792 ?
1448 3741 1610 3793 Terra
1640 3743 1790 3808 plena
1812 3750 1947 3805 erat,
1974 3744 2152 3811 utique

558 3850 689 3888 sane
718 3844 771 3889 et
795 3850 961 3887 mare.
989 3835 1231 3898 Quonam
1262 3834 1421 3900 igitur
1449 3842 1767 3900 congregata
1797 3838 1916 3887 est?
1942 3836 2039 3900 Qui
2064 3836 2149 3889 illa

558 3942 678 3994 qua:
707 3925 757 3979 in
782 3925 1006 3993 pedibus
1035 3924 1252 3989 habent,
1279 3939 1503 3993 quicque
1524 3924 1770 3979 videntur
1798 3940 1901 3979 non
1932 3937 2153 3995 possunt

558 4031 771 4086 capere,
793 4016 1188 4071 inscrutabilem
1210 4014 1543 4068 altitudinem
1572 4015 1786 4069 curiose
1814 4018 2147 4086 perquirunt,

558 4119 613 4163 et
657 4108 1248 4177 incompreliensibilem
1296 4105 1594 4160 divinitatis
1636 4105 1923 4177 abyssum,
1976 4124 2151 4178 neque

558 4214 709 4255 mare
730 4240 744 4265 ,
794 4198 935 4269 quod
964 4207 1044 4252 est
1085 4197 1623 4266 incomprehensibile
1644 4237 1657 4262 ,
1695 4197 1930 4253 deterret
1960 4214 2054 4253 eos
2082 4200 2149 4254 ab

557 4292 885 4360 explorando
925 4290 1162 4343 Artiﬁce.
1212 4288 1332 4341 lileo
1360 4286 1628 4342 [itereticis
1666 4287 1807 4342 dicat
1847 4290 2144 4359 propheta:

556 4379 892 4436 Ernbescaut
940 4380 1219 4443 bzeretici,
1270 4378 1406 4431 dixit
1464 4393 1649 4442 mare;
1698 4380 2146 4448 quemadmodum

555 4473 691 4528 dixit
714 4489 725 4524 :
752 4470 1214 4535 Erubesce,Sidon,
1236 4471 1364 4523 dixit
1392 4486 1529 4522 mare
1550 4474 1563 4500 ⁸
1602 4469 1751 4539 (Isai.
1783 4470 1875 4527 25.
1902 4473 1981 4542 4).
2005 4472 2149 4540 Quo-

555 4580 681 4619 nam
710 4564 868 4634 igitur
893 4564 1012 4618 loco
1032 4574 1369 4633 congregata:
1398 4574 1523 4617 sunt
1553 4566 1747 4632 aqme?
1778 4565 1932 4619 Audi.
1964 4566 2147 4634 Quan-

556 4658 627 4712 do
655 4667 851 4711 terram
879 4656 1005 4711 iecit
1036 4657 1174 4710 Deus
1196 4697 1209 4721 ,
1258 4657 1491 4710 nondum
1522 4666 1671 4709 erant
1716 4671 1945 4710 concava
1990 4674 2145 4713 men-

559 4751 725 4813 tium;
756 4748 848 4802 sed
880 4748 1038 4801 simul
1064 4756 1225 4817 atque
1246 4746 1409 4814 dixit,
1441 4746 1785 4817 Congrcgetur
1810 4765 1942 4816 aqua
1961 4790 1974 4814 ,
2006 4758 2143 4805 terra

555 4840 770 4909 dirupta
796 4849 880 4894 est
904 4882 919 4904 ,
952 4854 1014 4893 ac
1050 4839 1198 4893 sinus
1230 4838 1370 4893 fecit.
1403 4840 1530 4905 Qua:
1560 4856 1644 4893 res
1673 4849 2144 4907 conmionstratur,

559 4949 750 5002 nempe
776 4932 915 5003 quod
945 4941 1085 4987 terra
1113 4932 1319 5001 dirupta
1354 4930 1536 4996 fuerit,
1564 4948 1629 4986 ex
1659 4932 1845 4986 insulis
1868 4942 1922 4987 et
1950 4934 2148 4986 monti-

558 5026 657 5080 bus
685 5025 809 5079 hinc
831 5024 954 5080 inde
979 5025 1182 5094 positis.
1218 5024 1445 5093 ideoque
1471 5024 1684 5090 reliquit
1714 5025 1852 5078 Deus
1875 5024 2073 5079 insulas
2093 5034 2150 5080 et

560 5127 769 5172 montes
790 5159 804 5183 ,
857 5127 916 5171 ut
955 5118 1130 5172 discas
1160 5132 1223 5171 ea
1257 5132 1287 5170 a
1328 5116 1587 5185 principio
1615 5116 1894 5186 conjuncta
1936 5118 2099 5173 fuisse
2130 5135 2146 5173 :

560 5211 651 5265 Dei
678 5218 855 5263 autem
878 5208 1097 5262 verbum
1129 5207 1243 5261 hsce
1274 5208 1591 5276 segregavit.
1621 5206 1963 5276 Congregetur
1992 5224 2145 5277 aqua,

559 5301 751 5355 nudata
780 5310 863 5354 est
892 5308 1053 5354 terra.
1079 5298 1365 5353 Sciendum
1397 5310 1611 5364 autem,
1664 5309 1859 5353 terram
1885 5342 1898 5363 ,
1927 5317 2045 5370 qua:
2072 5302 2149 5356 sic

558 5394 717 5447 hodie
746 5392 1074 5461 appellatur,
1104 5406 1131 5444 a
1160 5392 1265 5445 Deo
1294 5404 1395 5443 nec
1436 5401 1630 5444 terram
1662 5403 1781 5443 esse
1809 5391 2019 5454 factam,
2054 5406 2147 5445 ne-

560 5502 664 5555 que
685 5484 786 5540 hoc
813 5485 1027 5538 nomine
1064 5494 1305 5538 vocatam
1342 5502 1355 5536 :
1385 5482 1477 5536 sed
1500 5497 1529 5535 a
1564 5482 1820 5551 principio
1863 5483 2147 5537 cicationis

561 5592 756 5635 nomen
778 5580 896 5646 ejus
920 5576 1103 5637 fuisse,
1121 5575 1289 5640 arida,
1312 5585 1369 5629 ut
1391 5575 1463 5628 ait
1488 5574 1649 5628 David
1677 5592 1690 5628 :
1716 5574 1965 5641 Quoniam
1992 5574 2149 5644 ipsius

620 5690 635 5720 ί
667 5696 782 5751 Haec
801 5729 812 5747 ,
838 5687 1243 5751 quemadmodum
1264 5686 1512 5751 _ilirit.....
1540 5685 1671 5738 dixit
1710 5700 1871 5749 mare,
1904 5700 2068 5749 neque
2099 5688 2145 5736 iu

556 5749 696 5813 savii.
724 5749 887 5813 neque
913 5753 960 5799 iu
981 5750 1236 5813 conuiciis.
1264 5749 1513 5811 leguntur.

620 5812 695 5875 (at
730 5812 1001 5864 sic’desiuit
1027 5812 1300 5861 Vaticanus.

2044 351 2408 410 SEVERIANI

3777 390 3891 443 448

2286 476 2360 521 est
2389 482 2547 533 mare,
2579 478 2626 522 et
2650 468 2760 539 ipse
2784 469 2902 539 fecit
2926 470 3075 538 illud,
3110 479 3155 525 et
3182 473 3381 529 aridam
3405 476 3751 545 formaverunt
3771 498 3881 534 ma-

2282 577 2377 613 nus
2405 562 2513 629 ejus
2535 560 2553 627 (
2574 559 2721 615 Psat.
2754 562 2845 618 94.
2877 562 2966 633 5).
3008 564 3170 619 Arida
3200 564 3336 621 facta
3368 576 3471 633 est,
3503 574 3878 640 cognominata

2280 662 2457 707 autem
2498 652 2591 707 fuit
2622 663 2763 708 terra
2794 672 2807 707 :
2838 657 3290 726 quemadmodum
3322 660 3423 716 hoc
3473 662 3876 718 ﬁrmamentum

2280 745 2552 799 conditum
2575 756 2694 813 est,
2745 756 2800 802 et
2842 758 3086 803 vocatum
3131 761 3214 806 cst
3252 752 3462 807 cmlutn.
3514 755 3675 811 Facto
3716 757 3878 826 igitur

2280 849 2534 904 aquarum
2562 836 2811 905 divortio,
2846 840 3042 909 prodiit
3066 841 3233 908 arida,
3265 844 3498 911 Speciem
3530 844 3729 902 habens
3755 849 3876 902 ine-

2280 925 2462 980 briataz
2486 935 2644 983 terra:
2671 943 2859 999 :aqute
2887 930 3028 985 enim
3057 934 3363 1001 nuperrime
3391 947 3741 991 recesserant.
3771 939 3875 993 Ubi

2276 1032 2405 1087 ergo
2442 1017 2651 1073 detecta
2696 1019 2793 1074 fuit
2832 1029 3009 1087 terra,
3048 1023 3200 1091 jubet
3236 1024 3459 1080 Greater
3490 1042 3505 1079 :
3539 1046 3557 1079 ι
3595 1027 3875 1083 Germinel

2280 1117 2416 1161 terra
2442 1106 2659 1164 herbam
2692 1108 2840 1173 lieni,
2873 1112 3228 1170 seminautem
3258 1130 3439 1171 semen
3463 1119 3751 1173 secundum
3775 1136 3876 1189 ge-

2278 1215 2375 1253 nus
2407 1208 2462 1254 et
2484 1200 2778 1257 secundum
2810 1203 3215 1260 similitudinem
3238 1248 3252 1272 ,
3295 1218 3347 1262 et
3377 1208 3576 1278 lignum
3627 1212 3870 1267 fructife-

2275 1305 2415 1357 rum,
2444 1290 2597 1360 cujus
2619 1306 2807 1349 semen
2836 1295 2887 1348 in
2917 1294 3031 1362 ipso
3060 1297 3149 1362 sit,
3184 1298 3475 1352 secundum
3508 1316 3672 1370 genus
3697 1312 3752 1357 et
3778 1319 3875 1357 sc-

2274 1380 2503 1434 cundum
2545 1382 2947 1438 similitudinem
2987 1404 3003 1437 ι
3050 1385 3212 1455 (Gen.
3259 1388 3310 1441 1.
3359 1388 3456 1458 Η)
3495 1408 3509 1445 :
3543 1392 3720 1461 Neque
3767 1393 3875 1447 hoc

2274 1471 2479 1539 pudore
2506 1472 2672 1527 afﬁcit
2693 1474 2996 1531 haereticos.
3028 1477 3202 1532 llcrba
3231 1488 3287 1534 et
3314 1480 3455 1550 ligna
3479 1490 3533 1536 et
3558 1481 3756 1536 l'wuutn
3779 1501 3875 1553 ge-

2274 1573 2463 1618 nerant
2489 1566 2782 1621 secundum
2814 1568 3219 1626 similitudinem
3247 1614 3260 1637 ,
3308 1583 3362 1627 ct
3392 1575 3530 1628 Deus
3555 1576 3872 1630 dissimilem

2270 1656 2369 1709 sibi
2408 1658 2632 1726 genuit?
2664 1659 2869 1715 Etcum
2889 1662 3262 1731 quadrupedes
3292 1681 3508 1722 rursum
3533 1707 3546 1732 ,
3582 1669 3784 1737 reptilia
3815 1679 3875 1722 et

2270 1761 2397 1801 aves
2442 1746 2576 1803 facta
2604 1758 2761 1818 sunt,
2809 1751 2936 1807 dicit
2981 1753 3119 1809 Deus
3152 1773 3166 1817 ;
3199 1754 3441 1810 Educant
3475 1775 3622 1829 aqua:
3662 1760 3869 1829 reptitia

2269 1839 2556 1894 animarum
2580 1842 2843 1896 viventium
2871 1885 2885 1910 ,
2916 1854 2961 1898 et
2993 1847 3217 1901 volatilia
3249 1849 3467 1902 volantia
3496 1867 3650 1918 super
3676 1860 3868 1904 terram

2269 1932 2544 1984 secundum
2571 1949 2729 2003 genus
2762 1934 2923 2003 (Gen.
2959 1936 3011 1989 l.
3044 1935 3174 2007 20).
3206 1937 3381 2006 Fera‘,
3410 1941 3641 2009 rcptilia,
3675 1942 3870 1995 volati-

2271 2020 2360 2085 lia,
2400 2023 2658 2089 natatilia,
2688 2023 2872 2087 herba,
2917 2024 3138 2091 fumum,
3176 2028 3336 2097 ligna,
3375 2029 3666 2083 secundum
3697 2047 3870 2100 genus

2268 2122 2323 2167 et
2352 2113 2645 2169 secundum
2681 2116 3080 2172 similitudinem
3105 2131 3363 2188 generant
3397 2140 3409 2174 :
3439 2123 3692 2193 solusque
3726 2126 3870 2180 Deus

2267 2204 2580 2260 dissimilem
2608 2208 2836 2277 genuit?
2864 2207 3107 2280 Cumque
3135 2227 3232 2266 nos
3259 2214 3459 2265 creavit
3494 2215 3653 2279 Deus,
3685 2216 3813 2269 dixit
3852 2236 3866 2269 :

2268 2293 2544 2349 Faciamus
2575 2297 2827 2352 hominem
2867 2298 2935 2351 ad
2976 2302 3248 2370 imaginem
3275 2310 3319 2355 et
3354 2303 3736 2357 similitudinem
3772 2322 3870 2358 ne.

2266 2396 2421 2441 stram
2455 2387 2619 2458 (Gen.
2662 2389 2713 2443 1.
2742 2389 2846 2459 26)
2884 2409 2896 2444 :
2929 2406 3064 2460 opus
3094 2402 3176 2446 est
3218 2394 3515 2448 secundum
3557 2396 3866 2451 similitudi-

2266 2493 2412 2541 nem,
2441 2488 2495 2533 et
2520 2479 2711 2535 artifex
2732 2479 3011 2536 dissimilis
3032 2483 3057 2535 τ

2335 2570 2389 2623 2.
2435 2570 2541 2625 Sed
2586 2586 2701 2626 rem
2754 2574 2943 2627 miram
2976 2574 3095 2629 vide
3125 2593 3139 2628 :
3170 2589 3315 2646 siepe
3350 2592 3580 2648 namque
3615 2578 3865 2634 hmretica

2269 2661 2509 2731 nequitia
2536 2662 2815 2717 latibulum
2846 2665 3061 2733 reperit.
3088 2665 3180 2731 Si,
3211 2666 3413 2737 inquit,
3445 2668 3514 2723 ita
3546 2669 3745 2724 dixeris
3772 2669 3865 2724 Fi—

2264 2749 2393 2803 lium
2418 2752 2713 2805 secundmn
2742 2753 3165 2821 similitudinem,
3203 2765 3260 2810 ut
3289 2764 3343 2811 et
3378 2773 3474 2812 nos
3499 2800 3512 2825 ,
3549 2758 3600 2812 id
3626 2759 3865 2813 admitti-

2268 2859 2407 2896 mus.
2456 2843 2745 2899 Enimvero
2774 2844 2915 2899 aliud
2961 2855 3043 2900 est
3087 2856 3291 2903 naturae
3338 2850 3671 2916 similitudo,
3713 2852 3858 2905 almd

2262 2938 2467 3005 gratiae.
2503 2936 2609 2990 Nos
2637 2938 2929 2993 secundum
2960 2940 3364 2996 similitudinem
3386 2983 3402 3008 ,
3449 2943 3538 2997 ille
3569 2944 3861 2997 similitudo

2262 3039 2343 3081 est
2373 3044 2385 3080 :
2417 3043 2536 3082 nam
2565 3029 2665 3095 Qui
2687 3031 2806 3083 vidit
2830 3046 2925 3094 me,
2952 3031 3073 3084 vidit
3103 3031 3309 3086 Patrem
3331 3031 3510 3102 (Joan.
3542 3033 3735 3101 14.9};
3762 3051 3862 3089 nos

2262 3118 2555 3172 secundmn
2595 3120 3018 3175 similitudinem.
3057 3120 3255 3175 Servos
3289 3132 3471 3176 autem
3509 3123 3603 3192 Dei
3648 3134 3865 3193 Oportet

2262 3213 2551 3266 dictionum
2578 3212 2887 3267 discrimina
2915 3229 3175 3283 qumrere.
3204 3214 3345 3269 Dixit
3382 3215 3522 3269 Deus
3555 3232 3568 3268 :
3605 3213 3863 3270 Germinet

2262 3315 2395 3359 terra
2425 3305 2628 3360 herbam
2652 3307 2777 3374 [irai
2800 3347 2815 3372 ,
2848 3317 2893 3360 et
2924 3307 3116 3376 lignum
3147 3308 3473 3380 fructifcrum
3512 3312 3705 3380 faciens
3750 3314 3861 3381 fru-
3893 3299 3899 3308 ’

2260 3408 2415 3449 ctum.
2448 3397 2651 3451 Deinde
2682 3396 2810 3450 dicit
2840 3414 2852 3449 :
2888 3396 3088 3450 Educat
3130 3408 3266 3452 terra
3300 3399 3652 3469 quadrupedes
3689 3410 3735 3453 et
3775 3401 3860 3454 bc—

2259 3488 2399 3539 stias.
2432 3486 2538 3540 Cur
2568 3487 2636 3539 ibi
2662 3527 2675 3550 ,
2711 3485 2986 3551 Germinet,
3015 3486 3121 3553 hic,
3164 3486 3383 3553 Educat,
3412 3488 3580 3544 dicit?
3606 3489 3859 3546 Gertnina

2258 3590 2311 3633 et
2342 3581 2477 3649 ligna
2503 3579 2813 3649 fructusque
2840 3581 3124 3649 quotannis
3164 3584 3486 3651 germinant.
3530 3582 3665 3649 Quia
3699 3586 3860 3652 igitur

2258 3673 2461 3725 semina
2488 3671 2539 3725 in
2566 3681 2706 3725 terra
2737 3685 2985 3723 mansura
3014 3682 3167 3724 erant
3192 3712 3207 3737 ,
3254 3680 3307 3724 et
3335 3687 3398 3724 ex
3426 3670 3515 3724 illa
3550 3673 3819 3739 prodit-ira
3838 3713 3854 3735 ,

2260 3765 2379 3819 ideo
2407 3765 2479 3818 ait
2502 3806 2517 3831 ,
2547 3764 2818 3818 Germinct.
2854 3764 2917 3817 Et
2952 3766 3092 3819 circa
3126 3766 3373 3819 animalia
3398 3808 3412 3830 ,
3452 3766 3686 3831 Educat,
3733 3769 3855 3836 quia

2257 3872 2378 3910 ct.-.n
2406 3857 2570 3910 semel
2598 3872 2660 3911 ex
2694 3867 2831 3910 terra
2861 3866 2976 3910 orta
3002 3867 3200 3922 essent,
3226 3873 3332 3911 non
3360 3860 3496 3911 ultra
3525 3874 3551 3910 a
3579 3868 3739 3921 terra,
3759 3860 3853 3913 sed

2259 3965 2352 4017 μί’
2388 3951 2783 4003 successionem
2814 3949 3119 4018 gignuntur.
3158 3945 3374 4001 Factam
3401 3959 3472 4002 est
3498 3951 3588 4001 ita.
3621 3949 3852 4002 Verbum

2258 4042 2307 4094 in
2337 4056 2471 4111 opus
2493 4040 2729 4095 decurrit
2758 4059 2770 4107 ;
2800 4049 2987 4094 ornata
3015 4038 3111 4094 fuit
3132 4049 3307 4107 terra;
3336 4040 3618 4111 Oportebat
3638 4042 3853 4095 demum

2256 4137 2434 4189 ornari
2463 4134 2677 4188 caelum.

2326 4225 2428 4279 Cur
2467 4226 2623 4278 solem
2651 4233 2698 4278 et
2739 4223 2913 4276 lunam
2938 4239 3039 4276 non
3071 4223 3233 4293 primo
3261 4223 3343 4276 die
3385 4226 3556 4294 fecerit
3600 4222 3755 4277 Deus.
3784 4254 3853 4263 ~-

2254 4318 2359 4372 Cur
2390 4317 2537 4386 prius
2561 4326 2754 4369 terram
2789 4326 3047 4380 exornat,
3076 4330 3233 4383 quam
3260 4312 3446 4367 czrlum
3467 4312 3489 4365 ?
3509 4313 3734 4383 Propter
3758 4330 3851 4369 er-

2254 4426 2430 4465 rorem
2455 4409 2828 4478 multiplicium
2856 4407 3102 4471 deorum,
3134 4408 3223 4476 qui
3256 4409 3561 4461 exoriturus
3582 4418 3719 4473 erat,
3742 4423 3852 4478 quo

2253 4503 2421 4555 solem
2441 4542 2453 4564 ,
2483 4501 2661 4553 lunam
2690 4541 2704 4564 ,
2735 4499 2916 4552 stellas
2946 4500 3243 4551 coluerunt.
3298 4496 3440 4550 Dixit
3486 4496 3655 4559 Deus,
3690 4496 3849 4552 Fiant

2254 4592 2525 4647 luminaria
2555 4592 2606 4643 in
2652 4592 2970 4658 ﬁrmamento
2998 4588 3108 4641 (mli
3157 4586 3361 4655 (lienes.
3398 4588 3450 4641 1.
3482 4588 3593 4657 l4).
3623 4586 3731 4641 Cur
3756 4606 3848 4642 so-

2256 4684 2359 4738 lent
2387 4695 2439 4735 et
2468 4683 2643 4735 lunam
2678 4696 2781 4733 non
2813 4680 2984 4748 primo
3030 4680 3116 4732 die
3148 4679 3313 4733 l'ecit?
3336 4679 3469 4744 Quia
3501 4679 3737 4733 nondum
3772 4682 3854 4734 fa-

2253 4788 2395 4829 ctum
2429 4774 2603 4827 fuerat
2630 4774 3044 4835 ﬁrmamentum,
3070 4771 3122 4823 in
3154 4787 3259 4840 quo
3288 4771 3374 4823 illa
3399 4770 3642 4840 ponenda
3670 4783 3852 4828 erant.

2254 4866 2436 4936 Neque
2454 4867 2522 4919 ob
2542 4866 2677 4918 hanc
2701 4874 2904 4918 tantum
2921 4878 3135 4917 causam
3159 4861 3281 4927 ;scd
3299 4864 3419 4932 quia
3439 4862 3673 4918 nondum
3696 4874 3856 4917 erant

2257 4960 2459 5013 fructus
2484 5000 2497 5022 ,
2527 4958 2614 5028 qui
2647 4958 2715 5011 ab
2761 4956 2866 5012 illis
2902 4959 3227 5010 toverentur.
3274 4955 3454 5011 Tertio
3500 4972 3731 5026 namque
3760 4958 3853 5012 die

2254 5052 2458 5105 fructus
2505 5050 2894 5119 germinarunt.
2929 5050 3005 5103 Ac
3036 5063 3102 5102 ne
3130 5057 3408 5117 putaretur
3450 5037 3576 5102 illos
3620 5064 3686 5103 ex
3716 5049 3851 5103 solis

2256 5154 2439 5198 natura
2468 5143 2819 5212 germinasse,
2851 5149 2975 5210 post
3000 5140 3299 5195 absolutam
3325 5142 3650 5195 creationem
3672 5182 3688 5205 ,
3722 5152 3853 5195 tunc

2259 5238 2397 5291 Deus
2448 5235 2569 5289 fecit
2618 5235 2824 5300 solem,
2858 5233 3037 5287 lunam
3066 5241 3119 5288 et
3154 5232 3356 5287 stellas.
3399 5232 3675 5288 Undcnain
3706 5233 3856 5288 Deus

2257 5328 2345 5382 illa
2370 5327 2533 5382 fecit?
2566 5328 2771 5381 Dictum
2814 5335 2896 5381 est
2920 5327 3061 5379 enim
3106 5323 3280 5393 ipsum
3310 5325 3481 5393 primo
3511 5325 3597 5379 die
3639 5341 3706 5379 ex
3737 5342 3853 5379 non

2217 5429 2225 5435 '
2256 5421 2585 5476 exstantibus
2606 5429 2795 5473 cuncta
2825 5417 3016 5473 fecisse
3040 5458 3053 5481 ,
3088 5416 3307 5486 reliquis
3354 5425 3528 5470 autem
3561 5415 3751 5470 diebus
3781 5432 3853 5471 ex

2258 5513 2603 5569 astantibus.
2633 5511 2785 5567 Unde
2807 5524 2937 5580 ergo
2968 5508 3089 5562 sol?
3114 5509 3191 5563 Ex
3239 5509 3356 5562 luce
3381 5524 3499 5578 qua:
3541 5511 3714 5577 primo
3757 5506 3858 5564 die

2259 5611 2390 5662 laeta
2424 5606 2593 5661 fuerat
2616 5647 2629 5671 ,
2663 5619 2824 5674 quam
2865 5602 3087 5656 mutavit
3131 5609 3188 5655 ut
3216 5601 3383 5655 voluit
3403 5598 3609 5654 Artifex
3630 5639 3645 5663 ,
3671 5598 3725 5653 iu
3755 5614 3858 5652 va-

2259 5702 2466 5769 riasque
2509 5699 2717 5769 species
2749 5696 3013 5750 convertit
3045 5712 3057 5747 :
3095 5694 3201 5749 illic
3241 5695 3372 5749 lucis
3410 5695 3726 5758 materiam,
3759 5692 3858 5751 hic

2264 5796 2441 5849 stellas
2468 5812 2479 5847 :
2507 5790 2953 5864 quemadmodum
2983 5790 3026 5843 si
3046 5790 3163 5860 quis
3191 5789 3533 5859 przcmitterct
3559 5787 3677 5842 auri
3701 5802 3854 5841 mas-
