4094 6488
352 439 476 495 449

355 565 477 604 sam
505 590 520 614 ,
555 548 785 617 indeque
814 556 1001 617 postea
1046 560 1241 601 aureos
1285 546 1536 611 cuderet;
1568 547 1645 600 sic
1697 546 1959 615 diSposuit

356 639 497 694 lucis
525 648 795 693 ornatum.
833 638 1293 704 Quemadmodum
1342 638 1483 690 enim
1517 639 1767 708 abyssum
1789 680 1803 703 ,
1833 652 1953 706 qua:

357 739 491 785 tunc
517 744 619 783 una
647 738 761 782 erat
790 744 947 799 aqua,
976 728 1155 782 divisit
1185 731 1235 782 in
1268 729 1456 792 maria,
1486 728 1724 792 ﬂumina,
1759 728 1953 792 lorites,

359 823 545 885 lacus,
575 830 764 889 puteos
798 837 809 873 :
836 820 913 874 sic
940 828 995 874 et
1022 821 1225 881 lucem,
1258 836 1375 887 quae
1405 835 1505 872 una
1533 820 1793 887 uniusque
1834 833 1956 888 Spe-

359 914 465 971 :iei
493 922 628 974 erat,
648 913 921 967 dissecatis
950 911 1155 965 Artifex
1179 911 1356 965 divisit
1391 912 1441 964 iu
1470 912 1661 971 solem,
1697 910 1873 962 lunam
1902 919 1955 964 et

356 1004 565 1059 stellas.
599 1002 765 1056 Porro
794 1002 923 1055 libet
949 1000 1219 1070 inquirere
1246 1041 1259 1065 ,
1291 1001 1559 1069 quomodo
1598 999 1783 1053 fecerit
1816 1000 1954 1054 Deus

354 1093 641 1149 luminaria
674 1112 687 1147 :
719 1092 928 1148 videtur
951 1093 1092 1147 enim
1123 1107 1183 1146 ea
1205 1102 1352 1147 extra
1382 1092 1573 1146 caélum
1604 1091 1909 1147 condidisse
1934 1132 1949 1157 ,

354 1197 427 1238 ac
453 1193 557 1237 tum
592 1184 834 1253 superius
863 1184 1063 1239 ﬁxisse.
1084 1182 1544 1250 Quemadmodum
1584 1181 1773 1236 artifex
1797 1223 1811 1247 ,
1830 1197 1951 1236 cum

355 1274 585 1345 perfecit
613 1276 925 1344 imaginem,
962 1282 1087 1329 tunc
1129 1274 1180 1327 in
1210 1274 1418 1344 pariete
1445 1273 1612 1344 infigit
1657 1274 1802 1327 illam
1830 1291 1841 1325 :
1876 1273 1954 1327 sic

357 1366 507 1421 Deus
538 1368 707 1435 primo
749 1366 871 1421 fecit
904 1366 1087 1421 stellas
1118 1374 1271 1420 extra
1317 1366 1507 1419 caelum
1534 1408 1547 1431 ,
1577 1374 1807 1435 tuncque
1836 1366 1950 1419 fixit

355 1472 457 1512 eas
501 1472 710 1512 sursum
737 1500 751 1523 ,
780 1460 917 1511 sicut
943 1458 1129 1511 artifex
1156 1500 1170 1523 ,
1204 1466 1261 1511 ut
1291 1458 1604 1511 testificatur
1630 1457 1904 1525 Scriptura
1935 1475 1947 1511 :

356 1549 433 1605 Et
455 1551 568 1619 fecit
596 1550 733 1605 llsus
764 1552 864 1604 duo
894 1551 1187 1614 luminaria,
1218 1560 1263 1603 et
1296 1552 1460 1618 posuit
1484 1551 1573 1603 illa
1602 1552 1654 1602 in
1680 1551 1802 1603 cwlo
1825 1549 1951 1618 (Gc-

354 1658 463 1695 nes.
508 1644 557 1695 I.
616 1642 701 1696 lli.
752 1642 861 1711 17).
894 1643 1172 1709 Quomodo
1216 1651 1392 1697 autem
1449 1644 1535 1696 illa
1590 1644 1797 1698 infixit?
1826 1662 1949 1699 num

351 1732 517 1785 ambo
544 1733 695 1784 simul
726 1742 847 1786 ante
868 1743 1144 1801 compacta
1172 1734 1357 1788 erant?
1384 1734 1437 1788 1d
1466 1735 1658 1789 rationi
1682 1744 1763 1790 est
1790 1737 1949 1790 abso-

353 1837 510 1876 num.
557 1822 659 1875 Sed
702 1822 863 1891 quid?
907 1822 1212 1878 Secundum
1254 1825 1345 1879 Dei
1375 1842 1559 1881 vocem
1604 1829 1715 1897 ipsa
1768 1829 1952 1883 infivio

353 1911 479 1967 fuit.
510 1911 711 1977 Posuit,
745 1913 951 1982 inquit,
988 1914 1125 1969 Deus
1153 1915 1425 1969 luminaria
1447 1960 1459 1980 ,
1492 1918 1743 1973 luminare
1786 1921 1951 1988 majus

352 2001 415 2054 in
458 2002 768 2070 principatus
798 2002 936 2067 diei,
961 2013 1006 2056 et
1052 2005 1306 2057 luminare
1333 2007 1497 2057 minus
1544 2007 1596 2058 in
1638 2008 1951 2077 principatus

354 2095 539 2149 noctis.
570 2094 701 2149 Cum
728 2096 807 2149 sol
849 2095 985 2149 fixus
1012 2106 1095 2149 est
1124 2096 1177 2150 in
1223 2098 1429 2151 oriente
1450 2140 1464 2162 ,
1496 2099 1619 2151 luna
1653 2102 1756 2153 lixa
1787 2109 1868 2153 est
1895 2102 1946 2153 in

350 2187 635 2241 occidente
668 2204 680 2239 :
713 2189 964 2257 quoniam
989 2188 1110 2242 huic
1140 2191 1352 2258 quidem
1375 2190 1581 2259 jussum
1610 2191 1776 2245 fuerat
1806 2208 1948 2262 prae-

350 2292 479 2331 esse
518 2279 696 2342 nocti,
728 2278 802 2332 illi
832 2294 960 2333 vero
1002 2280 1129 2334 diei.
1160 2280 1320 2335 Facta
1370 2283 1529 2351 igitur
1582 2292 1663 2337 est
1710 2284 1831 2339 luna
1858 2326 1870 2349 ,
1896 2294 1951 2339 et

352 2366 536 2436 primo
562 2367 649 2423 die
692 2369 847 2438 plena
875 2370 1125 2440 gignitur.
1171 2371 1287 2426 Non
1318 2374 1462 2427 enim
1496 2389 1592 2443 par
1619 2384 1736 2429 erat
1766 2376 1945 2430 statim

350 2458 603 2511 mutilum
660 2473 793 2528 opus
846 2475 1144 2529 apparere;
1203 2462 1295 2515 sed
1342 2464 1621 2531 Oportebat
1687 2465 1947 2519 luminare

348 2547 564 2601 ostendi
612 2550 769 2617 quale
808 2548 1005 2602 factum
1033 2561 1133 2603 est.
1172 2551 1361 2606 Postea
1406 2569 1531 2607 vero
1559 2570 1623 2608 ex
1654 2557 1947 2610 mutatione

347 2638 588 2693 ostendit
620 2648 856 2706 tempora
884 2648 937 2694 et
983 2649 1326 2708 tempestates
1358 2653 1411 2698 et
1439 2644 1642 2699 dierum
1679 2646 1946 2702 vicissitu-

346 2725 528 2782 dlnes.
563 2727 709 2782 Illam
746 2728 906 2798 igitur
927 2732 1109 2785 condit
1141 2734 1279 2788 Deus
1310 2736 1457 2805 quasi
1489 2736 1752 2792 decimam
1784 2740 1944 2807 quin-

350 2834 464 2878 tam
505 2824 737 2893 plenam.
780 2826 868 2883 Sol
913 2840 1062 2884 ortus
1108 2841 1190 2884 est
1217 2847 1372 2887 mane
1406 2834 1655 2902 :quando
1686 2834 1825 2887 enim
1862 2835 1942 2887 in-

345 2911 457 2968 ﬁxa
482 2915 575 2968 fuit
600 2917 721 2969 luna
745 2918 795 2971 in
824 2920 1095 2973 matutinis
1118 2920 1281 2985 horis,
1305 2924 1549 2991 apparuit
1566 2924 1617 2977 in
1640 2925 1939 2983 occidente.

349 3004 452 3061 Ubi
483 3008 640 3077 igitur
666 3010 745 3063 sol
771 3026 985 3065 cursum
1016 3026 1170 3067 suum
1216 3014 1281 3067 ad
1309 3016 1639 3071 occidentem
1687 3016 1941 3071 conficie-

345 3096 463 3161 bat,
498 3100 620 3153 luna
650 3102 829 3155 statim
846 3102 911 3155 ad
943 3114 1118 3157 ortum
1146 3106 1391 3159 veniebat
1416 3148 1429 3172 ,
1456 3116 1513 3160 ut
1535 3108 1846 3177 impleretur
1872 3109 1938 3162 il-

345 3187 479 3246 Iud:
512 3188 848 3246 Dominentur
868 3193 969 3247 diei
998 3206 1041 3248 et
1067 3196 1201 3248 nocti
1229 3195 1468 3265 (Ibidem.
1500 3215 1543 3250 υ.
1581 3201 1694 3265 18).

422 3277 559 3333 Deus
579 3297 671 3333 cur
692 3282 863 3335 lunam
878 3284 1077 3351 plenam
1096 3287 1257 3355 primo
1280 3290 1705 3357 fecerit.—Aliud
1721 3291 1934 3346 dcmmu

341 3372 642 3438 qureritur:
673 3390 768 3427 cur
812 3375 951 3429 Deus
995 3378 1173 3432 lunam
1222 3379 1432 3448 plenam
1481 3382 1645 3436 fecit?
1683 3386 1933 3438 Animum

341 3460 721 3518 adhibe:alta
777 3468 920 3521 enim
972 3478 1054 3523 est
1106 3473 1391 3526 sententia.
1450 3473 1741 3543 Oportebat
1789 3478 1932 3531 illam

340 3564 531 3622 quarta
562 3555 646 3611 die
678 3557 866 3612 factam
887 3600 902 3623 ,
933 3570 1174 3628 quartam
1199 3564 1392 3619 lucere.
1425 3566 1493 3619 At
1522 3567 1565 3620 si
1592 3578 1776 3636 quarta
1802 3570 1932 3625 fuis-

341 3655 452 3713 set,
482 3664 745 3703 summum
777 3652 1070 3708 occidentis
1096 3670 1199 3708 non
1229 3667 1561 3726 occupasset.
1588 3660 1807 3714 Inventa
1837 3663 1935 3731 igi-

340 3748 434 3790 tur
468 3748 550 3792 est
573 3742 837 3795 excedens
868 3744 1110 3798 undecim
1154 3746 1269 3801 dies
1298 3765 1311 3799 :
1342 3759 1527 3817 quarta
1560 3751 1693 3804 facta
1733 3764 1845 3817 est,
1880 3766 1933 3807 ct

339 3831 636 3897 apparebat
680 3842 733 3883 ut
782 3834 1170 3901 quintadecima
1215 3854 1227 3889 :
1264 3839 1508 3892 undecim
1559 3857 1687 3909 ergo
1742 3842 1932 3898 diebus

339 3918 470 3972 luna
508 3920 675 3975 solem
703 3923 1037 3990 princedehat
1060 3965 1074 3987 ,
1108 3942 1211 3979 non
1238 3928 1530 3982 secundum
1560 3935 1886 3988 creationem
1914 3974 1929 3999 ,

338 4010 439 4063 sed
468 4012 759 4065 secundum
788 4013 921 4067 locis
947 4014 1308 4082 Splendorem.
1350 4018 1707 4085 Quamobrem
1737 4024 1930 4091 quibus

337 4108 469 4154 tunc
497 4100 618 4155 luna
646 4104 936 4158 excedebat
956 4105 1145 4160 diebus
1170 4147 1184 4171 ,
1218 4123 1312 4162 eos
1340 4110 1439 4164 soli
1470 4112 1717 4166 restituit.
1765 4113 1929 4168 Luna:

335 4192 481 4246 enim
510 4209 571 4247 ac
597 4195 796 4248 mensis
816 4196 1075 4265 cujuSque
1105 4214 1376 4265 numerus,
1399 4216 1429 4255 a
1450 4203 1631 4271 viginti
1659 4220 1848 4260 novem
1876 4215 1931 4261 et

335 4284 557 4338 dimidio
583 4285 790 4352 diebus,
823 4287 873 4340 in
897 4289 1175 4343 duodecim
1204 4294 1326 4345 anni
1360 4296 1653 4361 mensibus,
1687 4296 1801 4351 dies
1834 4298 1930 4351 ha-

336 4374 429 4429 bet
478 4385 743 4431 trecentos
770 4380 1147 4448 quinquaginta
1172 4390 1418 4452 quatuor.
1452 4384 1588 4438 Nam
1632 4387 1675 4439 si
1718 4390 1787 4441 ita
1816 4388 1926 4442 cal-

333 4464 514 4518 culum
563 4469 805 4535 posueris
825 4510 838 4531 ,
866 4477 921 4522 ut
948 4471 1147 4523 mensis
1171 4472 1235 4524 sit
1268 4472 1472 4527 dierum
1503 4476 1686 4544 viginti
1732 4492 1922 4533 novem

334 4566 392 4609 et
459 4558 699 4622 dimidii,
740 4560 866 4613 anni
926 4561 1042 4616 dies
1093 4572 1217 4617 sunt
1268 4566 1491 4620 trecenti
1539 4570 1921 4641 quinquaginta

331 4658 581 4715 quatuor,
617 4658 671 4701 ut
701 4664 835 4718 quos
880 4651 1001 4704 luna
1036 4662 1161 4707 tunc
1203 4659 1376 4724 rapuit
1418 4658 1598 4726 plures
1643 4661 1757 4715 dies
1782 4702 1796 4726 ,
1826 4678 1921 4731 per

330 4754 531 4793 mtuum
578 4741 679 4795 soli
724 4741 931 4798 reddat.
984 4744 1246 4815 Supputet
1299 4751 1384 4817 qui
1433 4752 1549 4819 ejus
1602 4755 1735 4807 artis
1783 4756 1921 4823 peri-

330 4838 419 4883 tus
445 4839 545 4884 est.

405 4922 458 4977 3.
492 4922 646 4977 Fiant
665 4927 939 4982 luminaria
962 4931 1012 4982 in
1027 4930 1342 4997 ﬁrmamento
1364 4936 1503 5001 ca’li,
1528 4947 1579 4989 nt
1604 4938 1800 4992 luceant
1831 4957 1917 4994 su-

327 5030 419 5083 per
445 5024 624 5068 (errant
654 5016 805 5084 (Gen.
835 5020 884 5073 1.
915 5020 999 5074 14.
1026 5022 1139 5092 15).
1158 5024 1413 5091 Quoniam
1436 5029 1570 5097 ignis
1593 5041 1775 5085 natura
1800 5046 1917 5087 sur-

325 5119 447 5159 sum
478 5106 757 5174 tendebat,
786 5109 993 5167 frenum
1024 5125 1227 5171 natura:
1259 5119 1397 5174 Deus
1422 5121 1708 5190 imposuit,
1746 5135 1801 5178 ut
1827 5141 1913 5195 rae

321 5195 444 5250 dios
470 5213 575 5254 non
600 5216 812 5255 sursum
844 5206 1110 5261 emitteret
1136 5247 1150 5272 ,
1173 5208 1266 5263 sed
1293 5209 1566 5267 deorsum.
1604 5212 1740 5283 Ignis
1768 5217 1908 5269 enim

323 5305 432 5343 nou
462 5290 597 5347 Solet
644 5291 893 5348 deorsum
950 5299 1201 5367 tendere,
1236 5300 1329 5355 sed
1358 5317 1593 5358 sursum.
1642 5307 1697 5360 Si
1740 5307 1908 5363 facem

318 5380 507 5448 habes,
530 5394 679 5438 verte
708 5386 991 5452 deorsum,
1025 5401 1076 5443 et
1112 5392 1313 5447 videbis
1344 5395 1548 5448 etiamsi
1581 5398 1900 5453 instrumen-

317 5480 433 5525 tum
464 5472 589 5529 illud
620 5474 867 5531 deorsum
902 5490 1102 5542 vertas,
1132 5484 1303 5552 ignem
1334 5494 1511 5539 tamen
1540 5501 1749 5542 sursum
1786 5500 1901 5545 tcu-

315 5562 466 5619 dere.
498 5566 629 5621 Cum
652 5570 813 5624 sciret
838 5585 964 5640 ergo
997 5587 1111 5625 eam
1146 5591 1265 5629 esse
1291 5577 1433 5631 illius
1465 5590 1728 5643 naturam,
1754 5584 1905 5637 cohi—

316 5656 433 5711 buit
460 5656 623 5723 illam,
649 5676 715 5713 ne
744 5664 1037 5716 secundum
1069 5674 1310 5720 naturam
1346 5670 1563 5737 luceret,
1592 5673 1684 5728 sed
1709 5688 1901 5730 secun-

316 5747 442 5802 dum
489 5763 831 5823 praeceptum.
867 5755 921 5809 Si
969 5758 1088 5825 quis
1118 5767 1344 5813 vestrum
1376 5763 1678 5820 observavit
1721 5768 1896 5822 oleum

317 5858 371 5896 Ill
403 5843 637 5912 lucerna,
673 5864 771 5915 qua
811 5850 1009 5903 scilicet
1054 5852 1259 5906 ratione
1306 5858 1571 5911 cumoleo
1616 5861 1891 5923 avellatur,

1433 427 1519 481 DE
1558 425 1767 482 MUan
1810 422 2202 481 CREATIONE
2238 426 2496 485 ORATIO
2538 429 2625 485 III.

3550 445 3664 501 450

2065 550 2121 597 et
2145 542 2225 596 vis
2251 544 2355 599 olei
2388 544 2521 599 infra
2550 546 2745 614 trahat,
2776 556 2962 604 natura
2995 565 3122 607 vero
3151 552 3286 623 ignis
3306 568 3519 611 sursum
3548 564 3657 615 ten-

2064 630 2177 698 dat,
2206 648 2269 689 ac
2302 636 2454 703 quasi
2486 638 2593 692 vim
2625 640 2880 707 patiatur,
2909 641 3107 697 clamat
3137 662 3150 697 :
3182 644 3225 698 si
3266 646 3482 716 quando
3512 649 3655 706 enim

2063 721 2200 792 ignis
2244 732 2464 794 cogatur
2491 741 2736 793 currere,
2763 739 2947 785 contra
2989 748 3192 787 morem
3243 749 3396 791 suum
3424 779 3437 803 ,
3469 754 3653 795 vocem

2061 814 2292 878 emittit,
2340 831 2403 869 ac
2443 817 2485 869 si
2516 818 2621 869 vim
2654 828 2956 887 pateretur,
2990 836 3051 875 ac
3096 824 3139 876 si
3170 835 3355 881 contra
3403 839 3649 883 naturam

2064 904 2327 960 tenderet.
2357 906 2411 961 Si
2444 908 2568 976 quid
2592 910 2732 963 enim
2763 910 3031 965 elemento
3059 925 3254 984 praeter
3281 926 3527 975 naturam
3554 937 3649 976 ac-

2060 994 2229 1060 cidat,
2280 996 2451 1066 ipsum
2480 1000 2698 1053 clamat.
2743 1001 2956 1066 Quare?
2993 1005 3179 1059 Oleum
3220 1023 3341 1063 cum
3395 1012 3650 1081 injectum

2059 1085 2217 1140 fuerit
2241 1086 2292 1140 in
2327 1088 2520 1156 ignem,
2549 1104 2733 1143 vocem
2766 1107 2870 1145 non
2899 1096 3125 1156 emittit;
3157 1113 3291 1165 aqua
3314 1141 3329 1166 ,
3374 1101 3417 1154 si
3459 1102 3652 1171 injecta

2059 1174 2262 1242 fuerit,
2288 1178 2499 1233 stridet.
2534 1181 2693 1250 Atqui
2735 1191 2788 1235 et
2836 1184 2937 1238 hoc
2964 1194 3018 1238 et
3071 1186 3195 1241 illud
3228 1200 3307 1243 est
3354 1190 3649 1249 humidum.

2058 1265 2164 1321 Sed
2187 1267 2308 1335 quia
2341 1268 2515 1323 oleum
2560 1286 2629 1324 ex
2678 1271 2821 1341 ligno
2842 1277 3123 1343 opSonium
3170 1282 3424 1348 nascitur,
3458 1293 3511 1338 et
3534 1287 3651 1342 olea

2059 1362 2223 1414 nutrit
2275 1363 2447 1431 ipsum
2480 1406 2492 1429 ,
2538 1366 2780 1435 ignisque
2838 1383 3051 1438 semper
3103 1381 3185 1426 est
3223 1374 3365 1443 ligno
3410 1380 3650 1446 amicus,

2059 1451 2287 1509 libenter
2331 1459 2524 1525 accipit
2566 1460 2707 1527 quod
2757 1474 2820 1514 ex
2869 1464 3013 1515 al'lini
3070 1473 3256 1519 natura
3288 1477 3386 1521 est.
3428 1469 3521 1525 Sin
3554 1489 3651 1527 au-

2060 1552 2162 1597 tem
2196 1561 2329 1613 aqua
2372 1548 2422 1601 in
2474 1549 2648 1617 ignem
2688 1551 3025 1613 immittatur,
3069 1553 3296 1622 Stridet,
3338 1560 3479 1629 quod
3530 1577 3650 1616 cum

2056 1636 2327 1689 contrario
2360 1648 2574 1706 pugnet.
2610 1639 2746 1707 Ignis
2773 1641 2881 1694 aeri
2925 1643 3129 1698 amicus
3146 1654 3255 1709 est;
3292 1649 3467 1705 affinis
3508 1654 3649 1709 enim

2057 1735 2139 1780 est
2182 1727 2251 1780 ei.
2300 1726 2548 1783 lnsufflas
2585 1730 2636 1783 in
2684 1732 2983 1796 lucernam,
3022 1743 3075 1789 ct
3119 1750 3213 1790 aer
3261 1739 3433 1807 ignem
3469 1743 3521 1796 in
3569 1743 3651 1797 fu-

2058 1833 2204 1872 mum
2248 1822 2435 1887 vertit,
2470 1837 2532 1876 ac
2580 1838 2839 1892 nusquam
2887 1840 3160 1895 comparet
3194 1849 3205 1883 :
3234 1847 3353 1885 nam
3386 1834 3529 1903 quod
3569 1839 3648 1890 af-

2060 1907 2163 1960 fine
2189 1919 2302 1962 erat
2328 1913 2605 1965 abscessit.
2624 1913 2757 1967 Vide
2784 1916 3017 1970 Artificis
3040 1920 3378 1989 sapientiam,
3406 1926 3527 1980 vide
3558 1943 3649 1996 po-

2059 2009 2328 2054 testatem.
2358 2002 2539 2057 Posuit
2571 2005 2850 2060 luminaria
2883 2007 2934 2060 in
2966 2008 3118 2073 ca-lo,
3140 2020 3195 2064 ut
3225 2012 3463 2070 lucerent
3489 2033 3651 2088 super

2060 2100 2253 2144 terram
2282 2110 2293 2144 :
2326 2092 2391 2145 Et
2442 2097 2570 2157 sint,
2614 2096 2819 2165 inquit,
2863 2099 2915 2151 in
2956 2101 3133 2169 signa,
3178 2113 3225 2157 et
3259 2106 3310 2158 in
3342 2109 3446 2161 dies
3468 2151 3481 2176 ,
3509 2121 3554 2164 et
3598 2114 3650 2166 in

2054 2198 2233 2236 annos.

2126 2274 2413 2341 Astrologia
2430 2292 2703 2345 vanuquaz.
2734 2276 3015 2335 Discrimen
3055 2284 3183 2338 inter
3203 2296 3359 2355 χρόνος
3394 2299 3439 2343 et
3469 2303 3647 2363 καιρός.

2056 2361 2225 2417 Filius
2267 2382 2365 2418 non
2394 2368 2557 2435 factus
2584 2378 2675 2421 est.
2693 2369 2907 2436 —Qttid
2931 2382 3031 2439 est,
3060 2373 3085 2426 Ι
3096 2392 3125 2427 η
3154 2376 3451 2445 εἰρηαὲρυὶ
3471 2361 3650 2436 astro-

2055 2456 2247 2525 logiam
2282 2472 2417 2512 vane
2452 2468 2718 2526 tractant,
2758 2476 2905 2530 spem
2954 2478 3103 2517 suam
3152 2482 3517 2537 evacuarunt,
3562 2488 3650 2529 res

2054 2549 2415 2618 significantes
2466 2566 2585 2619 qua:
2649 2567 2907 2621 nusquam
2950 2558 3229 2610 exsistunt.
3296 2560 3446 2625 Quod
3502 2565 3644 2618 enim

2053 2641 2221 2694 stella:
2263 2642 2391 2694 nihil
2439 2644 2739 2711 significent
2782 2646 2921 2698 circa
2962 2648 3121 2701 vitam
3178 2650 3452 2708 hominum
3498 2657 3647 2711 testi-

2052 2733 2238 2786 ficatur
2261 2732 2420 2786 Isaias
2452 2734 2666 2787 dicens:
2690 2734 2915 2804 Surgunt
2942 2740 3185 2808 astrologi
3216 2741 3354 2807 ca'li,
3382 2758 3426 2795 et
3455 2747 3539 2813 qui
3570 2749 3643 2799 si-

2049 2839 2150 2891 gna
2179 2824 2365 2889 vident;
2386 2834 2430 2877 et
2458 2824 2627 2876 dicant
2651 2826 2735 2877 tibi
2760 2828 2882 2894 quid
2903 2831 3131 2896 futurum
3157 2832 3218 2883 sit
3239 2831 3391 2899 (lsai.
3418 2836 3502 2889 47.
3527 2836 3639 2905 15).

2051 2912 2126 2966 De
2175 2914 2277 2966 vita
2311 2927 2439 2983 ergo
2484 2914 2759 2968 hominum
2793 2915 2995 2969 nullum
3029 2918 3238 2987 signum
3287 2922 3376 2976 dat
3424 2927 3637 2981 cznlum.

2048 3001 2139 3056 Vis
2179 3004 2294 3071 ejus
2332 3005 2481 3073 signa
2521 3005 2771 3059 discere?
2801 3007 3077 3075 Significat
3131 3012 3369 3078 pluvias,
3414 3028 3639 3085 ventos,

2048 3092 2254 3147 hiemes
2299 3108 2362 3147 ac
2386 3104 2731 3163 tempestates
2754 3134 2768 3159 ,
2806 3098 3151 3165 tranquillum
3192 3116 3395 3155 aerem.
3428 3105 3551 3160 llaec
3572 3108 3643 3160 si-

2044 3184 2299 3253 gnificant
2325 3186 2493 3239 stellae
2520 3227 2533 3250 ,
2569 3186 2725 3255 idque
2753 3202 2846 3255 per
2877 3188 2966 3242 Dei
2996 3189 3401 3260 benignitatem,
3432 3206 3485 3250 ut
3512 3214 3642 3253 nau-

2043 3276 2219 3330 clerus
2250 3277 2457 3345 signum
2482 3277 2656 3331 videat
2676 3320 2689 3341 ,
2720 3288 2773 3333 et
2802 3280 3089 3347 periculum
3122 3282 3371 3352 effugiat;
3402 3296 3461 3340 ut
3490 3292 3633 3359 agri-

2042 3368 2156 3420 cola
2206 3366 2397 3421 hiemis
2440 3384 2654 3422 scnsum
2704 3369 2928 3434 habeat,
2958 3380 3013 3425 et
3046 3383 3388 3431 antevertens
3434 3388 3634 3435 terram

2042 3468 2223 3513 aratro
2250 3461 2437 3515 sulcet.
2471 3462 2565 3515 Est
2594 3471 2647 3515 et
2670 3463 2791 3517 belli
2824 3473 2875 3516 et
2906 3465 3050 3532 pacis
3076 3464 3309 3535 signum.
3342 3468 3467 3525 lltec
3512 3471 3637 3527 Ser-

2040 3561 2193 3606 vator
2219 3552 2500 3606 affirmavit
2524 3593 2537 3617 ,
2570 3568 2689 3623 quae
2718 3554 2898 3622 utique
2944 3565 3068 3609 sunt
3094 3556 3357 3625 simplicia
3383 3601 3397 3625 ,
3428 3570 3483 3614 et
3529 3577 3629 3616 ex-

2040 3644 2249 3713 ploratu
2280 3643 2473 3697 facilia.
2520 3646 2605 3697 Ait
2646 3645 2844 3713 quippe
2884 3644 3081 3699 Judaeis
3115 3663 3128 3699 :
3164 3666 3183 3699 ι
3224 3648 3559 3718 Hypocritze,
3590 3658 3633 3707 sl

2042 3734 2278 3788 videritis
2327 3736 2519 3789 nubem
2562 3736 2628 3788 ab
2674 3751 2865 3789 occasu
2897 3739 3155 3793 orientem
3183 3780 3197 3804 ,
3226 3740 3404 3797 dicitis
3429 3784 3443 3807 ,
3479 3744 3636 3800 Venit

2040 3833 2329 3893 tempestas
2360 3844 2377 3875 ι
2405 3826 2612 3897 (Matth.
2644 3828 2729 3879 16.
2749 3826 2906 3895 2-4);
2936 3846 2953 3877 ι
2977 3838 3029 3880 et
3051 3830 3119 3882 ita
3150 3828 3226 3883 fit.
3250 3832 3377 3887 Etsi
3396 3833 3634 3890 videritis

2039 3931 2268 3986 vespere
2317 3917 2670 3971 rubicundqu
2725 3918 2915 3972 cmlum
2942 3959 2956 3984 ,
2988 3920 3165 3975 dicitis
3195 3938 3209 3974 :
3242 3924 3505 3981 Serenum
3532 3944 3545 3993 ;
3579 3938 3632 3984 et

2038 4012 2183 4065 venit
2208 4026 2481 4066 serenum.
2515 4011 2582 4065 Et
2612 4016 2655 4065 si
2690 4012 2932 4067 videritis
2962 4027 3085 4067 sero
3120 4016 3271 4070 triste
3303 4019 3510 4084 caelum,
3540 4019 3628 4073 di-

2036 4102 2189 4168 citis,
2220 4102 2535 4172 Tempestas
2557 4104 2701 4157 venit
2736 4123 2753 4155 ι
2782 4103 2930 4174 (Luc.
2963 4104 3048 4158 12.
3082 4106 3292 4178 54-56).
3323 4108 3629 4183 Deindequc

2036 4193 2307 4263 subjungit
2338 4211 2349 4248 :
2377 4212 2394 4244 ς
2435 4192 2642 4247 Faciem
2674 4195 2789 4248 caeli
2812 4204 2865 4249 et
2896 4204 3051 4249 terra:
3076 4196 3306 4265 probare
3333 4200 3479 4256 scitis
3510 4242 3525 4268 ,
3556 4204 3625 4257 il-

2034 4286 2125 4339 lud
2164 4296 2339 4339 autem
2382 4298 2589 4355 tempus
2639 4287 2891 4341 nescitis?
2927 4306 2945 4339 ι
2982 4287 3105 4343 Haec
3146 4300 3271 4344 sunt
3313 4292 3460 4362 signa
3504 4310 3624 4363 qua:

2032 4380 2147 4433 sine
2171 4381 2407 4449 periculo
2436 4380 3001 4446 observantur,a:stas,
3028 4381 3220 4449 hiems,
3246 4385 3446 4452 pluvia,
3475 4401 3619 4443 sere-

2031 4487 2133 4525 nus
2149 4488 2258 4525 aer.
2287 4472 2411 4526 llaec
2428 4489 2530 4526 non
2548 4482 2668 4525 sunt
2686 4488 2712 4524 a
2737 4473 2931 4541 pietate
2951 4473 3143 4537 aliena,
3160 4475 3250 4528 sed
3274 4475 3363 4529 Dei
3382 4480 3617 4546 propria.

2030 4564 2189 4618 Multa
2218 4566 2573 4635 potuissemus
2598 4566 2665 4619 de
2687 4566 2972 4633 astrologia
2992 4564 3189 4630 dicere;
3216 4568 3307 4620 sed
3332 4584 3464 4636 OpllS
3486 4570 3619 4627 fuis-

2030 4669 2110 4712 set
2140 4669 2193 4712 et
2240 4658 2573 4712 eonteutiore
2603 4672 2732 4711 voce
2759 4698 2771 4722 ,
2795 4666 2848 4711 et
2890 4672 3087 4726 organo
3138 4673 3239 4712 n0u
3294 4660 3570 4720 fatiscente
3598 4684 3613 4722 :

2028 4768 2146 4803 nam
2176 4766 2295 4804 eum
2324 4766 2571 4805 sermone
2603 4765 2752 4804 mens
2789 4752 2898 4820 pari
2940 4766 3125 4820 gressu
3157 4755 3413 4821 procedit,
3443 4767 3495 4812 et
3526 4776 3613 4813 ra-

2027 4844 2295 4897 tiocinium
2326 4859 2427 4895 una
2450 4857 2569 4895 cum
2602 4843 2774 4911 lingua
2803 4840 3118 4896 infirmatur.
3149 4842 3227 4895 Ad
3252 4859 3311 4897 ea
3336 4860 3465 4916 ergo
3493 4866 3611 4919 quae

2024 4946 2145 4989 sunt
2189 4935 2508 5003 simpliciora
2554 4933 2925 5001 procedamus.
2961 4933 3074 4987 Sint
3121 4936 3173 4986 in
3216 4937 3359 5005 signa
3398 4949 3445 4993 et
3488 4951 3610 4995 tem.

2022 5044 2167 5097 pora.
2211 5024 2367 5079 Aliud
2412 5027 2554 5079 enim
2595 5033 2677 5077 est
2705 5036 2861 5093 χρόνος
2902 5033 3144 5093 tempus,
3181 5028 3399 5084 ctaLud
3450 5041 3608 5103 καιρός

2021 5118 2409 5189 Opportunitas.
2438 5124 2612 5186 Χρὸνες
2637 5116 2956 5169 diuturnitas
2981 5125 3062 5170 est
3085 5159 3099 5184 ,
3129 5129 3181 5172 et
3219 5129 3379 5191 καιρός
3406 5137 3604 5193 ορροιι-

2022 5212 2233 5264 tunitas.
2268 5209 2375 5263 Nec
2405 5219 2485 5261 est
2511 5209 2596 5278 qui
2629 5208 2787 5274 dicat,
2821 5218 2978 5276 χρόνος
3005 5220 3084 5262 est
3108 5210 3417 5278 vindemia};
3448 5230 3605 5269 nemo

2018 5306 2165 5368 dicit,
2196 5314 2350 5373 χρόνος
2379 5311 2458 5356 est
2484 5301 2739 5371 virginem
2771 5300 2979 5355 locandi
3012 5321 3025 5355 :
3060 5303 3173 5366 sed,
3206 5312 3362 5374 καιρός
3393 5316 3473 5360 est
3495 5310 3602 5361 vir-

2016 5400 2191 5467 ginem
2223 5396 2429 5450 locandi
2455 5437 2469 5461 ,
2498 5406 2656 5465 καιρὸς
2686 5396 2939 5449 sementis
2969 5404 3021 5449 et
3071 5407 3229 5466 καιρὸς
3258 5398 3466 5451 messis.
3502 5399 3602 5453 Sa-

2016 5494 2299 5559 Iomnnque
2329 5490 2400 5542 ait
2436 5506 2448 5542 :
2477 5491 2635 5559 καιρὸς
2669 5486 2931 5555 pariendi,
2962 5496 3006 5539 et
3040 5498 3198 5554 καιρὸς
3242 5488 3518 5553 moriendi,
3554 5500 3601 5543 et

2013 5592 2173 5651 καιρὸς
2223 5581 2510 5645 ωιιὲίίείιηάἱ
2533 5620 2544 5641 ,
2581 5588 2625 5630 et
2669 5588 2825 5647 καιρὸς
2858 5578 3143 5630 destruendi
3174 5575 3381 5645 (Eccle.
3411 5576 3466 5632 ὅ.
3498 5578 3532 5631 2

2018 5684 2193 5745 Καιριν
2220 5673 2345 5727 dicit
2382 5672 2852 5740 Opportunitatem.
2888 5670 3012 5724 llaec
3054 5683 3179 5723 vero
3227 5668 3393 5721 stella:
3428 5670 3595 5739 signi-

2013 5770 2205 5833 ﬁcant;
2239 5778 2359 5837 puta
2387 5808 2400 5833 ,
2427 5762 2690 5834 pleiadum
2732 5771 2905 5817 ortum
2946 5761 3147 5815 initium
3203 5775 3320 5815 esse
3362 5763 3588 5827 messis;

2014 5860 2220 5929 pleiadu
2246 5878 2274 5911 ιι
2326 5872 2593 5923 occasum,
2625 5855 2830 5910 initium
2864 5852 3132 5909 sementis.
3161 5852 3281 5906 ll;cc
3311 5852 3373 5904 ab
3403 5852 3589 5923 impie-
