4102 6472
657 416 765 470 451

657 521 764 565 tate
788 509 956 564 aliena
977 550 990 572 ,
1014 506 1302 580 pictatique
1330 508 1542 575 propria
1578 512 1722 560 sunt.
1753 513 1930 568 Καιρσί
1957 502 2067 558 sive
2095 511 2228 558 tem-

653 616 780 672 pora
823 599 948 654 festa
989 613 1196 669 quoque
1245 607 1523 651 vocantur.
1577 597 1664 650 Ait
1713 597 1852 651 Deus
1890 614 1904 649 :
1943 593 2066 648 Tria
2110 596 2232 648 anni

652 701 876 759 tempora
923 687 1228 742 Celebrabitis
1271 687 1394 739 milii
1417 727 1430 751 ,
1473 686 1652 754 festum
1680 686 1984 755 Azymorunt
2007 726 2022 751 ,
2050 690 2231 755 festum

657 781 1000 846 I’entecostes,
1030 789 1076 833 et
1112 784 1290 850 festum
1320 778 1743 847 Scenopegiorum
1787 777 1958 848 (Deut.
1995 778 2080 832 16.
2117 776 2228 847 16).

649 872 771 926 Tria
802 881 1056 940 tempora.
1092 871 1228 925 Ecce
1256 871 1423 938 signa,
1453 879 1504 922 et
1527 878 1784 937 tempora.
1821 868 1942 923 Dies
1963 882 2147 922 rursus
2170 869 2222 922 in

649 962 867 1015 sabbato
888 969 940 1014 et
961 975 1171 1014 menses
1204 959 1325 1012 facit
1355 959 1497 1012 luna.
1523 957 1615 1012 Sol
1637 973 1894 1011 annorum
1918 958 2228 1013 conversio-

650 1068 743 1106 nes
766 1053 1029 1114 observat,
1056 1066 1289 1113 vernam,
1321 1050 1742 1119 mquinoctialem
1766 1051 1803 1114 ¹,
1835 1050 2068 1103 aestivam
2096 1090 2111 1114 ,
2135 1064 2228 1103 au-

650 1144 956 1197 tumnalem.
987 1141 1137 1196 Stant
1169 1142 1310 1210 leges
1339 1141 1589 1194 immota).
1626 1141 1806 1203 Dixit,
1838 1149 1893 1195 et
1935 1141 2036 1194 ﬁxa
2066 1151 2224 1206 sunt;

648 1233 918 1287 tnandavit
939 1273 952 1294 ,
985 1241 1038 1285 et
1069 1230 1281 1284 fundata
1313 1240 1453 1283 sunt.
1500 1230 1594 1284 llic
1620 1229 1832 1284 domum
1872 1233 2105 1285 animum
2135 1231 2226 1284 ad-

649 1326 858 1379 vertite.
901 1324 1028 1389 Quis
1059 1323 1244 1376 horum
1289 1323 1520 1376 artifex?
1547 1326 1663 1393 quis
1696 1323 1811 1377 hinc
1835 1323 2000 1377 fecit?
2030 1324 2225 1378 Pater?

648 1415 813 1470 Nemo
845 1414 1125 1468 inﬁcialur.
1158 1413 1358 1466 Filius?
1386 1413 1555 1466 Etiam
1577 1414 1810 1468 haeretici
1839 1413 2092 1480 fatentur,
2120 1415 2220 1468 etsi

647 1521 754 1559 non
800 1513 942 1559 recte
972 1522 983 1555 :
1008 1503 1188 1558 dicunt
1229 1504 1368 1557 enim
1397 1543 1410 1565 ,
1441 1503 1596 1557 Pater
1641 1503 1830 1558 Filium
1872 1504 1996 1559 fecit
2019 1541 2034 1569 ,
2061 1506 2224 1559 Filius

648 1605 824 1649 autem
864 1595 1062 1648 omnia.
1086 1594 1448 1648 Admittamiie
1477 1594 1844 1661 impietatem?
1870 1594 2000 1662 Quia
2023 1595 2222 1650 insolu-

645 1685 771 1738 hilia
804 1685 1006 1750 vincula
1039 1683 1406 1738 haereticorum
1454 1693 1683 1738 mentem
1715 1686 2117 1754 constringunt,
2143 1686 2222 1739 in-

652 1783 985 1844 terrogemus
1027 1773 1507 1843 prophetasznum
1562 1774 1638 1827 is.
1692 1775 1778 1843 qui
1833 1775 2007 1829 omnia
2063 1774 2219 1840 fecit,

643 1867 944 1936 quempiam
973 1865 1164 1919 habeat
1187 1864 1459 1932 majorem,
1479 1879 1544 1916 an
1575 1864 1820 1919 omnibus
1845 1864 1914 1919 sit
1941 1865 2218 1934 superior:

643 1971 737 2011 sua
759 1958 900 2012 enim
933 1957 1028 2026 ipsi
1059 1955 1416 2024 propositione
1442 1955 1661 2012 cadunt.

715 2049 772 2102 4.
807 2048 993 2102 Dicunt
1019 2088 1033 2112 ,
1063 2047 1250 2100 Omnia
1291 2046 1417 2100 fecit
1442 2046 1607 2099 Filius
1627 2087 1641 2110 ,
1672 2047 1841 2115 ipsum
1872 2061 2000 2101 vero
2036 2047 2215 2102 Pater.

644 2137 908 2206 Propitius
933 2137 1084 2190 nobis
1118 2137 1190 2190 sit
1214 2150 1314 2205 pro
1335 2135 1659 2204 blasphemia
1693 2154 1704 2189 :
1736 2136 1890 2204 plane
1910 2133 2052 2190 enim
2081 2136 2212 2190 bor-

639 2245 731 2284 ror
773 2239 854 2284 est
892 2230 1174 2299 impiorum
1221 2230 1380 2284 verba
1428 2230 1662 2292 iterare;
1717 2239 1949 2283 attamen
1982 2228 2217 2283 medicos

640 2321 926 2386 imitemur,
949 2321 1292 2375 immittentes
1313 2322 1362 2374 in
1389 2321 1602 2374 vulnera
1629 2336 1836 2384 manus,
1859 2329 1913 2372 ut
1935 2320 2108 2373 ulcera
2134 2333 2222 2374 cu-

637 2425 854 2464 remus:
881 2422 1096 2465 coactus
1124 2411 1281 2464 etiam
1330 2409 1733 2479 fuitApostolus
1775 2425 1859 2462 res
1883 2409 2216 2477 turpissimas

636 2515 1056 2554 commemorare
1079 2542 1094 2564 ,
1127 2515 1231 2554 non
1261 2509 1314 2553 ut
1355 2501 1582 2569 linguam
1614 2499 1856 2562 foedaret,
1885 2498 1977 2552 sed
2011 2507 2065 2551 ut
2093 2512 2216 2567 pec-

634 2600 751 2644 cata
782 2590 1038 2644 ablueret.
1068 2591 1278 2653 Dicunt,
1308 2589 1496 2644 Omnia
1523 2587 1648 2644 fecit
1674 2588 1858 2654 Filius,
1893 2587 2065 2657 ipsum
2087 2603 2214 2644 vero

637 2681 810 2733 Pater.
846 2680 1189 2750 lnterrogabo
1217 2679 1501 2748 prophetas
1521 2721 1535 2746 ,
1567 2679 1685 2749 quis
1710 2689 1762 2734 et
1804 2688 2035 2748 quantus
2072 2680 2140 2734 sit
2166 2679 2212 2734 is

634 2773 721 2841 qui
770 2773 956 2826 caelum
1005 2772 1149 2826 fecit.
1180 2772 1268 2826 Alt
1313 2771 1473 2825 Isaias
1526 2771 1822 2840 propheta:
1862 2790 1880 2822 ι
1918 2771 2042 2826 llzec
2086 2771 2214 2826 dicit

634 2861 890 2914 Dominus
913 2901 928 2924 ,
977 2861 1064 2929 qui
1097 2862 1216 2914 fecit
1257 2861 1442 2914 c:clum
1465 2901 1479 2920 ,
1510 2868 1564 2914 et
1605 2860 1718 2912 ﬁxit
1754 2858 1880 2912 illud
1928 2875 1942 2912 :
1972 2860 2059 2928 qui
2095 2859 2212 2913 fun-

632 2951 774 3004 davit
803 2961 1015 3014 terrain,
1045 2960 1098 3004 et
1117 2965 1234 3019 qua:
1263 2951 1312 3003 in
1337 2950 1421 3004 illa
1447 2959 1568 3003 sunt
1602 2949 1724 3019 :qui
1755 2949 1846 3003 dat
1867 2949 2208 3019 spirationein

632 3040 824 3110 populo
854 3041 940 3110 qui
971 3042 1020 3094 in
1052 3040 1137 3094 illa
1171 3049 1251 3094 est
1277 3081 1291 3105 ,
1325 3049 1376 3094 et
1416 3040 1656 3108 spiritum
1687 3040 2012 3094 calcantibus
2040 3054 2157 3094 eam
2193 3056 2207 3093 :

635 3134 743 3200 ligo
768 3133 1017 3186 Dominus
1051 3151 1068 3182 ι
1097 3130 1264 3200 (Isai.
1296 3131 1383 3184 42.
1417 3132 1469 3184 5.
1501 3131 1577 3199 fi).
1617 3148 1634 3180 i
1663 3132 1797 3184 Ante
1826 3144 1909 3184 me
1937 3130 2076 3184 Deus
2099 3143 2207 3183 non

629 3233 729 3288 est,
746 3233 928 3292 etpost
952 3238 1034 3275 me
1064 3223 1316 3275 Deusnon
1332 3229 1431 3274 est.
1453 3220 1565 3289 Ego
1580 3235 1718 3286 sum,
1735 3229 1908 3274 etnon
1931 3220 2158 3274 estalius
2183 3236 2201 3269 ι

633 3315 785 3386 (lsai.
819 3317 904 3368 45.
935 3316 1021 3369 10.
1054 3316 1161 3383 11).
1215 3313 1337 3368 Haec
1373 3312 1504 3366 dicit
1546 3311 1636 3380 qui
1662 3312 1999 3368 fecitcaalum
2018 3322 2200 3368 etter¢

629 3421 740 3459 ram
773 3405 1083 3474 Unigenitus
1104 3445 1118 3469 ,
1141 3405 1227 3472 qui
1255 3404 1545 3458 secundum
1578 3404 1858 3457 haereticos
1884 3402 2052 3457 factus
2082 3410 2164 3456 est
2186 3443 2201 3468 ,

625 3504 679 3550 et
731 3505 910 3562 postea
957 3496 1178 3549 creavit.
1208 3494 1402 3548 Verum
1457 3495 1509 3548 in
1561 3493 1896 3548 sermonibus
1944 3494 2202 3548 labiorum

623 3603 840 3639 suorum
887 3586 1285 3655 Comprehensa:
1316 3595 1388 3638 est
1418 3595 1650 3654 peccator
1693 3583 1864 3654 (Psal.
1888 3584 1940 3638 9.
1977 3586 2084 3654 l7).
2117 3586 2207 3640 Ait

623 3679 808 3733 beatus
835 3676 1094 3732 Jereinias
1127 3694 1140 3730 :
1171 3674 1260 3731 Sic
1290 3675 1455 3730 dicite.
1486 3675 1853 3743 Quibusnam?
1878 3673 2200 3741 Gentilibus;

621 3767 710 3821 Dii
760 3771 844 3838 qui
899 3769 1076 3822 caelum
1123 3777 1171 3820 et
1226 3776 1408 3820 terram
1462 3784 1562 3820 non
1613 3771 1868 3836 fecerunt,
1919 3769 2202 3836 dispereant

619 3863 682 3915 de
710 3872 843 3916 terra
869 3863 1000 3934 (Jcr.
1039 3862 1122 3916 l0.
1158 3863 1270 3930 11).
1301 3861 1574 3924 Dominus,
1613 3861 1709 3926 Qui
1735 3862 1851 3930 fecit
1880 3862 2026 3914 cwlos
2053 3862 2104 3914 in
2129 3863 2202 3912 in-

618 3956 818 4008 tellectu
859 3955 1030 4022 (Psal.
1081 3955 1200 4008 155.
1232 3953 1326 4022 5),
1356 3955 1467 4022 ipse
1506 3955 1642 4006 Deus
1671 3953 1818 4005 vivus
1856 3962 1910 4006 et
1937 3967 2109 4007 verus.
2143 3953 2199 4008 Si

617 4060 775 4098 verus
798 4054 881 4098 est
909 4045 1046 4097 Deus
1065 4045 1153 4098 ille
1174 4043 1262 4112 qui
1293 4043 1412 4097 fecit
1438 4043 1648 4107 cmlum,
1674 4042 1770 4109 ipsi
1803 4058 1930 4096 vero
1962 4042 2195 4096 Incrctici

615 4134 936 4189 conﬁtentur
955 4134 1145 4188 Filium
1163 4148 1280 4188 esse
1297 4148 1414 4186 eum
1434 4134 1519 4201 qui
1546 4132 1669 4187 fecit
1689 4134 1874 4185 caelum
1902 4144 1954 4187 et
1979 4142 2193 4199 terram,

614 4241 733 4295 qua:
763 4240 934 4295 pugna
964 4241 1084 4279 cum
1113 4224 1514 4289 dicitCliristus,
1549 4222 1613 4276 ljt
1641 4237 1940 4293 cognoscant
1971 4233 2014 4275 te
2034 4224 2198 4277 soluat

616 4315 777 4368 Deum
799 4333 982 4378 verum,
1005 4326 1048 4368 et
1072 4332 1214 4384 quem
1239 4316 1411 4368 misisti
1431 4296 1607 4367 Jesum
1630 4313 1883 4366 Christum
1903 4313 2077 4381 (Joan.
2107 4315 2192 4367 17.

613 4412 693 4482 5).
727 4410 858 4463 Cum
886 4409 970 4463 Se:
989 4418 1141 4462 vator
1168 4417 1257 4460 aut
1288 4423 1380 4476 per
1408 4407 1696 4475 prophetas
1719 4444 1733 4469 ,
1762 4416 1852 4458 aut
1877 4421 1968 4473 per
1995 4420 2052 4458 se
2082 4409 2194 4459 lucc

610 4501 849 4563 dicebat,
881 4515 985 4552 ηοξ.
1011 4499 1076 4552 ad
1105 4499 1552 4566 comparationem
1579 4511 1698 4550 eum
1724 4496 1878 4549 Patre
1912 4495 2023 4548 hmc
2053 4496 2196 4549 dice-

612 4593 730 4658 bat,
763 4590 829 4644 Ut
858 4599 1158 4660 cognoscant
1189 4600 1233 4640 te
1259 4588 1420 4642 solum
1465 4586 1672 4650 Deum;
1703 4587 1795 4641 sed
1827 4587 1891 4640 ad
1942 4586 2193 4642 iliﬁ'cren-

611 4683 736 4735 tiain
765 4696 970 4745 eorum,
1004 4681 1092 4747 qui
1127 4679 1258 4732 falso
1280 4680 1349 4732 dii
1387 4679 1740 4747 appellantur,
1767 4679 2188 4748 signiﬁcandam.

610 4772 969 4840 Quamobrem
1001 4770 1194 4824 Paulus
1242 4784 1451 4838 quoque
1492 4770 1620 4822 dicit
1653 4785 1665 4820 ε
1700 4769 1933 4822 Conversi
1977 4770 2094 4822 estis
2130 4770 2192 4822 ab

609 4868 778 4930 idolis,
806 4866 991 4919 servire
1019 4864 1126 4916 Deo
1154 4865 1261 4914 vivo
1286 4872 1329 4915 et
1357 4878 1471 4917 vero
1503 4863 1579 4930 (1.
1610 4860 1783 4914 Tliess.
1813 4862 1862 4913 1.
1895 4860 1972 4927 9).
1995 4861 2190 4914 Verum

607 4967 781 5019 vocat,
812 4966 868 5009 ut
896 4955 1055 5008 falsos
1077 4952 1316 5008 confutet
1339 4969 1352 5016 ;
1374 4952 1571 5017 vivum,
1598 4962 1651 5004 ut
1685 4961 1890 5004 mortua
1920 4952 2054 5005 idola
2087 4963 2192 5004 tra-

607 5049 787 5100 ducat.
823 5047 931 5114 Ego
957 5060 1083 5097 vero
1111 5053 1256 5112 puto,
1290 5044 1393 5096 imo
1418 5044 1595 5112 potius
1623 5043 1806 5107 credo,
1839 5054 2072 5096 mortuos
2099 5043 2191 5096 ad-

607 5154 819 5192 versum
874 5151 972 5190 nos
999 5136 1188 5197 irasci,
1234 5135 1276 5186 si
1327 5134 1542 5186 audiant
1596 5148 1692 5187 nos
1737 5133 1874 5186 idola
1921 5134 2189 5202 appellare

607 5240 836 5284 mortua.
873 5226 1118 5296 lnjuriam
1141 5268 1155 5292 ,
1185 5227 1350 5285 aiunt,
1383 5225 1624 5293 irrogatis
1653 5234 1832 5276 nostro
1859 5224 2052 5276 ordini.
2082 5223 2189 5276 Nos

607 5321 802 5375 mortui
846 5335 1129 5384 vocamur,
1161 5318 1247 5386 qui
1289 5315 1574 5385 aliquando
1624 5315 1887 5366 viximus:
1921 5315 2007 5382 qui
2044 5331 2188 5366 nunt-

605 5425 767 5480 quam
809 5389 1018 5472 vixere,
1065 5423 1158 5460 cur
1204 5407 1396 5460 mortui
1442 5404 1817 5474 appellantur?
1851 5404 1933 5456 Dii
1973 5405 2059 5472 qui
2084 5420 2186 5457 ca:-

606 5506 709 5556 luut
736 5511 781 5556 et
812 5511 998 5554 terram
1024 5516 1126 5552 non
1165 5504 1386 5568 fecerunt
1409 5539 1422 5564 ,
1456 5500 1741 5567 dispereunt
1798 5496 1926 5566 (Jer.
1957 5499 2041 5552 10.
2070 5498 2182 5567 11).

667 5666 684 5697 ι
719 5666 792 5713 Sic
812 5662 989 5720 Vatic,
1013 5659 1150 5708 Savil.
1174 5666 1240 5720 et
1273 5664 1576 5720 omnesttss.
1614 5654 1927 5720 Combetisius
1964 5668 2081 5703 vero
2120 5667 2183 5720 ex

601 5728 899 5786 conjectura,
927 5717 1330 5788 (rqitiiioctialem,
1352 5720 1421 5775 iii,
1448 5719 1728 5788 [iubet-nam,
1754 5719 1984 5766 mutavit:
2010 5730 2099 5766 nec
2121 5717 2184 5768 de

603 5793 724 5837 ltt‘ll
750 5790 1013 5836 mutatione
1039 5787 1272 5834 lectorem
1298 5790 1496 5830 monuit.

2067 381 2432 441 SEVERIANI

3809 407 3913 462 4.32

2339 501 2614 566 Dominus,
2647 502 2744 568 Qui
2769 503 2882 575 fecit
2909 503 3056 560 celos
3083 505 3135 560 in
3156 506 3407 560 intellectu
3435 505 3656 579 (Psaliu.
3685 507 3806 561 1⁸55.
3837 507 3909 577 5),

2337 591 2450 660 ipse
2494 592 2642 645 vivus
2685 592 2822 647 Deus
2851 603 2906 649 et
2933 607 3113 649 verus.
3146 595 3274 664 Quis
3301 605 3382 650 est
3409 596 3598 649 vivus?
3641 594 3743 662 Qui
3789 594 3911 650 fecit

2333 682 2540 736 caelum.
2573 681 2708 737 Num
2735 691 2877 738 stant
2910 683 3282 740 haircticorum
3326 685 3709 740 definitiones?
3738 701 3909 742 annon

2332 772 2474 827 cadit
2498 787 2682 828 eorum
2713 774 2992 843 impietas?
3021 789 3197 830 annon
3243 777 3580 847 redarguitiir
3605 793 3792 834 eorum
3825 795 3907 835 rco

2333 863 2492 933 ligio?
2540 879 2715 917 annon
2762 864 3074 919 dissolvitur
3121 866 3723 935 pravitas?Conditoris
3752 883 3905 939 opera

2332 956 2785 1024 comprehendere
2817 973 2921 1010 non
2955 966 3104 1026 potes
3129 999 3144 1022 ,
3177 965 3231 1012 et
3257 959 3528 1012 Artiﬁcem
3579 961 3791 1014 curiose
3837 963 3908 1015 in-

2332 1047 2496 1116 qiiiris
2525 1055 2578 1101 et
2603 1047 2884 1114 exploras?
2909 1047 3044 1114 Quid
3075 1048 3267 1102 clamat
3293 1049 3497 1102 David?
3530 1050 3696 1116 Quam
3729 1053 3910 1117 magni

2331 1139 2481 1208 ﬁcata
2506 1149 2621 1192 sunt
2651 1155 2804 1208 Opera
2834 1149 2921 1192 tua
2945 1178 2961 1203 ,
2987 1139 3235 1193 Domine!
3267 1139 3450 1193 Omnia
3479 1141 3530 1194 iit
3555 1143 3809 1210 sapientia
3834 1147 3909 1213 {e-

2330 1230 2441 1282 cisti
2473 1229 2697 1294 (Psalm.
2729 1231 2850 1284 105.
2879 1229 2991 1295 24).
3029 1229 3306 1300 Propheta:
3335 1247 3499 1299 opera
3531 1234 3909 1304 magniﬁcam,

2331 1317 2563 1373 hmretici
2610 1320 2864 1388 Opiﬁcem
2903 1321 3170 1374 minuunt.
3217 1321 3433 1390 Magnus
3479 1323 3568 1378 ille
3611 1325 3832 1379 consilio
3857 1333 3912 1378 et

2333 1421 2516 1478 potens
2540 1411 2787 1478 operibus
2808 1453 2820 1474 ,
2846 1413 2934 1481 qui
2956 1414 3142 1466 cwlum
3173 1412 3418 1469 lorinavit
3442 1426 3492 1468 ct
3517 1416 3629 1469 ﬁxit
3653 1431 3715 1471 ex
3740 1415 3911 1484 aquis;

2331 1519 2434 1554 iiuii
2466 1503 2604 1554 enim
2645 1517 2673 1553 a
2717 1503 2971 1556 miraculo
3002 1503 3251 1557 abscedo.
3286 1505 3361 1557 lix
3389 1507 3544 1574 aquis
3598 1517 3911 1560 cunei-etum

2328 1603 2444 1655 est.
2474 1605 2526 1649 et
2565 1609 2754 1664 aquam
2795 1605 3011 1664 gestat:
3057 1611 3121 1651 ex
3165 1597 3317 1665 aquis
3347 1607 3654 1651 concretum
3703 1608 3813 1659 est,
3858 1606 3911 1650 et

2329 1687 2578 1757 abyssum
2605 1696 2779 1756 gestat
2809 1705 2822 1752 ;
2856 1687 3072 1742 omnino
3101 1697 3276 1741 autem
3305 1688 3548 1756 exemplo
3577 1689 3741 1742 hmret
3762 1730 3774 1749 .
3809 1703 3910 1740 no-

2330 1793 2448 1830 vum
2471 1818 2486 1843 ,
2516 1778 2730 1847 inquam
2757 1818 2772 1844 ,
2806 1777 2908 1832 hoc
2953 1778 3286 1832 miraculum.
3331 1777 3576 1831 Vidistin‘
3611 1777 3814 1831 tabulis
3840 1778 3910 1830 ab

2327 1883 2462 1937 aqua
2497 1877 2758 1938 gestatas,
2806 1877 2861 1921 ct
2888 1867 3116 1937 desuper
3149 1870 3323 1922 nivem
3364 1867 3616 1936 gestare?
3645 1867 3825 1921 Hiems
3855 1866 3906 1920 id

2327 1957 2472 2024 fecit,
2506 1967 2558 2013 et
2587 1959 2723 2013 Deus
2747 1973 2852 2013 non
2883 1959 3070 2014 faciet?
3095 1958 3244 2015 Fecit
3272 1960 3483 2024 ciclum,
3518 1974 3623 2014 non
3656 1969 3706 2013 ut
3737 1959 3909 2029 spliai-

2326 2067 2438 2106 ram
2489 2050 2602 2121 (lt),
2651 2063 2708 2105 ut
2751 2051 3192 2121 philosophantur
3216 2066 3446 2122 nugaces
3478 2051 3574 2106 illi.
3608 2051 3721 2106 Non
3763 2051 3905 2105 enim

2325 2142 2588 2213 Spbmram
2618 2143 2739 2198 fecit
2769 2159 2886 2213 qua:
2914 2143 3172 2198 volvatur.
3200 2143 3421 2208 Verum,
3453 2154 3510 2198 ut
3535 2143 3904 2212 aitproplieta,

2325 2237 2404 2292 sol
2427 2236 2695 2306 quomodo
2722 2236 2932 2292 currit?
2959 2237 3057 2302 Qui
3076 2237 3251 2291 statuit
3275 2237 3453 2290 etclam
3479 2237 3607 2289 sicut
3637 2236 3904 2305 fornicem,

2324 2340 2370 2386 et
2412 2333 2631 2386 extendit
2685 2332 2815 2386 illud
2853 2333 2984 2387 velut
3028 2335 3405 2387 tabernaculum
3450 2333 3619 2403 (Isai.
3653 2335 3740 2389 40.
3769 2333 3900 2400 ἓξ).

2322 2422 2489 2477 Nemo
2519 2433 2757 2477 nostrum
2791 2425 2858 2477 ita
2888 2423 3078 2493 impius
3098 2433 3181 2478 est
3210 2434 3267 2478 ut
3295 2425 3581 2494 nugacibus
3613 2425 3719 2479 illis
3748 2424 3902 2478 ﬁdem

2324 2516 2536 2571 habeat.
2572 2517 2852 2586 Propheta:
2874 2517 3054 2571 dicunt
3083 2518 3268 2572 czclum
3301 2517 3507 2571 initium
3539 2527 3593 2571 et
3622 2517 3778 2570 ﬁnem
3809 2515 3903 2568 ha-

2322 2607 2468 2663 bere.
2493 2608 2616 2662 ldco
2643 2609 2719 2663 sol
2754 2624 2856 2662 non
2881 2607 3142 2672 ascendit,
3173 2607 3266 2662 sed
3299 2609 3558 2677 procedit.
3590 2608 3730 2662 Dicit
3756 2605 3901 2660 Scri-

2322 2713 2474 2773 ptura
2507 2721 2519 2756 :
2555 2703 2649 2758 Sol
2674 2720 2900 2774 egressus
2928 2714 3000 2757 est
3029 2719 3181 2773 super
3210 2714 3428 2769 terram,
3455 2713 3501 2758 et
3523 2702 3620 2756 Lot
3647 2704 3900 2772 ingressus

2321 2801 2390 2846 est
2417 2794 2467 2846 in
2496 2793 2658 2863 Segor
2685 2793 2848 2864 (Cen.
2885 2794 2971 2848 l9.
3000 2794 3127 2864 25).
3177 2794 3361 2848 Palam
3391 2809 3518 2864 ergo
3549 2802 3632 2848 cst
3659 2809 3726 2848 ex
3755 2794 3901 2849 Scri-

2321 2892 2472 2952 ptura
2503 2885 2671 2938 auleiu
2704 2900 2976 2954 egressum
3007 2899 3148 2950 esse,
3181 2900 3287 2940 non
3316 2884 3621 2960 ascendisse
3650 2903 3663 2939 :
3696 2901 3759 2942 ac
3784 2900 3902 2942 rur-

2319 2991 2458 3039 sum,
2489 2979 2530 3030 Α
2556 2994 2752 3031 summa
2775 2979 2898 3032 creto
2920 2980 3136 3048 egressio
3157 2979 3266 3048 eius
3295 2977 3462 3049 (Psal.
3494 2980 3581 3035 18.
3606 2979 3683 3050 7),
3708 2979 3899 3050 inquit,

2318 3084 2422 3122 non
2470 3083 2743 3124 ascensus.
2789 3069 2843 3124 Si
2870 3071 3075 3139 sphaera
3117 3079 3230 3136 est,
3270 3085 3535 3126 summum
3582 3087 3688 3126 non
3717 3071 3895 3126 habet.

2317 3161 2467 3227 Quod
2499 3163 2643 3216 enim
2674 3162 2909 3231 undique
2939 3162 3222 3217 rotundum
3254 3173 3355 3229 est,
3387 3162 3598 3217 ubinam
3629 3178 3895 3217 summum

2315 3253 2514 3306 habet?
2545 3253 2678 3306 Num
2708 3269 2836 3323 ergo
2856 3254 3002 3308 solus
3031 3253 3193 3308 David
3221 3253 3380 3319 dicit,
3409 3269 3474 3308 an
3503 3257 3663 3308 etiam
3701 3254 3895 3308 Serva-

2315 3347 2435 3400 tur?
2465 3346 2599 3400 Audi
2623 3347 2793 3414 ipsum
2822 3347 3084 3400 dicentem
3110 3362 3123 3398 :
3157 3364 3174 3398 i
3206 3347 3338 3401 Cum
3372 3347 3577 3400 venerit
3603 3346 3766 3399 Filius
3798 3345 3897 3399 ho-

2315 3439 2471 3492 minis
2497 3439 2547 3492 in
2570 3438 2846 3507 majestate
2877 3451 2992 3502 sua,
3027 3439 3198 3491 mittet
3221 3437 3438 3507 angelos
3469 3452 3595 3490 suos
3622 3452 3740 3490 cum
3773 3437 3892 3491 tuba

2311 3541 2365 3585 et
2393 3546 2520 3584 voce
2544 3544 2730 3599 magna
2753 3570 2766 3595 ,
2805 3541 2858 3584 et
2883 3530 3276 3598 congregabunt
3303 3529 3500 3582 electos
3525 3530 3641 3597 ejus
3676 3546 3706 3582 a
3745 3544 3892 3582 stim-

2311 3639 2396 3677 nio
2427 3625 2558 3676 cmlo
2589 3636 2753 3692 usque
2779 3621 2843 3675 ad
2871 3635 3134 3675 summmn
3166 3619 3350 3673 cadum
3378 3619 3623 3689 »(ΜαιιΙι.
3656 3619 3745 3673 24.
3777 3619 3889 3688 51).

2382 3719 2435 3772 5.
2470 3715 2655 3768 Futilis
2679 3713 2937 3767 Seueriani
2960 3713 3254 3782 sphwricam
3275 3712 3406 3765 orbis
3427 3716 3643 3782 formam
3666 3714 3894 3783 negantis

2307 3807 2498 3875 Opinio.
2551 3837 2620 3846 —
2659 3805 2954 3873 Quznrimus
3000 3814 3175 3859 autem
3243 3805 3329 3857 ubi
3396 3805 3475 3857 sol
3522 3804 3768 3870 occidat,
3835 3814 3892 3859 ct

2307 3901 2392 3955 tibi
2423 3911 2580 3954 noctu
2607 3908 2804 3954 currat.
2850 3897 3154 3953 Secundum
3202 3905 3414 3950 exteros
3455 3896 3556 3951 sub
3606 3906 3777 3961 terra;
3805 3910 3893 3950 se-

2305 3991 2535 4044 cundum
2589 4005 2685 4044 nos
2728 3998 2904 4043 autem
2931 4029 2943 4051 ,
2973 3988 3062 4056 qni
3111 3987 3297 4042 cmlum
3344 3987 3743 4042 tabernaculum
3769 4001 3891 4042 esse

2303 4084 2526 4137 dicimus
2547 4126 2561 4148 ,
2589 4083 2881 4152 quidnam?
2921 4085 3170 4137 Animum
3190 4081 3403 4148 adhibe,
3436 4097 3638 4151 qttazso,
3670 4096 3794 4135 num
3821 4085 3892 4134 sit

2305 4174 2432 4228 falsa
2477 4173 2782 4227 sententia:
2815 4174 2907 4228 sed
2934 4174 2978 4227 si
3031 4172 3227 4227 habeas
3271 4174 3602 4242 signaculum
3644 4173 3888 4226 veritatis

2304 4265 2606 4317 testimonio
2655 4263 2964 4329 ﬁrmatum,
3015 4265 3288 4319 concurrit
3329 4278 3448 4317 cum
3495 4262 3680 4331 phrasi
3723 4271 3777 4317 et
3804 4263 3889 4316 lo-

2299 4370 2414 4410 cus.
2462 4357 2643 4427 Cogita
2686 4359 3071 4426 supcrpositam
3128 4355 3386 4409 fornicem
3435 4356 3528 4424 (ὁ).
3577 4353 3766 4410 Oriens
3797 4354 3886 4409 hic

2299 4458 2414 4512 est,
2447 4458 2502 4502 ut
2535 4450 2697 4518 ﬁgura
2729 4448 3078 4518 exprimitur:
3129 4447 3422 4515 septentrio
3451 4461 3578 4502 vero
3635 4446 3742 4500 illic
3765 4488 3780 4511 ,
3811 4461 3885 4501 ex

2304 4541 2550 4609 opposito
2579 4539 2828 4593 meridies
2853 4579 2866 4598 ,
2902 4539 3008 4593 illic
3051 4537 3324 4592 occidens.
3355 4535 3448 4593 Sol
3477 4538 3658 4593 oriens
3679 4553 3800 4593 cum
3830 4539 3886 4592 in

2298 4647 2545 4687 occasum
2577 4632 2776 4700 vergit,
2803 4646 2906 4683 non
2949 4629 3048 4684 sub
3078 4638 3217 4684 terra
3249 4629 3476 4694 occidit,
3515 4629 3608 4684 sed
3632 4645 3885 4698 egressus

2297 4726 2362 4778 ad
2391 4725 2504 4779 caeli
2530 4724 2662 4778 ﬁnes
2687 4767 2699 4787 ,
2732 4733 2909 4792 partes
2929 4722 3172 4778 boreales
3217 4723 3515 4790 percurrit,
3547 4723 3697 4789 quasi
3729 4736 3888 4772 muro

2297 4819 2524 4887 quodam
2555 4817 2868 4880 occultatus,
2901 4817 3049 4885 aquis
3078 4831 3181 4868 non
3210 4813 3510 4868 sinentibus
3535 4823 3591 4865 ut
3617 4811 3732 4879 ejus
3755 4827 3885 4866 cur-

2298 4927 2389 4965 sus
2437 4920 2728 4980 appareat,
2759 4911 3034 4977 curritque
3076 4923 3174 4976 per
3203 4916 3379 4974 partes
3422 4904 3700 4968 boreales,
3729 4915 3785 4957 et
3814 4904 3884 4956 ad

2296 5009 2556 5062 orientem
2583 5005 2744 5056 venit.
2788 5001 3062 5055 Undenam
3092 5000 3192 5053 hoc
3219 4997 3389 5067 palam
3417 4997 3542 5052 est?
3571 4998 3661 5051 Ait
3693 4997 3882 5051 beatus

2297 5102 2550 5156 Salomon
2592 5099 2640 5150 in
2671 5094 3025 5150 Ecclesiaste.
3061 5107 3178 5160 quae
3215 5099 3296 5145 est
3325 5089 3587 5158 scriptura
3619 5099 3782 5144 CCIltB
3815 5088 3881 5140 ﬁ~

2294 5194 2417 5258 dei,
2479 5207 2582 5244 non
2632 5189 2926 5242 adulterata
2959 5201 2970 5236 :
3006 5183 3180 5236 Oritur
3202 5223 3217 5247 ,
3249 5182 3457 5252 inquit,
3485 5184 3562 5236 sol
3583 5226 3597 5248 ,
3628 5195 3674 5236 et
3700 5183 3886 5234 occidis

2294 5287 2388 5338 sol.
2434 5283 2613 5336 Oriens
2661 5279 2821 5348 pergit
2861 5277 2930 5329 ad
2957 5286 3212 5337 austrum,
3246 5285 3290 5327 et
3319 5275 3498 5327 circuit
3529 5277 3597 5326 ad
3640 5276 3878 5327 boream:

2293 5377 2468 5430 circuit
2497 5369 2853 5425 circumeundo
2875 5410 2889 5433 ,
2919 5376 2962 5421 et
2985 5367 3036 5420 in
3065 5368 3173 5420 loco
3197 5383 3288 5420 suo
3327 5369 3487 5420 oritur
3508 5364 3708 5431 (Eccle.
3729 5365 3780 5418 1.
3799 5366 3853 5434 5)

2380 5530 2428 5583 a)
2463 5527 2587 5574 Vide
2612 5525 2830 5573 Cosmam
2855 5521 3127 5583 Egyptium
3153 5534 3198 5582 p.
3223 5520 3332 5569 525.

2365 5532 2407 5631 ia
2463 5530 2587 5574 Vide
2612 5530 2830 5596 Cosmiani
2855 5530 3127 5583 Ihgyptium
3153 5530 3332 5582 p.515.
3447 5583 3456 5592 ,
3833 5583 3840 5588 _

2365 5530 2430 5651 J2;
2467 5597 2531 5636 De
2556 5598 2784 5646 Opinione
2808 5584 3122 5651 quorumdam
3157 5591 3383 5651 veterum
3415 5593 3542 5651 Circa
3577 5579 3807 5651 mundum
3833 5595 3880 5651 in

2291 5642 2485 5700 fornicis
2508 5642 2695 5695 morem
2719 5642 2952 5694 structum
2991 5646 3099 5692 vide
3137 5656 3248 5705 qua:
3283 5643 3494 5705 diximus
3529 5644 3578 5690 iu
3601 5642 3790 5705 alonim
3822 5644 3882 5691 ad

2291 5714 2528 5763 Cusmam.
2555 5709 2646 5756 Sed
2675 5709 2776 5756 bzec
2802 5706 3018 5768 pluribus
3056 5700 3300 5767 agitantur
3323 5701 3546 5768 a_(_29_s_ina
3582 5700 3809 5763 {Egyptio
3835 5720 3883 5753 ιιι

2292 5762 2622 5836 'i‘opographia
2647 5781 2748 5829 sua,
2775 5762 2917 5832 q'uain
2943 5762 3180 5816 edidimus
3203 5778 3326 5813 anno
3353 5762 3489 5815 1706.
