4158 6474
689 465 802 521 453

689 561 786 614 καὶ
805 557 986 627 τρέχει
1007 554 1148 609 κατὰ
1170 553 1394 626 βορῤινά
1417 553 1557 626 μέρη
1583 593 1598 616 ,
1619 552 1715 608 καὶ
1736 550 2147 622 καταλαμϐάνει
2177 553 2276 622 τὴν

687 641 976 709 ἀνατολήν.
1014 639 1121 691 Kal
1154 639 1316 691 πόἹεν
1355 639 1513 691 τοῦτο
1541 637 1732 706 δῆλονς
1763 636 1925 704 Λέγει
1952 639 1980 688 6
2010 634 2278 706 μακάριος

690 725 944 793 Σολομὼν
969 724 1024 774 ὲν
1051 721 1127 790 τῷ
1166 723 1568 791 Ἐκκλησιαστῇ
1590 737 1603 750 ο
1628 718 1813 790 γραφὴ
1832 719 1888 771 δέ
1914 721 2028 772 ἐστι
2070 736 2276 789 μεμαρ·

689 808 992 878 τυρημένη.
1019 807 1079 857 οὑ
1119 805 1595 876 παραγραφομένη
1621 821 1633 832 ·
1681 804 2046 866 Ἀνατέλλει,
2093 805 2279 872 φησὶν,

692 895 724 943 ὀ
749 891 941 956 ἥλιος,
971 889 1069 941 καὶ
1099 889 1266 940 δύνει
1284 893 1316 941 ό
1346 889 1540 954 ἣλιος.
1576 886 1951 940 Ἀνατέλλων
1970 888 2279 953 πορεύεται

690 977 777 1040 εἰς
816 974 1020 1034 δύσιν,
1063 972 1164 1024 καί
1210 971 1432 1025 κυκλοῖ
1458 971 1607 1038 πρὸς
1627 969 1864 1038 βορῤιῖν
1887 988 1900 1002 ·
1925 969 2145 1023 κυκλοῖ
2177 987 2281 1022 κυ-

691 1056 874 1118 κλῶν,
907 1058 1007 1108 καὶ
1037 1059 1125 1121 εἰς
1167 1055 1271 1108 τὸν
1305 1056 1494 1107 τόπον
1516 1054 1704 1106 αὑτοῦ
1737 1052 2076 1106 ἀνατέλίει.
2125 1054 2280 1106 Κατὰ

694 1139 1044 1210 μεσημϐρίαν
1101 1144 1399 1208 τρέχοντα,
1449 1137 1542 1189 καί
1583 1137 1673 1188 τὸν
1725 1136 1926 1206 βορρᾶν
1977 1135 2280 1188 κυκλοῦντα

690 1221 876 1274 λοιπὸν
907 1221 1043 1290 μάθε
1090 1223 1148 1272 ἐν
1182 1225 1246 1291 τῇ
1275 1220 1369 1274 τοῦ
1405 1220 1673 1290 χειμῶνος
1702 1220 2066 1273 καταστάσει·
2094 1219 2280 1288 ἐπειδὴ

691 1308 791 1358 οὑκ
840 1306 947 1357 ἀπὸ
981 1306 1151 1375 μέσης
1182 1309 1278 1375 τῆς
1312 1304 1577 1374 ἀνατολῆς
1620 1304 1921 1365 ἀνατέλλει,
1967 1302 2104 1356 άλλά
2153 1303 2280 1373 περὶ

691 1389 758 1440 τὸ
796 1389 967 1458 κλίμα
993 1391 1092 1456 τῆς
1127 1387 1479 1457 μεσημϐρίας
1515 1387 1825 1455 πλαγιάζει,
1859 1387 1954 1439 καὶ
1986 1386 2166 1452 ὀλίγον
2192 1402 2279 1436 τε·

694 1472 810 1540 μὼν
842 1471 1137 1539 διάστημα,
1187 1473 1332 1522 ποιεῖ
1371 1468 1575 1541 μικράν
1610 1471 1856 1540 ἡμέραν
1887 1469 2052 1532 δύσας
2093 1468 2150 1520 δὲ
2187 1468 2280 1520 καὶ

693 1555 860 1608 πάλιν
887 1553 1086 1606 κύκλον
1124 1552 1356 1623 τρέχων,
1404 1555 1550 1606 ποιεῖ
1595 1552 1812 1624 μακράν
1843 1552 2033 1605 νύκτα.
2066 1553 2276 1621 Ἰσμεν,

693 1637 935 1705 ἀδελφοὶ,
967 1638 1047 1688 ὅτι
1074 1637 1101 1687 6
1129 1635 1280 1706 ἥλιος
1318 1635 1378 1688 οὑ
1423 1637 1640 1698 πάντως
1672 1636 1781 1689 ἀπὸ
1824 1635 1917 1688 τοῦ
1958 1634 2124 1688 αὑτοῦ
2157 1634 2280 1687 κέν-

691 1738 820 1790 τρου
845 1720 1192 1791 προέρχεται.
1225 1720 1348 1782 Πῶς
1372 1715 1465 1772 οὖν
1482 1719 1721 1785 γίνονται
1746 1720 1942 1788 μικραὶ
1959 1721 2015 1773 al
2043 1717 2276 1789 ήμέραι;

693 1804 990 1873 ΙΙλησιάζει
1024 1803 1191 1857 αὑτοῦ
1220 1806 1253 1874 ὴ
1294 1803 1528 1873 ἀνατολὴ
1573 1803 1652 1874 τῷ
1680 1804 1902 1873 κλίματι
1930 1803 2030 1873 τῆς
2067 1819 2280 1872 μεσημ-

693 1888 852 1959 ϐρίας
871 1904 885 1918 ο
919 1883 1036 1940 εἶτα
1071 1887 1130 1938 οὑ
1171 1887 1273 1956 τὴν
1310 1887 1520 1957 ὑψηλὴν
1541 1887 1733 1949 ἐλθὼν,
1757 1887 1892 1938 ἀλλὰ
1919 1887 2019 1955 τὴν
2045 1885 2280 1952 πλαγίαν

694 1969 998 2040 συντεμὼν,
1023 1970 1351 2040 τάςήμέρας
1385 1973 1531 2023 ποιεῖ
1561 1971 1784 2042 μικράς.
1813 1969 1990 2032 Δύσας
2021 1968 2078 2021 δέ
2113 1969 2192 2031 είς
2221 1969 2281 2020 τὸ

695 2055 868 2124 ἄκρον
907 2054 1005 2121 τῆς
1039 2051 1266 2116 δύσεως,
1290 2053 1538 2124 ἀνάγκην
1584 2054 1697 2123 ἔχει
1729 2051 2025 2106 κυκλεύσαι
2063 2051 2150 2104 διὰ
2178 2051 2279 2119 τῆς

699 2136 893 2198 νυκτὸς
906 2136 1058 2190 δύσιν
1080 2135 1210 2206 ὃλην
1225 2137 1321 2189 καὶ⁷
1337 2137 1539 2207 ἄρκτον
1551 2135 1698 2206 ὃλην,
1723 2137 1816 2188 καὶ
1841 2134 2108 2204 ἀνατολὴν
2129 2133 2277 2202 ὅλην,

695 2221 792 2274 καὶ
817 2219 1020 2288 φθάσαι
1040 2221 1132 2272 ἐπὶ
1157 2219 1220 2272 τὺ
1236 2219 1406 2290 ἄκρον
1425 2221 1524 2290 τῆς
1545 2219 1892 2291 μεσημϐρίας
1909 2235 1922 2249 °
1954 2220 2048 2272 καὶ
2064 2218 2280 2286 ἀνάγκη

697 2303 939 2373 μεγάλην
971 2302 1223 2369 γενέσθαι
1252 2303 1352 2372 τὴν
1382 2301 1574 2354 νύκτα.
1611 2302 1781 2354 Ὅταν
1805 2302 1988 2372 μέντοι
2010 2300 2280 2368 ἐξισοῦται

693 2388 772 2456 τῷ
792 2387 979 2456 μήκει,
1010 2387 1104 2438 καὶ
1138 2387 1250 2438 ῖσον
1275 2385 1426 2455 βῆμα
1461 2385 1579 2458 ἔχῃ,
1611 2386 1900 2456 ἰσημερίαν
1925 2387 2088 2440 ποιεῖ.
2115 2383 2283 2438 Πάλιν

695 2469 881 2531 κλίνας
904 2469 1044 2522 κατά
1065 2467 1155 2520 τὸν
1177 2467 1452 2539 βορρἄ[ν],
1482 2467 1670 2536 ῶσπερ
1688 2466 1953 2537 χειμῶνος
1971 2469 2049 2530 είς
2072 2485 2210 2537 μεση
2221 2486 2285 2538 μ-

699 2552 882 2622 ϐρίαν,
915 2551 1012 2604 καὶ
1046 2552 1126 2613 είς
1165 2551 1233 2603 τά
1257 2552 1402 2620 ἄκρα
1439 2553 1532 2603 τοῦ
1568 2551 1741 2620 βορρᾶ
1773 2550 2102 2614 ἀναϐαίνων,
2129 2551 2287 2618 ὑψοῦ-

694 2651 786 2688 ται
822 2635 916 2686 xal
947 2634 1190 2704 μεγάλην
1217 2635 1361 2685 ποιεῖ
1383 2631 1480 2702 τήν
1501 2635 1721 2705 ἡμέραν
1740 2650 1754 2663 ο
1797 2633 1974 2700 ὀλίγον
1999 2633 2055 2686 δὲ
2088 2634 2284 2704 μικρὸν

695 2718 837 2787 ἔχων
861 2719 950 2770 τὸν
981 2717 1202 2776 κύκλον,
1238 2716 1440 2786 μικράν
1479 2720 1620 2769 ποιεῖ
1649 2719 1748 2784 τὴν
1779 2716 1968 2769 νύκτα.
1996 2718 2071 2769 Οὑ
2100 2718 2284 2780 παῖδες

652 2845 663 2860 ,
709 2801 978 2871 Ἑλλήνων
1010 2800 1256 2864 ἐδίδαξαν
1282 2801 1429 2869 ἡμᾶς
1457 2799 1629 2851 ταῦτα
1647 2814 1659 2827 ·
1693 2798 1812 2851 οὑδὲ
1848 2799 1959 2870 γάρ
1977 2799 2137 2852 τοῦτο
2161 2800 2286 2867 βού-

700 2885 884 2936 λονται
905 2902 917 2914 ·
951 2883 1067 2936 ἀλλ’
1095 2882 1200 2934 ὑπὸ
1225 2883 1325 2950 τὴν
1353 2881 1460 2948 γῆν
1495 2898 1626 2946 φασι
1652 2882 1866 2950 τρέχειν
1897 2883 1964 2934 τά
1987 2883 2163 2951 άστρα
2192 2885 2287 2934 καὶ

699 2967 792 3018 τὸν
815 2965 987 3035 ἥλιον.
1035 2965 1097 3017 Ἢ
1126 2965 1316 3035 Γραφὴ
1345 2963 1402 3015 δὲ
1436 2963 1615 3034 ήμῶν,
1735 2963 1856 3016 θεία
1881 2962 2218 3026 διδάσκαλος,
2252 2966 2284 3034 ἡ

700 3050 892 3122 Γραφὴ
925 3048 1073 3118 ἡμᾶς
1131 3045 1398 3109 παιδεύει,
1447 3046 1691 3114 φωτίζει.
1742 3043 1872 3097 Εἶτα
1926 3046 2149 3116 ἐποίησε
2197 3048 2287 3100 τὸν

697 3134 869 3200 ἥλιον,
906 3130 1249 3183 ἀδιάλειπτον
1282 3129 1565 3198 φωστῆρα,
1597 3128 1695 3199 τὴν
1731 3127 1984 3198 σελήνην,
2014 3130 2109 3181 καὶ
2137 3130 2274 3181 61:0-

701 3215 969 3284 διδομένην
995 3215 1056 3264 τὸ
1087 3211 1241 3285 [Mil]
1267 3211 1486 3274 κάλλος,
1519 3211 1613 3264 καὶ
1636 3211 2081 3282 άμφιεννυμένην
2101 3213 2282 3268 πάλιν.

699 3297 952 3349 Δείκνυσι
995 3295 1048 3347 δὲ
1095 3295 1160 3347 τὸ
1201 3295 1362 3364 ἔργον
1414 3295 1504 3346 τὸν
1549 3294 1820 3364 τεχνίτην.
1884 3294 2208 3365 Ἀνεκλιπὴς
2259 3298 2287 3348 6

699 3380 974 3451 τεχνίτης,
998 3380 1169 3432 άῖδιον
1196 3379 1257 3430 τὸ
1278 3379 1458 3448 ἔργον.
1491 3379 1564 3430 Οὑ
1592 3379 1700 3446 γάρ
1727 3377 2072 3430 ἀναλίσκεται
2093 3379 2152 3430 τὸ
2174 3379 2286 3446 φῶς

702 3466 803 3535 τῆς
836 3465 1086 3534 σελήνης,
1131 3463 1266 3516 ἀλλὰ
1299 3463 1624 3532 κρύπτεται.
1658 3462 1868 3514 Γίνεται
1897 3462 1953 3515 6‘s
1983 3463 2077 3515 καὶ
2126 3463 2287 3514 εἰκὼν

699 3549 857 3618 ήμῶν
886 3548 994 3600 τῶν
1024 3547 1234 3616 θνητῶν
1265 3546 1590 3616 ἀνθρώπων.
1627 3546 1905 3616 Ἐννόησον
1925 3547 2125 3608 πόσους
2153 3547 2286 3598 αίῶ-

700 3649 796 3694 νας
830 3631 942 3699 ἔχει
987 3629 1372 3682 ἀνατέλλουσα.
1424 3629 1533 3680 Kal
1573 3629 1666 3681 ἐὰν
1773 3628 1984 3698 πρώτη,
2021 3627 2284 3697 λέγομεν·

703 3717 950 3783 Σήμερον
995 3715 1248 3780 γεννᾶται
1289 3714 1321 3780 ή
1374 3712 1592 3780 σελήνη.
1634 3711 1818 3773 Διατί;
1873 3711 2091 3779 Ἐπειδὴ
2126 3710 2288 3762 εἰκών

703 3801 818 3850 ἐστι
842 3797 951 3849 τῶν
982 3796 1266 3866 ἡμετέρων
1293 3796 1581 3863 σωμάτων.
1625 3794 1906 3854 Γεννάται,
1932 3792 2103 3856 αὔξει,
2150 3793 2287 3862 πλη⁴

706 3881 916 3950 ρούται,
947 3878 1283 3940 ἐλαττοῦται,
1314 3877 1582 3947 μειοῦται,
1613 3876 1755 3928 δύνει
1777 3893 1790 3904 ·
1822 3877 2006 3945 ἐπειδὴ
2025 3877 2288 3945 καὶήμεῖς

703 3963 1043 4033 γεννώμεθα,
1069 3961 1396 4030 αὑξάνομεν,
1422 3959 1802 4030 πληρούμεθα,
1826 3959 2286 4028 παρακμάζομεν,

703 4047 965 4118 λήγομεν,
1009 4044 1296 4116 γηρῶμεν,
1345 4043 1784 4113 ἀποθνήσκομεν,
1835 4041 2083 4111 δύνομεν.
2129 4041 2288 4093 Ἀλλά

704 4133 866 4186 πάλιν
897 4132 1174 4199 γεννᾶται,
1209 4127 1396 4196 ἐπειδὴ
1439 4127 1531 4180 καὶ
1568 4128 1728 4196 ήμεῖς
1776 4125 2042 4195 μέλλομεν
2075 4125 2287 4177 ἀνίστα-

705 4216 852 4278 σθαι,
873 4216 969 4267 καὶ
1001 4213 1150 4283 μένει
1171 4213 1320 4282 ἡμᾶς
1349 4211 1598 4280 γέννησις
1625 4209 1782 4278 άλλη.
1808 4209 1906 4261 Διὰ
1931 4209 2087 4262 τοῦτο
2116 4212 2143 4262 6
2179 4210 2288 4262 Σω-

704 4299 810 4368 τηρ
841 4296 1160 4367 βουλόμενος
1175 4293 1365 4357 δεῖξαι,
1398 4293 1567 4354 ὃτιὼς
1592 4291 1958 4361 ἐγεννήθημεν
1980 4286 2104 4354 ὦδε,
2130 4292 2288 4344 πάλιν

706 4377 1043 4447 γεννώμεθα,
1066 4375 1247 4442 λέγει’
1275 4376 1460 4427 Ὅταν
1475 4376 1621 4440 ἔλθῃ
1639 4377 1669 4426 ὀ
1696 4376 1825 4434 Υίὸς
1846 4374 1951 4426 τοῦ
1975 4373 2289 4441 ἀνθρώπου

705 4465 777 4515 ἐν
809 4459 880 4528 τῇ
909 4458 1361 4527 παλιγγενεσίᾳ.
1413 4458 1707 4524 Ἐγγυᾱται
1733 4459 1766 4524 ή
1797 4455 1994 4525 σελήνη
2030 4458 2128 4524 τήν
2161 4457 2290 4508 άνά-

708 4561 918 4596 στασιν.
957 4541 1114 4611 Ἐμὲ,
1136 4541 1291 4611 φησὶ,
1321 4540 1546 4609 βλέπετε
1573 4537 1980 4609 κρυπτομένην,
2011 4540 2105 4591 καὶ
2130 4539 2290 4591 πάλιν

706 4625 1061 4697 φαινομένην,
1096 4625 1189 4678 καὶ
1219 4622 1593 4692 ἀπαγορεύετε
1629 4621 1782 4691 ὑμῶν
1810 4621 1908 4684 τάς
1942 4620 2192 4685 ἐλπίδας;
2233 4621 2290 4673 Ὀ

705 4714 854 4781 ἥλιος
887 4711 946 4762 οὑ
975 4709 1041 4764 δι’
1091 4710 1236 4780 ἡμᾶς
1268 4708 1522 4775 ἐγένετο;
1549 4708 1582 4776 ή
1610 4705 1808 4776 σελήνη
1838 4707 1896 4758 οὑ
1927 4705 1992 4757 δι’
2025 4707 2199 4776 ήμᾶςς
2223 4705 2292 4757 τὰ

708 4794 977 4861 γενόμενα
1017 4793 1227 4856 πάντας
1281 4791 1346 4842 Τί
1374 4791 1483 4860 γάρ
1516 4790 1616 4842 οὑκ
1663 4791 1930 4858 ἐγγυᾶται
1988 4787 2146 4860 ήμῶν
2191 4788 2286 4858 τήν

709 4877 1040 4940 άνάστασιν;
1083 4876 1146 4927 'H
1193 4874 1289 4940 νύξ
1340 4874 1441 4926 οὑκ
1481 4873 1627 4924 ἐστιν
1675 4871 1838 4924 είκὼν
1881 4871 1975 4924 τοῦ
2023 4871 2288 4935 θανάτου;

713 4961 1012 5029 Ἔρριπται
1045 4959 1113 5010 τά
1164 4957 1391 5027 σώματα
1442 4957 1546 5009 ὑπὸ
1592 4956 1669 5025 τῷ
1716 4956 1916 5017 σκότει,
1969 4957 2183 5025 μορφὰς
2229 4956 2290 5007 οὑ

709 5043 1042 5115 διακρίνεις;
1075 5041 1337 5103 Πολλάκις
1375 5043 1440 5111 τῇ
1473 5041 1613 5110 χειρὶ
1644 5039 1901 5110 ψηλαφᾷς
1934 5040 2000 5091 τά
2029 5039 2292 5108 πρόσωπα

710 5133 818 5186 τῶν
847 5131 1226 5201 κοιμωμένων,
1260 5129 1352 5181 καὶ
1389 5131 1488 5181 οὑκ
1518 5125 1662 5189 οἶδας
1694 5131 1845 5181 ποῖον
1889 5127 2082 5180 τούτου
2127 5126 2293 5195 πρόσ-

714 5233 882 5276 ωπον,
916 5216 1068 5266 ποῖον
1098 5213 1329 5272 ἐκείνου,
1355 5213 1468 5264 ἀλλ’
1493 5213 1720 5281 ἐρωτᾷς,
1754 5213 1842 5265 ἵνα
1871 5213 1902 5281 ή
1941 5212 2092 5279 φωνή
2119 5208 2292 5279 κήρυξ

715 5299 941 5368 γένηται
979 5299 1086 5349 τῶν
1117 5299 1172 5349 ἐν
1208 5297 1387 5348 σκότει
1427 5297 1837 5365 κρυπτομένων.
1885 5297 2097 5363 Ὥσπερ
2138 5290 2228 5346 οὖν
2260 5295 2291 5362 ή

713 5383 810 5448 νὺξ
839 5379 1101 5433 καλύπτει
1131 5381 1284 5450 ήμῶν
1321 5379 1417 5442 τὰς
1463 5380 1697 5448 μορφάς,
1745 5377 1848 5430 κᾶν
1895 5380 2093 5439 πάντες
2143 5371 2293 5447 ὦμεν

714 5467 806 5519 ἐπὶ
835 5465 896 5516 τὸ
930 5461 1083 5524 αὑτὸ,
1116 5464 1207 5513 καὶ
1240 5463 1412 5526 οὐδεὶς
1451 5463 1542 5515 τὸν
1576 5463 1761 5532 ἓτερον
1800 5460 2085 5530 γνωρίζει⁹
2120 5460 2292 5522 οὑτως

713 5552 933 5622 ἔρχεται
979 5545 1207 5607 θάνατος
1253 5547 1344 5597 καὶ
1398 5547 1515 5600 λύει
1562 5547 1658 5609 τὰς
1708 5544 1943 5615 μορφάς,
1997 5544 2071 5607 ὼς
2119 5545 2293 5606 οὑδεὶς

712 5632 902 5687 οὑδένα
935 5629 1196 5700 γνωρίζῃ.
1235 5629 1488 5699 Παρέρχη
1517 5633 1774 5699 μνημεῖα.
1818 5629 1940 5680 Ἐάν
1975 5627 2086 5697 ἴδῃς
2123 5627 2293 5682 πολλά

715 5716 912 5786 κρανία
938 5717 994 5766 ἐν
1028 5715 1202 5782 τάφῳ,
1223 5707 1366 5774 οἶδας
1397 5712 1553 5764 τοῦτο
1579 5715 1750 5775 τίνος;
1790 5711 1928 5762 Ἀλλ’
1959 5712 1986 5762 ὁ
2027 5712 2294 5775 σκευάσας

715 5799 882 5854 οἶδενο
913 5801 940 5850 ὁ
978 5797 1144 5860 λύσας
1193 5796 1478 5849 ἐπίσταται
1527 5795 1689 5847 πόθεν
1732 5794 2001 5866 προῆλθον
2047 5790 2202 5847 αὗται
2237 5799 2290 5849 αἱ

720 5884 944 5956 μορφαί.
982 5883 1056 5937 Οὑ
1085 5882 1381 5954 θαυμάζεις
1411 5880 1545 5934 Θεοῦ
1581 5880 1973 5950 δημιουργίανς
2010 5881 2289 5934 Τοσούτων

2131 431 2498 490 SEVERIANI

3848 461 3952 515 454

2389 553 2614 626 μορφῶν
2646 554 2703 606 ὲν
2727 554 3019 618 τοσαύταις
3040 555 3263 626 μυριάσι
3293 552 3519 625 οὐδεμία
3536 553 3786 624 ὁμοιότης
3808 556 3824 610 ί
3858 555 3955 607 κάν

2383 642 2462 704 είς
2490 639 2559 692 τά
2586 639 2798 710 πέρατα
2827 639 2928 708 τῆς
2949 639 3275 710 οἰκουμένης
3303 639 3541 710 δράμης,
3563 638 3747 691 οὑδένα
3773 639 3956 709 ὅμοιον

2383 721 2658 791 εὑρίσκεις
2677 738 2690 750 ·
2724 720 2860 773 ἀλλὰ
2880 722 3033 772 καὶεί
3054 720 3242 790 εὑρῃς,
3262 719 3412 790 παρά
3434 721 3553 789 ῥῖνα
3573 717 3605 786 ἢ
3629 719 3752 787 παρ’
3767 718 3959 786 ὀφθαλ-

2385 806 2505 874 μὸν,
2545 806 2631 858 ἵνα
2663 807 2804 874 φανῇ
2838 804 2899 856 τὸ
2938 803 3108 869 ξένον.
3140 803 3358 872 Δίδυμοι
3397 803 3708 872 ἐξέρχονται
3729 804 3790 854 ἐκ
3829 804 3955 872 μιᾶς

2383 889 2612 952 κοιλίας,
2649 889 2743 942 καὶ
2767 889 3020 958 τέμνεται
3055 889 3087 956 ή
3121 887 3394 956 ὁμοιότης.

2455 979 2526 1036 ς’.
2567 967 2705 1024 Εἶτα
2727 971 2786 1034 ὃς
2815 971 2890 1041 μὴ
2916 971 3080 1031 οὑσας
3110 969 3379 1030 τοσαύτας
3411 966 3626 1038 μορφάς
3649 971 3954 1037 παρήγαγε,

2381 1055 2550 1119 λύσας
2601 1055 2906 1109 άνανεῶσαι
2958 1055 3018 1107 οὑ
3075 1053 3330 1118 δύναται;
3358 1053 3449 1120 Μὴ
3497 1051 3572 1114 ὡς
3618 1051 3956 1121 ταλαίπωρος

2381 1138 2666 1210 ἄνθρωπος
2704 1139 2896 1209 μέτρει
2927 1141 3038 1200 τοῖς
3087 1140 3198 1200 σοῖς
3229 1137 3505 1205 λογισμοῖς
3548 1133 3682 1188 Θεοῦ
3708 1136 3953 1204 δύναμιν.

2381 1224 2473 1294 Μὴ
2510 1222 2732 1292 νόμιζε,
2773 1224 2856 1275 ὅτι
2891 1221 3131 1274 τοσαῦτα
3159 1219 3380 1273 δύναται
3407 1221 3436 1272 6
3472 1219 3623 1282 Θεὸς,
3646 1219 3743 1271 ὅσα
3779 1219 3844 1271 σὺ
3872 1217 3955 1269 δύο

2381 1323 2540 1359 νασαι
2581 1305 2922 1374 λογίσασθαι.
2963 1306 3024 1358 El
3065 1305 3119 1357 δὲ
3151 1300 3388 1357 τοσαῦτα
3428 1301 3668 1365 δύναται,
3708 1302 3808 1354 ὃσα
3853 1299 3956 1368 ἐγὼ

2381 1391 2506 1453 νοῶ,
2543 1390 2728 1460 τολμῶ
2757 1391 2953 1451 είπεῖν,
2999 1386 3180 1458 πολλῷ
3210 1385 3401 1456 μικρὸς
3437 1386 3464 1437 6
3492 1383 3655 1446 Θεόςο
3691 1383 3957 1453 ἐμέτρησε

2381 1474 2490 1544 γάρ
2517 1471 2679 1526 αὑτὸν
2708 1474 2740 1542 ή
2783 1473 2891 1544 ἐμή
2930 1473 3157 1525 διάνοια.
3193 1471 3254 1522 El
3289 1470 3344 1522 δὲ
3379 1467 3692 1539 ὑπερϐαίνει
3721 1465 3955 1519 διάνοιαν

2382 1560 2477 1612 καὶ
2527 1559 2658 1626 νικᾷ
2709 1558 2990 1627 λογισμὸν,
3034 1555 3435 1625 ἀνεξιχνίαστος
3481 1554 3509 1605 6
3551 1553 3810 1621 ποιήσας,
3867 1549 3955 1604 καὶ

2382 1643 2744 1712 ἀκατάληπτα
2786 1642 2854 1694 τά
2904 1640 3062 1710 ἔργα.
3108 1637 3535 1709 Ἐρωτάσθωσαν
3563 1634 3825 1707 αίρετικοὶ
3854 1633 3955 1687 ἀπὸ

2381 1727 2488 1780 τῶν
2537 1725 2905 1796 φαινομένων,
2942 1726 3027 1776 ῖνα
3059 1722 3304 1792 μάθωσιν
3349 1719 3556 1774 ἑαυτῶν
3582 1720 3676 1789 τήν
3703 1717 3951 1789 ἀπορίαν.

2394 1809 2612 1880 Ἐπειδὴ
2670 1805 2821 1861 εἶπεν
2854 1809 2882 1860 6
2913 1806 3080 1870 Θεός·
3128 1804 3448 1871 Γενηθήτω
3493 1801 3812 1869 στερέωμαο
3866 1801 3953 1853 καὶ

2382 1892 2583 1955 εὑθέως
2624 1893 2652 1943 6
2694 1891 2850 1958 λόγος
2893 1889 3207 1960 εἰργάσατο,
3235 1886 3527 1940 κατέλιπεν
3558 1887 3684 1955 ήμῖν
3707 1883 3951 1952 ἐνέχυρον

2380 1977 2559 2039 τοῦτο,
2590 1977 2672 2029 ὃτι
2708 1975 2870 2038 αὑτὸς
2905 1975 3180 2044 ἐποίησεν.
3205 1972 3452 2041 Σήμερον
3478 1966 3950 2037 καταλιμπάνομεν

2380 2059 2471 2110 τὸν
2501 2058 2729 2129 οὑρανὸν
2763 2058 2969 2128 γυμνὸν
3004 2057 3112 2108 ἀπὸ
3146 2055 3405 2124 ἑσπέρας,
3451 2053 3541 2105 καὶ
3571 2051 3760 2121 ἀθρόον
3803 2051 3951 2117 ἐγερ-

2383 2142 2588 2204 θέντες,
2625 2141 2955 2211 εὑρίσκομεν
2985 2139 3114 2194 ἄλλο
3142 2137 3429 2208 στερέωμα
3450 2134 3560 2189 άπὸ
3588 2134 3694 2187 τῶν
3726 2133 3952 2201 νεφελῶν

2383 2226 2576 2294 παγέν.
2607 2224 2827 2294 Μερικά
2859 2222 3010 2294 1862]
3041 2222 3272 2292 ἐνέχυρά
3293 2221 3410 2272 ἐστι
3434 2218 3543 2272 τῶν
3570 2216 3813 2288 πρώτων,
3833 2217 3950 2269 ὅταν

2387 2309 2501 2378 (an;
2531 2308 2622 2360 τὸν
2666 2307 2898 2376 οὑρανδν
2937 2305 3358 2374 ἐσκοτασμένον,
3393 2302 3489 2355 καὶ
3527 2301 3654 2356 ἄλλο
3682 2299 3952 2370 στερέωμα

2384 2393 2448 2443 ἐκ
2476 2391 2582 2443 τῶν
2613 2390 2852 2459 νεφελῶν
2878 2403 2925 2444 ει.
2974 2391 3031 2442 '0
3062 2388 3156 2442 νῦν
3193 2386 3472 2456 συντόμως
3502 2385 3668 2438 ποιῶν
3714 2383 3948 2450 νεφέλας,

2383 2473 2624 2526 δείκνυσι
2661 2472 2777 2534 πῶς
2816 2473 2937 2525 τότε
2986 2471 3265 2540 συντόμως
3307 2468 3399 2522 τὸν
3446 2467 3673 2540 οὑρανδν
3718 2467 3948 2536 ἐποίησε.

2386 2559 2494 2610 Καὶ
2521 2558 2575 2610 τί
2603 2561 2786 2621 ποιεῖ;
2829 2558 2945 2619 πῶς
2987 2557 3042 2610 αἱ
3071 2555 3290 2624 νεφέλαι
3335 2554 3655 2625 βρέχουσιν;
3714 2551 3949 2620 Ἐποίησε

2385 2640 2484 2703 τὰς
2513 2641 2744 2709 νεφέλας
2773 2641 2847 2702 ὡς
2873 2639 3098 2702 ἀσκοὺς,
3133 2641 3229 2692 καὶ
3267 2639 3448 2691 ἀντλεῖ
3473 2637 3540 2690 δι’
3573 2636 3746 2689 αὑτῶν
3769 2636 3834 2688 τὰ
3862 2635 3950 2703 τῆς

2389 2722 2664 2792 θαλάσσης
2688 2723 2876 2785 ὑδατα,
2910 2721 3131 2792 ἁλμυρά
3164 2723 3313 2783 ὄντα,
3351 2721 3442 2774 καὶ
3468 2719 3664 2790 πληροῖ
3690 2718 3783 2781 16;
3805 2717 3950 2784 νεφέ-

2386 2806 2501 2868 λας,
2557 2809 2648 2859 καὶ
2683 2807 3007 2876 μεταϐάλλει
3041 2806 3102 2857 τὸ
3151 2805 3312 2874 ὑξωρ,
3348 2804 3441 2856 καὶ
3477 2802 3680 2867 ποτίζει
3713 2802 3807 2873 τήν
3836 2801 3946 2871 γῆν.

2388 2889 2713 2942 Εἱπάτωσαν
2743 2889 2860 2951 πῶς
2895 2889 3227 2956 ἀναφέρεται
3258 2887 3317 2939 τὸ
3344 2885 3508 2956 βάρος
3540 2889 3617 2949 εἰς
3657 2885 3804 2954 ὕψος,
3845 2882 3949 2945 πῶς

2389 2972 2679 3031 άντλεῖται..
2723 2972 2837 3034 πῶς
2866 2974 2920 3024 al
2965 2972 3183 3038 νεφέλαι
3232 2969 3566 3023 άντλοῦνται.
3615 2969 3725 3021 Οὑκ
3764 2966 3948 3027 εὐθέως

2389 3055 2659 3119 κενοῦσιν,
2686 3055 2821 3108 άλλά
2847 3056 3131 3126 τρέχουσιν
3157 3053 3406 3112 ἐπιπολὺ.
3430 3055 3563 3106 ὅπου
3592 3053 3657 3106 ἂν
3681 3051 3900 3122 κελεύσῃ
3924 3050 3949 3101 6

2388 3139 2686 3204 Δεσπότης,
2733 3139 2826 3191 καὶ
2867 3139 2982 3192 ἔστι
3020 3140 3079 3191 τὸ
3113 3138 3439 3209 πρόσταγμα
3471 3135 3565 3190 τοῦ
3609 3134 3738 3188 Θεοῦ
3777 3134 3948 3202 ῶσπερ

2387 3223 2588 3292 δεσμὸς
2617 3224 2966 3290 ἐπικείμενος
2997 3225 3114 3285 ταῖς
3149 3221 3418 3291 νεφέλαις,
3451 3221 3544 3273 καὶ
3568 3219 3642 3290 μὴ
3673 3214 3948 3287 συγχωρῶν

2391 3304 2622 3375 βρέχειν.
2658 3305 2763 3364 ἕως
2798 3305 2863 3358 ἂν
2895 3307 3080 3377 νεύσῃ.
3117 3306 3238 3357 Ὀτι
3263 3304 3318 3356 δὲ
3356 3304 3514 3356 άσκοί
3544 3305 3670 3363 εἰσι,
3704 3297 3947 3368 μαρτυρεῖ

2388 3389 2580 3441 Δαυῖδ·
2648 3389 2709 3440 '0
2763 3388 3075 3455 συνάγων,
3123 3388 3307 3456 φησὶν,
3357 3386 3498 3439 ὡσεί
3538 3384 3732 3438 ἀσκὸν
3777 3382 3946 3435 ὕδατα

2391 3471 2726 3535 θαλάσσης.
2762 3472 2870 3522 Καὶ
2893 3471 2991 3539 ὅρα
3010 3471 3069 3521 τὸ
3087 3469 3420 3540 θαυμαστόν·
3455 3466 3759 3534 Συνάγειτά
3777 3465 3944 3523 ὕδατα,

2389 3555 2663 3607 ἐπίκειται
2693 3555 2725 3623 ἡ
2758 3556 2878 3622 χεὶρ
2910 3556 2942 3622 ή
2971 3553 3258 3614 ἀθάνατος,
3301 3554 3332 3622 ή
3368 3554 3619 3622 ἀόρατος,
3653 3552 3724 3621 μὴ
3756 3566 3945 3616 συγχωο

2394 3639 2561 3709 ροῦσα
2601 3638 2736 3706 όμοὺ
2784 3637 3108 3706 κενωθῆναι,
3154 3637 3288 3688 άλλά
3335 3635 3478 3688 κατὰ
3520 3635 3702 3706 μέρος.
3757 3632 3947 3698 Ὠσπερ

2393 3723 2636 3790 στήμονα
2667 3721 2861 3773 λεπτὸν
2893 3722 3028 3791 γυνὴ
3059 3721 3377 3789 διανήσασα,
3413 3720 3602 3789 τέμνει
3631 3719 3692 3771 τὸ
3724 3715 3858 3788 ἔριον
3877 3716 3945 3775 εἰς

2391 3804 2591 3867 πολλάς
2621 3803 2714 3855 καὶ
2737 3803 3029 3873 διαφόρους
3057 3802 3237 3871 ὄψεις·
3271 3801 3413 3854 οὑτω
3439 3803 3529 3854 τὸν
3559 3801 3780 3870 ἄπειρον
3805 3797 3946 3868 βυθὲν

2390 3889 2488 3956 τῆς
2519 3885 2796 3954 θαλάσσης
2829 3887 2908 3948 είς
2940 3892 3206 3954 σταγόνας
3235 3885 3423 3954 ῶσπερ
3469 3885 3704 3955 σχήματι
3741 3881 3769 3922 δ
3798 3895 3945 3934 καταο

2389 3972 2627 4041 τέμνων,
2679 3969 2819 4022 οὑτω
2852 3970 3057 4039 πέμπει
3103 3973 3168 4041 τῇ
3205 3973 3296 4040 γῇ.
3344 3968 3504 4022 Ἀλλὰ
3536 3970 3596 4022 τὸ
3637 3967 3943 4036 θαυμαστὸν,

2391 4056 2438 4106 εί
2489 4053 2731 4116 λέλυται,
2778 4053 2894 4115 πῶς
2933 4055 2994 4105 οὑ
3033 4053 3310 4122 συντόμως
3340 4052 3628 4117 κενοῦται;
3656 4052 3701 4103 εί
3735 4049 3942 4104 δέδεται.

2389 4136 2528 4190 διατί
2561 4137 2674 4207 ρέει
2698 4153 2710 4198 ;
2741 4135 2924 4204 Ἐχεις
2949 4136 3250 4206 ὑπόδειγμα
3273 4135 3493 4198 ἀσθενὲς
3532 4134 3650 4204 μὲν,
3677 4133 3945 4200 δυνάμενον

2389 4221 2445 4274 δέ
2475 4239 2533 4274 σε
2568 4225 2770 4277 πεῖσαι.
2804 4216 2957 4284 Εἶδες
2990 4220 3243 4290 άρπαγέα
3280 4219 3523 4283 ὑδάτων;
3554 4213 3691 4280 εἶδες
3725 4215 3836 4278 πῶς
3862 4230 3944 4266 κα·

2391 4307 2721 4377 τατέτρηται
2766 4304 3009 4357 κάτωθεν
3037 4322 3051 4364 ;
3093 4303 3468 4371 Ἐπικείμειος
3515 4299 3625 4370 ἔχει
3651 4299 3744 4370 τὴν
3773 4298 3942 4368 φοράν,

2392 4390 2487 4441 καὶ
2522 4390 2820 4458 φράττεται
2849 4387 2996 4440 κάτω
3027 4385 3113 4438 διὰ
3142 4385 3202 4437 τὸ
3232 4383 3438 4437 άνωθεν
3468 4382 3821 4452 ἐπικείμενον.
3856 4377 3943 4430 υὺ·

2391 4488 2498 4532 τως
2537 4474 2564 4522 6
2610 4470 2875 4531 ἀθάνατος
2923 4467 3186 4529 δάκτυλος
3232 4465 3326 4519 τοῦ
3370 4464 3501 4519 Θεοῦ
3540 4466 3805 4518 ἐπίκειται
3841 4462 3943 4522 ταῖς

2393 4551 2663 4620 νεφέλαις,
2701 4553 2795 4603 καὶ
2842 4551 2981 4620 χαλᾷ
3035 4552 3158 4602 ὅσον
3194 4547 3463 4619 βούλεται,
3515 4550 3608 4602 καὶ
3649 4551 3799 4620 τηρεῖ
3838 4547 3941 4599 ὅσον

2396 4635 2662 4705 βούλεται,
2697 4635 2782 4687 ῖνα
2826 4633 2967 4686 κατά
2999 4633 3180 4702 πάσης
3209 4632 3308 4702 τῆς
3344 4632 3448 4702 γῆς
3478 4632 3818 4704 παραπέμπῃ
3857 4628 3942 4697 τὴν

2392 4719 2618 4789 δωρεάν.
2666 4718 2775 4769 Kal
2827 4716 3060 4786 μάλιστα
3107 4715 3262 4768 τοῦτο
3313 4717 3456 4768 ποιεῖ
3489 4715 3545 4768 ἐν
3595 4719 3705 4780 τοῖς
3752 4713 3940 4783 ὀψίμοις

2393 4800 2640 4870 ὄμϐροις,
2669 4800 2758 4852 ὅτε
2783 4803 2962 4852 πᾶσαν
2997 4797 3257 4868 μεθύσκει
3279 4799 3380 4869 τὴν
3402 4800 3504 4868 γῆν
3529 4816 3542 4830 ·
3573 4800 3660 4852 ὅτε
3707 4797 3827 4852 ποτέ
3859 4794 3940 4864 μὲν

2393 4883 2570 4947 τοῦτο,
2604 4884 2730 4935 ποτὲ
2756 4882 2812 4935 δὲ
2834 4882 2962 4935 ἄλλο
2997 4882 3166 4952 κλίμα
3191 4881 3421 4945 ποτίζει.
3456 4883 3552 4934 Διά
3585 4881 3734 4934 τοῦτο
3767 4875 3941 4947 λέγιιὸ

2395 4970 2700 5038 προφήτηςο
2718 4967 2826 5020 Καὶ
2856 4967 3170 5031 ,ϐρέξειέπί
3197 4966 3377 5018 πόλιν
3395 4967 3560 5033 μίαν,
3586 4966 3680 5018 ἐπί
3707 4963 3771 5017 δὲ
3785 4962 3940 5016 πόλιν

2390 5055 2538 5119 μίαν
2559 5054 2628 5105 οὺ
2651 5049 2877 5116 βρέξει.
2898 5053 3075 5116 Μερὶς
3101 5049 3210 5117 μία
3238 5047 3636 5115 βραχήσεται,
3668 5043 3936 5115 καὶμερίςς

2395 5134 2584 5204 ἐρ’ἣν
2609 5137 2679 5187 οὐ
2717 5135 2944 5201 βρέξει,
2987 5132 3448 5199 ξηρανθιξσεται.
3500 5131 3787 5184 Ἑπίκειται
3811 5128 3858 5181 δὲ
3889 5121 3938 5174 οὐ

2395 5219 2652 5280 δάκτυλος
2691 5217 2850 5280 Θεοῦ,
2900 5217 3035 5269 ἀλλὰ
3071 5215 3228 5286 στολή
3269 5227 3314 5268 ε.
3368 5214 3735 5285 Ἑσχημάτισα
3774 5212 3824 5265 δὲ
3866 5205 3939 5258 τὸν

2397 5305 2552 5371 λόγον
2575 5304 2653 5364 εἰς
2688 5300 2856 5353 τύπον
2891 5300 3178 5370 ἡμέτερον.
3227 5299 3579 5362 Ἐντέλλεται,
3622 5301 3710 5352 καὶ
3747 5297 3800 5349 οὑ
3837 5288 3938 5360 βρέ-

2397 5403 2572 5457 χουσι.
2617 5386 2724 5438 Καὶ
2758 5384 2914 5436 τοῦτο
2967 5384 3112 5452 λέγει
3157 5381 3445 5455 ήΓραφή·
3502 5381 3633 5447 Ταῖς
3669 5377 3935 5447 νεφέλαις,

2459 5512 2484 5540 ⁸
2515 5510 2648 5566 Hec,
2671 5509 2837 5571 μερικά
2860 5521 3014 5568 usque
3040 5507 3098 5556 ad
3125 5508 3343 5571 νεφελῶν,
3373 5507 3551 5556 desunt
3583 5509 3629 5555 in
3653 5505 3760 5552 ειν.
3921 5554 3931 5568 ,

2457 5572 2486 5612 δ
2510 5571 2592 5619 Sic
2625 5586 2739 5618 mss.
2767 5573 2876 5618 Sav.
2928 5571 2977 5617 in
3002 5582 3151 5629 marg.
3177 5570 3306 5628 conj.
3344 5570 3468 5629 νῆμά
3492 5584 3554 5616 τι.
3580 5558 3935 5629 Εοωδςείκχιῖψα

2394 5652 2436 5683 τι
2459 5634 2639 5696 posui}.
2685 5635 2735 5679 Si
2762 5632 3042 5696 mulandpm
3068 5621 3150 5696 δίῖ,
3179 5621 3306 5680 ωειίὸ
3345 5621 3494 5696 δὲνῑι.
3539 5628 3697 5696 aequi.
3725 5621 3840 5674 latri
3868 5621 3937 5679 6p-

2393 5691 2563 5756 παγέα.
2582 5694 2703 5741 forte
2725 5695 2931 5756 ἅρπαγα.
2959 5693 3141 5756 δειλίη
3166 5705 3317 5755 marg.
3346 5709 3419 5754 γρ.
3441 5691 3664 5756 άρπάγια.

2459 5706 2563 5756 για,
2582 5706 2703 5741 Ione
2725 5706 2931 5756 αρπαγα.
2959 5706 3067 5741 δαν.
3095 5708 3141 5741 ιιι
3166 5706 3317 5755 marg.
3346 5709 3419 5754 γρ.
3441 5706 3664 5799 αρπαγια.

2459 5761 2479 5787 ε
2509 5757 2692 5803 Omnes
2734 5770 2850 5804 mss.
2876 5758 3042 5812 στολή,
3068 5755 3178 5803 Sav.
3205 5757 3254 5804 ίιι
3279 5766 3429 5815 marg.
3456 5767 3582 5815 _aw;
3609 5750 3785 5815 ἐντολή,
3819 5744 3930 5815 9919-

2393 5819 2493 5931 ίέρί.
2521 5818 2701 5888 ἐντολή.
2731 5819 2826 5867 Sed
2849 5821 2994 5874 στολή
3014 5805 3156 5866 ἐισι-ο
3182 5821 3362 5878 potest.
3382 5805 3516 5864 Infra
3541 5818 3652 5872 post
3687 5805 3930 5875 imam

2435 5895 2512 5931 av.
2545 5894 2650 5931 γαρ.

2435 5895 2489 5931 av
2500 5918 2512 5929 .
2545 5894 2650 5941 γαρ.
