4102 6532
222 556 332 611 453

225 655 540 711 Currentem
582 648 649 706 ad
692 646 970 704 meridiem
993 687 1009 711 ,
1039 651 1095 698 ut
1123 642 1340 697 boream
1383 638 1803 695 circumeuntem

226 746 329 818 iam
360 745 508 800 disce
538 742 590 797 in
622 741 815 796 hiemis
862 743 1177 806 tempestate
1206 750 1218 786 :
1248 732 1371 802 quia
1415 744 1521 783 non
1560 743 1591 781 a
1631 726 1810 781 medio

229 840 435 895 oriente
470 837 640 893 oritur
659 877 675 899 ,
708 833 799 889 sed
824 834 965 889 circa
1011 829 1177 884 austri
1208 829 1345 881 latus
1375 825 1585 892 oblique
1616 820 1805 892 pergit,

228 932 582 1001 exiguumque
614 924 949 982 intervallum
981 935 1191 983 secans,
1228 918 1443 972 brevem
1471 914 1612 969 diem
1645 912 1806 975 facit;

224 1038 347 1076 cum
374 1020 570 1076 occidit
598 1028 774 1072 autem
803 1024 856 1070 et
883 1028 1069 1069 rursus
1094 1010 1352 1067 circulum
1383 1004 1621 1061 decurrit
1647 1044 1663 1070 ,
1690 1003 1808 1057 lon-

227 1127 346 1180 gam
376 1119 585 1165 noctem
618 1108 762 1162 facit.
788 1106 1034 1170 Scimus,
1078 1101 1274 1155 fratres
1294 1139 1309 1163 ,
1339 1097 1508 1154 solem
1560 1110 1664 1148 non
1690 1108 1808 1147 om-

223 1204 357 1257 nino
382 1200 450 1255 ab
478 1200 666 1255 eodem
697 1205 893 1269 puncto
920 1194 1189 1266 progredi.
1222 1189 1500 1261 Quomodo
1537 1201 1663 1257 ergo
1686 1188 1809 1241 bre-

228 1309 320 1347 ves
352 1294 483 1347 fiunt
510 1291 668 1346 dies?
695 1287 915 1344 Accedit
934 1289 1051 1356 ejus
1075 1294 1227 1340 ortus
1253 1282 1319 1337 ad
1354 1284 1489 1336 latus
1519 1278 1759 1334 meridiei
1793 1294 1807 1331 :

228 1382 420 1437 deinde
440 1395 547 1436 non
576 1381 737 1434 altam
766 1388 954 1433 tenens
979 1419 994 1443 ,
1022 1375 1114 1430 sed
1144 1374 1415 1444 obliquam
1446 1370 1593 1425 brevi
1622 1381 1812 1423 secans

227 1474 364 1525 viam
383 1513 397 1536 ,
425 1472 614 1526 breves
634 1469 798 1525 eflicit
823 1477 1025 1523 noctes.
1052 1466 1315 1521 Occidens
1336 1470 1510 1517 autem
1533 1462 1584 1515 in
1602 1472 1812 1514 summo

226 1561 539 1625 occidentis,
567 1558 871 1614 necessario
900 1558 1088 1611 circuit
1116 1570 1210 1625 per
1234 1564 1445 1608 noctem
1476 1558 1645 1606 totum
1671 1548 1813 1603 occi-

226 1651 440 1708 dentem
472 1659 525 1704 et
551 1659 718 1703 totum
746 1648 992 1709 boream,
1019 1657 1292 1715 totumque
1320 1644 1580 1699 orientem
1602 1682 1619 1708 ,
1650 1651 1811 1711 atque

228 1743 296 1796 ad
321 1741 561 1797 meridiei
583 1755 852 1795 summum
891 1738 1076 1802 venit;
1105 1751 1170 1792 ac
1212 1750 1433 1791 necesse
1458 1744 1539 1789 est
1566 1747 1811 1802 magnam

225 1848 345 1889 esse
371 1844 602 1887 noctem.
632 1831 858 1899 Quando
896 1838 1074 1883 autem
1119 1828 1378 1898 aequalem
1427 1825 1811 1896 longitudinem

226 1936 279 1980 et
310 1924 570 1994 :rqualem
616 1937 830 1977 cursum
873 1920 1065 1985 habet,
1098 1929 1223 1975 tunc
1251 1918 1629 1988 aequinoctium
1662 1916 1807 1970 facit.

227 2015 433 2069 Rursus
453 2014 517 2068 ad
536 2014 752 2068 boream
776 2012 1050 2067 declinans
1070 2011 1213 2066 velut
1232 2011 1405 2065 hieme
1425 2009 1490 2064 ad
1513 2007 1811 2073 meridiem,

226 2117 272 2159 ct
295 2105 359 2159 ad
385 2105 557 2159 boreae
575 2119 783 2159 summa
805 2103 1098 2158 ascendens
1113 2102 1396 2167 exaltatur,
1426 2112 1478 2156 et
1499 2101 1711 2170 longum
1729 2099 1813 2155 ef-

229 2198 333 2252 ficit
354 2197 495 2253 diem
520 2215 533 2250 :
562 2198 777 2253 brevem
808 2207 984 2252 autem
1011 2195 1266 2251 circulum
1288 2192 1683 2248 decurrendum
1718 2192 1807 2245 ha-

227 2292 380 2355 bens,
399 2291 611 2345 brevem
627 2289 786 2345 efﬁcit
803 2296 1033 2343 noctem.
1049 2286 1163 2341 Non
1184 2286 1295 2341 haec
1311 2283 1482 2341 Graeci
1501 2299 1595 2337 nos
1612 2283 1812 2337 docue-

229 2393 391 2437 runt:
419 2396 589 2452 neque
632 2381 775 2437 enim
820 2382 920 2435 hoc
948 2379 1154 2444 volunt;
1183 2376 1275 2433 sed
1317 2376 1415 2431 sub
1444 2385 1583 2429 terra
1629 2374 1812 2428 dicunt

227 2488 371 2531 astra
410 2490 625 2531 currere
668 2483 825 2545 atque
872 2472 1062 2527 solem.
1110 2470 1381 2537 Scriptum
1427 2482 1558 2523 vero
1586 2475 1806 2532 n0stra,

229 2568 407 2622 divina
434 2567 690 2637 magistra
715 2566 1012 2635 Scriptura,
1047 2578 1143 2616 nos
1170 2561 1348 2616 erudit
1367 2600 1382 2623 .
1416 2560 1808 2628 illuminatque.

230 2659 433 2714 Deinde
462 2658 585 2714 fecit
612 2658 802 2722 solem,
833 2673 936 2712 non
962 2655 1217 2710 deficiens
1262 2653 1523 2708 luminare
1549 2668 1563 2717 ;
1602 2652 1806 2719 lunam,

228 2767 344 2820 qua:
392 2750 640 2805 decorem
668 2750 813 2805 exuit
842 2758 896 2803 et
926 2762 1141 2801 rursum
1172 2746 1361 2800 induit.
1406 2745 1587 2799 Prodit
1628 2745 1811 2799 Artifi-

228 2858 343 2896 cem
393 2857 545 2910 opus.
599 2841 899 2911 Numquam
948 2838 1127 2895 deficit
1172 2837 1410 2902 Artifex;
1438 2847 1696 2891 aeternum
1727 2846 1811 2891 est

228 2948 387 3003 opus.
428 2932 611 3003 Neque
658 2932 798 2986 luna:
830 2932 919 2985 lux
964 2930 1297 2993 absumitur,
1345 2928 1436 2983 scd
1467 2928 1751 2983 occultatur
1794 2946 1809 2983 :

228 3035 418 3094 estque
450 3033 691 3078 nostrum
724 3022 1028 3077 mortalium
1071 3020 1345 3074 hominum
1389 3020 1583 3089 imago.
1622 3018 1807 3086 Cogita

233 3132 339 3186 quo
360 3117 677 3171 smculorum
709 3115 879 3184 spatio
907 3123 1021 3168 orta
1063 3114 1151 3167 sit.
1176 3111 1242 3166 Et
1268 3112 1313 3165 si
1342 3112 1510 3181 prima
1535 3112 1641 3175 sit,
1674 3110 1807 3164 diei-

227 3222 346 3262 mus
376 3220 391 3261 :
427 3206 574 3261 Luna
602 3204 761 3260 hodie
807 3204 1059 3259 nascitur.
1102 3202 1322 3270 Quare?
1347 3203 1480 3268 Quia
1514 3202 1689 3270 imago
1719 3208 1804 3255 est

226 3310 533 3353 nostrorum
585 3312 890 3367 corporum.
933 3296 1208 3360 Nascitur,
1241 3295 1467 3358 crescit,
1518 3294 1803 3362 impletur,

225 3390 528 3455 decrescit,
561 3390 835 3454 minuitur,
865 3387 1059 3442 occidit
1087 3403 1102 3444 ξ
1137 3396 1191 3441 et
1238 3399 1336 3440 nos
1379 3384 1598 3455 perinde
1630 3383 1806 3439 nasci~

226 3497 365 3545 mur,
401 3482 728 3544 crescimus,
758 3479 824 3534 ad
876 3478 1259 3548 plenitudinem
1306 3477 1571 3541 venimus,
1596 3492 1805 3532 marce-

223 3575 445 3636 scimus,
475 3573 827 3637 declinamus,
853 3570 1286 3627 consenescimus
1305 3610 1320 3635 ,
1353 3569 1631 3633 morimur,
1661 3569 1806 3622 occi-

222 3664 418 3718 dimus.
468 3663 664 3719 Verum
709 3663 794 3717 illa
826 3676 1009 3718 rursus
1052 3662 1284 3716 nascitur
1314 3678 1327 3715 :
1358 3669 1414 3716 et
1458 3674 1556 3713 nos
1589 3659 1808 3729 perinde

222 3756 584 3810 resurrecturi
640 3768 857 3819 sumus,
888 3766 1092 3821 nosque
1137 3760 1318 3806 manet
1364 3750 1464 3803 alia
1514 3749 1804 3819 generatio.

222 3844 345 3899 Ideo
371 3845 627 3899 Servator
672 3853 730 3897 ut
778 3844 1024 3898 ostendat
1055 3857 1150 3896 nos
1175 3882 1190 3906 ,
1236 3840 1681 3911 quemadmodum
1722 3839 1809 3893 hic

222 3937 331 3989 nati
360 3949 573 3999 sumus,
608 3950 817 3989 rursum
848 3934 1148 3988 nascituros
1176 3947 1295 3987 esse
1321 3973 1333 3996 ,
1362 3933 1434 3984 ait
1467 3948 1479 3982 :
1513 3929 1639 3983 Cum
1665 3946 1810 3983 vene-

219 4026 283 4077 rit
315 4025 491 4079 Filius
535 4026 750 4078 hominis
792 4025 845 4077 in
887 4024 1260 4094 regeneratioue
1303 4020 1522 4093 (Matth.
1552 4021 1636 4077 l9.
1675 4021 1807 4090 28).

221 4118 517 4171 l‘ollicetur
561 4117 681 4169 luna
728 4119 1194 4170 resurrectionem.
1237 4113 1347 4179 Me,
1389 4112 1591 4182 inquit,
1620 4112 1809 4169 videtis

218 4208 519 4274 occultari,
544 4216 598 4263 et
623 4223 831 4261 rursum
861 4222 1138 4276 apparere,
1170 4217 1223 4261 et
1252 4222 1399 4275 spem
1429 4221 1643 4259 omnem
1670 4205 1807 4273 abji-

219 4302 383 4356 citis?
416 4302 611 4356 Nonne
641 4303 721 4355 sol
751 4302 801 4354 in
832 4302 999 4355 nostri
1036 4300 1258 4369 gratiam
1287 4299 1455 4354 factus
1483 4301 1601 4353 est?
1634 4315 1809 4354 nonne

218 4393 387 4448 luna?
415 4408 598 4447 nonne
623 4401 883 4447 creatura:
912 4389 1132 4445 omnes?
1168 4390 1303 4457 Quid
1333 4390 1474 4443 enim
1515 4390 1667 4442 nobis
1703 4405 1807 4443 non

219 4486 511 4553 pollicetur
546 4481 1036 4538 resurrectionem?
1073 4479 1261 4534 Nonne
1292 4480 1476 4533 mortis
1505 4479 1676 4548 imago
1704 4495 1811 4534 nox

216 4576 331 4631 est?
354 4576 609 4644 Projecta
638 4574 736 4629 sub
755 4572 990 4629 tenebris
1007 4586 1251 4642 corpora,
1278 4570 1475 4625 formas
1495 4585 1597 4623 non
1618 4570 1812 4625 discer-

216 4667 331 4721 nis?
377 4669 545 4735 Smpe
592 4681 749 4718 manu
799 4675 1100 4718 contreetas
1145 4663 1349 4717 vultum
1399 4663 1807 4727 dormientium,

218 4774 314 4814 nec
346 4759 495 4813 nosti
530 4772 771 4826 qnmnam
806 4756 922 4810 lure
966 4754 1131 4809 facies
1174 4757 1276 4821 sit,
1307 4771 1426 4825 qua:
1457 4754 1577 4819 illa;
1608 4755 1701 4809 sed
1734 4756 1817 4809 in-

217 4865 464 4922 terrogas
486 4892 501 4913 ,
534 4859 591 4902 ut
620 4864 725 4902 vox
770 4862 946 4918 prmco
989 4847 1058 4902 sit
1083 4861 1266 4901 eorum
1290 4887 1304 4909 ,
1356 4847 1444 4914 qui
1500 4847 1549 4899 in
1581 4846 1814 4900 tenebris

217 4942 583 4999 occultantur.
616 4937 1071 5005 Quemadmodum
1122 4937 1279 5008 igitur
1307 4951 1411 4990 nox
1461 4936 1660 4990 formas
1696 4937 1817 4989 abs-

218 5038 402 5093 condit
434 5042 652 5090 nostras
672 5072 688 5095 ,
733 5030 940 5087 etiamsi
968 5045 1157 5085 omnes
1205 5030 1363 5084 simul
1400 5029 1566 5083 simus
1586 5070 1600 5091 ,
1625 5044 1812 5083 nemo-

217 5143 319 5199 que
355 5128 595 5181 alterum
622 5124 892 5191 cognoscit
918 5138 931 5175 :
960 5123 1037 5177 sic
1066 5125 1212 5175 venit
1238 5137 1341 5175 nox
1362 5163 1377 5186 ,
1423 5130 1477 5175 et
1507 5120 1669 5174 solvit
1701 5120 1811 5173 for-

217 5237 329 5275 mas
348 5262 362 5286 ,
394 5229 455 5273 ut
479 5229 645 5271 nemo
672 5214 897 5268 alterum
924 5214 1147 5268 noverit.
1172 5213 1508 5267 Monumenta
1533 5213 1806 5283 pervadis;

220 5314 261 5367 si
287 5314 490 5367 multas
516 5307 703 5364 videas
723 5306 978 5359 calvarias
1009 5306 1061 5359 in
1095 5305 1338 5374 sepulcro
1360 5342 1375 5368 ,
1398 5305 1609 5355 nostine
1635 5304 1813 5372 cujus-

219 5419 336 5458 nam
369 5409 490 5458 haec
531 5399 641 5453 sit?
671 5399 736 5451 At
780 5398 930 5450 novit
981 5398 1067 5451 ille
1107 5396 1194 5465 qui
1224 5395 1419 5448 struxit
1449 5409 1462 5445 :
1499 5394 1587 5461 qui
1617 5395 1809 5460 Solvit,

219 5499 365 5552 novit
420 5493 573 5549 unde
630 5490 813 5545 forma:
870 5490 982 5543 istm
1035 5494 1427 5557 processerunt.
1475 5488 1663 5539 Annon
1715 5488 1815 5539 mi-

219 5590 353 5642 raris
406 5588 504 5642 Dei
562 5582 870 5653 opificium,
924 5580 1063 5649 quod
1114 5580 1165 5633 in
1215 5589 1293 5633 tot
1340 5576 1576 5632 millibus
1620 5578 1818 5631 forma-

220 5696 335 5734 rum
382 5678 537 5734 nulla
591 5674 801 5730 intersit
831 5672 1156 5727 similitudo?
1185 5672 1265 5724 vel
1305 5671 1347 5723 si
1382 5669 1448 5723 ad
1493 5668 1627 5723 lines
1672 5668 1817 5722 orbis

224 5785 513 5842 praperes,
579 5767 847 5820 neminem
902 5763 1053 5817 alteri
1108 5762 1333 5815 similem
1402 5761 1670 5828 reperies;
1723 5760 1817 5813 sed

222 5862 429 5917 etiarnsi
472 5859 768 5927 repereris,
796 5854 995 5923 aliquid
1021 5853 1122 5907 erit
1152 5853 1232 5905 vel
1258 5852 1311 5904 in
1340 5863 1469 5903 naso
1494 5850 1573 5903 vel
1603 5850 1653 5901 in
1687 5864 1818 5902 ocu-

224 5956 275 6013 lo
316 5948 690 6016 discriminis,
722 5956 779 6002 ut
827 5961 911 6003 res
959 5942 1217 6016 slUpcnda
1267 5950 1541 6011 appareat.
1589 5938 1813 5996 Gcmclli

1258 524 1343 580 DE
1382 519 1590 579 MUNDI
1628 519 2022 577 CREATIONB
2060 518 2316 576 ORATIO
2357 518 2442 575 ΙΙΙ.

3393 528 3503 584 454

1916 648 1982 689 ex
2026 648 2132 688 uno
2159 644 2355 689 exeunt
2398 643 2580 701 utero,
2613 644 2667 691 ct
2707 635 3056 692 similitudine
3099 635 3492 708 disgregantur.

1984 726 2038 780 6.
2074 726 2284 798 Ergone
2328 728 2418 798 qui
2448 737 2524 782 tot
2554 726 2756 783 formas
2779 770 2795 796 ,
2824 744 2945 784 cum
2996 745 3103 785 non
3127 739 3341 795 essent,
3367 746 3496 801 pro-

1914 819 2100 886 duxit,
2149 834 2269 874 cum
2322 819 2545 875 solverit
2590 835 2852 877 renovare
2897 837 3002 877 non
3048 823 3279 893 poterit?
3324 822 3402 879 Ne
3442 832 3499 879 ut

1914 926 2250 966 mrumnosus
2272 912 2432 966 homo
2461 912 2555 966 Dei
2586 914 2877 983 potentiam
2909 915 3013 969 tuis
3052 915 3346 970 ratiociniis
3382 931 3497 971 tne-

1917 1004 2083 1058 tiaris.
2115 1003 2192 1058 Nc
2218 1013 2372 1074 putes
2420 1004 2589 1060 Deum
2622 1014 2763 1060 tanta
2796 1006 2816 1077 (
2836 1006 3051 1079 solum)
3084 1023 3265 1078 posse,
3298 1018 3497 1079 quanta

1917 1103 1969 1149 tu
1996 1095 2232 1165 cogitare
2262 1095 2425 1150 vales.
2452 1095 2605 1162 Quod
2627 1096 2671 1151 si
2704 1106 2847 1152 tanta
2876 1098 3047 1152 solum
3075 1100 3272 1169 possit,
3300 1109 3497 1171 quanta

1915 1202 2016 1257 ego
2038 1188 2234 1257 cogito,
2263 1188 2431 1243 ausim
2455 1189 2657 1251 dicere.
2683 1188 2861 1260 Longe
2888 1193 3062 1246 minor
3082 1204 3163 1249 est
3193 1193 3353 1260 Deus;
3381 1210 3500 1251 me-

1916 1279 2045 1332 titur
2072 1279 2214 1334 enim
2252 1280 2399 1334 illum
2428 1282 2681 1351 cogitatio
2714 1298 2850 1337 mea.
2882 1283 3033 1349 Quod
3065 1284 3110 1339 si
3148 1296 3380 1342 mentem
3408 1302 3500 1342 su-

1917 1382 2100 1441 perat,
2128 1384 2181 1427 et
2212 1373 2545 1429 ratiocinium
2584 1376 2763 1440 vincit,
2794 1376 3152 1431 inscrntabilis
3194 1386 3275 1432 est
3303 1378 3501 1433 Condi«

1918 1470 2037 1528 tor,
2101 1473 2153 1516 et
2222 1462 2785 1533 incomprehensibilia
2846 1482 3031 1535 opera.
3100 1465 3500 1537 luterrogentur

1918 1551 2158 1607 hzeretici
2189 1569 2256 1608 ex
2285 1554 2349 1608 iis
2378 1570 2496 1621 qua:
2527 1557 2811 1625 conspicua
2842 1566 3001 1626 sunt,
3033 1568 3091 1613 ut
3111 1558 3319 1614 discant
3345 1576 3404 1615 ea
3432 1560 3502 1617 de

1916 1643 2109 1714 quibus
2133 1644 2458 1714 qumstiones
2493 1656 2725 1701 movent.
2745 1647 2878 1715 Quia
2904 1649 3038 1704 dixit
3068 1651 3228 1715 Deus,
3264 1650 3382 1705 Fiat
3409 1653 3505 1721 fir-

1918 1746 2260 1802 mamentum,
2305 1747 2360 1792 et
2400 1739 2579 1793 statim
2620 1740 2845 1796 verbum
2878 1740 3005 1797 illud
3046 1742 3256 1809 clfeeit,
3285 1745 3502 1815 reliquit

1918 1828 2073 1883 nobis
2094 1828 2195 1884 hoc
2226 1830 2418 1900 pignus
2443 1830 2583 1901 quod
2612 1831 2726 1903 ipse
2750 1832 2958 1887 fecerit.
2990 1833 3161 1889 Hodie
3190 1836 3380 1891 ctelum
3408 1853 3500 1893 re-

1921 1920 2208 1989 linquimus
2249 1921 2448 1976 nudum
2479 1937 2508 1975 a
2536 1938 2783 1992 vestiera,
2813 1939 2877 1978 ac
2923 1934 3146 1995 repente
3181 1937 3496 1997 surgentes,

1919 2010 2221 2065 invenimus
2276 2011 2419 2066 aliud
2465 2011 2856 2068 firmamentum
2903 2014 2954 2067 in
3001 2015 3228 2070 nubibus
3279 2031 3499 2074 concre-

1919 2108 2050 2153 tum.
2079 2098 2153 2171 (a)
2177 2098 2199 2172 [
2222 2101 2312 2155 llce
2333 2102 2450 2156 alia:
2476 2103 2753 2172 pignorum
2779 2117 2951 2173 partes
2982 2114 3105 2160 sunt
3136 2117 3253 2175 post
3278 2109 3498 2176 primas,

1917 2204 2040 2244 eum
2071 2190 2266 2245 videris
2295 2193 2485 2247 crclum
2513 2193 2881 2262 caliginosum,
2914 2194 3163 2264 aliudque
3192 2196 3501 2253 firmamen-

1918 2290 2029 2337 tum
2074 2298 2138 2337 ex
2187 2283 2490 2358 nubibus.]
2536 2284 2635 2353 Qui
2675 2301 2817 2341 nunc
2846 2287 2994 2342 brevi
3026 2289 3307 2345 intervallo
3334 2291 3503 2348 nubes

1918 2382 2093 2441 creat,
2139 2376 2372 2430 ostendit
2401 2378 2668 2446 quomodo
2713 2388 2839 2434 tunc
2870 2395 2978 2433 uno
3005 2391 3278 2438 momento
3307 2386 3498 2441 caelum

1918 2467 2236 2524 condiderit.
2296 2470 2359 2523 Et
2394 2470 2520 2540 quid
2564 2470 2719 2527 facit?
2764 2473 3033 2541 quomodo
3073 2475 3244 2531 nubes
3294 2477 3499 2546 pluvias

1919 2560 2207 2615 emittunt?
2228 2561 2377 2615 Fecit
2406 2563 2574 2617 nubes
2596 2564 2733 2619 sicut
2760 2575 2929 2629 utres,
2965 2580 3164 2636 perque
3186 2568 3304 2622 illas
3327 2569 3501 2626 haurit

1919 2668 2083 2723 aquas
2130 2655 2331 2718 maris,
2378 2670 2497 2724 quae
2540 2655 2695 2709 salsa:
2738 2666 2897 2720 sunt,
2948 2657 3238 2729 impletque
3280 2661 3497 2717 nubes:

1918 2755 2087 2801 mutat
2118 2761 2307 2817 aquam
2328 2787 2340 2809 ,
2371 2755 2425 2801 et
2451 2747 2584 2816 rigat
2617 2758 2831 2802 terram.
2868 2749 3051 2802 Dicant
3080 2752 3347 2820 quoumdo
3372 2753 3501 2809 effe.

1917 2847 2069 2893 ratur
2097 2838 2148 2891 in
2176 2839 2401 2893 sublime
2445 2838 2495 2892 id
2534 2838 2672 2908 quod
2716 2854 2876 2907 grave
2904 2848 3023 2903 est;
3067 2842 3335 2911 quomodo
3361 2842 3496 2899 hau-

1917 2932 2119 2994 riatur;
2152 2930 2423 3000 quomodo
2452 2931 2620 2985 nubes
2670 2929 2937 2984 hauriant.
2987 2930 3103 2986 Non
3158 2936 3337 2987 statim
3366 2951 3497 2990 eva-

1917 3032 2161 3086 cuantur,
2196 3022 2289 3077 sed
2334 3022 2487 3092 longe
2530 3030 2784 3081 currunt,
2807 3036 2914 3091 quo
2935 3022 3153 3089 jusserit
3200 3023 3456 3079 Dominus
3479 3066 3496 3092 ,

1917 3126 2105 3185 estque
2151 3114 2457 3168 mandatum
2516 3113 2607 3167 Dei
2656 3113 2805 3183 quasi
2860 3113 3133 3167 vinculum
3189 3114 3496 3183 impositum

1916 3206 2147 3261 nubibus
2166 3246 2179 3270 ,
2208 3204 2348 3276 quod
2382 3220 2486 3258 non
2530 3204 2656 3257 sinit
2683 3218 2775 3257 eas
2806 3203 2985 3271 pluere
3011 3245 3024 3265 ,
3056 3203 3229 3258 donec
3258 3205 3374 3275 ipse
3396 3221 3497 3261 an-

1920 3297 2118 3352 nuerit.
2150 3296 2301 3364 Quod
2352 3304 2529 3349 autem
2578 3303 2724 3348 utres
2772 3294 2880 3347 sint
2925 3293 3235 3348 testificatur
3291 3295 3497 3352 David:

1923 3388 2267 3460 Congregans,
2296 3389 2485 3458 inquit,
2517 3386 2642 3441 sicut
2669 3394 2827 3439 utrem
2855 3402 3014 3455 aquas
3035 3387 3189 3440 maris
3211 3384 3379 3460 (Ρωι.
3404 3389 3495 3445 52.

1921 3482 1992 3549 7).
2026 3476 2094 3533 Ει
2118 3479 2240 3533 vide
2269 3493 2381 3533 rem
2429 3477 2640 3531 miram.
2669 3475 2967 3546 Congregat
3010 3492 3207 3546 aquas,
3237 3478 3499 3537 incumbit

1918 3586 2107 3626 manus
2131 3569 2468 3635 immortalis,
2496 3568 2772 3622 invisibilis
2795 3608 2810 3628 ,
2842 3582 2947 3622 non
2970 3567 3152 3622 siucns
3172 3570 3351 3624 statim
3372 3586 3496 3626 eva-

1915 3663 2089 3728 cuari,
2122 3662 2214 3716 sed
2244 3678 2337 3731 per
2360 3668 2559 3732 partes.
2583 3659 2651 3715 Ut
2680 3658 2871 3714 mulier
2890 3660 3083 3715 subtile
3102 3671 3307 3717 stamen
3338 3680 3490 3729 nens,

1917 3755 2089 3808 lanam
2120 3753 2362 3822 dispertit
2388 3754 2438 3806 in
2466 3753 2627 3806 multa
2656 3750 2971 3821 diversaque
3001 3751 3089 3805 fila
3123 3770 3137 3807 :
3169 3754 3245 3807 sic
3273 3755 3503 3811 immen-

1915 3862 2029 3899 sam
2058 3846 2221 3900 maris
2247 3842 2579 3899 altitudinem
2624 3842 2678 3897 in
2721 3842 2887 3897 stillas
2916 3846 3064 3913 quasi
3091 3845 3173 3899 fila
3221 3846 3495 3916 dividens,

1917 3938 1986 3991 ita
2019 3937 2071 3990 in
2112 3945 2308 3990 terram
2354 3936 2565 3990 emittit.
2620 3933 2810 3988 Verum
2858 3934 2998 4002 quod
3043 3944 3124 3990 est
3150 3935 3495 4003 admirabile,

1917 4029 1959 4083 si
1989 4030 2159 4083 soluta
2192 4038 2273 4082 est
2296 4070 2310 4092 ,
2344 4026 2611 4097 quomodo
2652 4042 2756 4081 non
2786 4028 2967 4080 statim
3000 4037 3321 4090 evacuatur;
3350 4029 3393 4083 si
3426 4031 3495 4082 li-

1916 4129 2036 4190 gata
2060 4162 2074 4186 ,
2126 4134 2224 4174 cur
2271 4118 2431 4173 ﬂuit?
2467 4118 2639 4173 llabes
2669 4118 3003 4186 exemplum,
3052 4117 3225 4172 debile
3250 4118 3495 4186 quidem,

1917 4213 2009 4267 sed
2041 4211 2183 4281 quod
2214 4210 2263 4264 id
2294 4210 2385 4264 tibi
2416 4208 2642 4263 suadere
2684 4207 2873 4262 valeat.
2908 4205 3091 4260 Vidisti
3123 4222 3378 4276 aquarum
3406 4226 3494 4263 ra-

1918 4305 2163 4375 ptorem?
2193 4301 2369 4356 vidisti
2396 4300 2667 4371 quomodo
2698 4298 2765 4353 ab
2810 4299 2918 4353 imo
2946 4297 3245 4367 perforatus
3271 4301 3375 4355 sit?
3406 4302 3494 4355 ln-

1918 4396 2176 4452 cumbens
2210 4394 2445 4449 continet
2468 4407 2728 4461 aquarum
2758 4391 2964 4459 copiam
2989 4431 3001 4453 ,
3021 4390 3299 4445 obturatur
3319 4403 3495 4447 autem

1918 4488 2139 4543 inferius
2162 4503 2256 4556 per
2284 4487 2411 4540 illud
2442 4485 2579 4553 quod
2613 4484 2856 4553 superius
2876 4492 3044 4553 urget.
3072 4482 3158 4539 Sic
3183 4486 3499 4541 immortalis

1922 4581 2013 4637 Dei
2039 4580 2234 4651 digitus
2263 4579 2503 4633 imminet
2530 4576 2782 4641 nubibus,
2810 4576 3054 4644 laxatque
3081 4585 3337 4643 quantum
3364 4579 3499 4639 vult,

1921 4680 1975 4726 et
2020 4680 2274 4741 quantum
2322 4668 2435 4721 vult
2483 4676 2688 4730 servat,
2728 4675 2783 4719 ut
2841 4681 2935 4732 per
2966 4664 3268 4719 universam
3302 4674 3500 4721 terram

1922 4757 2120 4810 donum
2148 4755 2376 4809 emittat.
2406 4750 2567 4819 lthue
2599 4749 2830 4803 maxime
2869 4747 2993 4802 facit
3046 4748 3097 4801 in
3130 4749 3377 4803 serotinis
3404 4750 3503 4804 int-

1920 4848 2104 4903 bribus
2126 4888 2141 4910 ,
2165 4843 2378 4914 quando
2401 4852 2562 4897 totam
2592 4840 2819 4895 inebriat
2843 4848 3034 4893 terram
3067 4856 3079 4890 :
3107 4840 3321 4908 quando
3344 4842 3505 4895 modo

1926 4941 2075 5004 illud,
2113 4939 2272 4992 modo
2302 4935 2444 4990 aliud
2473 4936 2627 4990 clima
2667 4934 2822 5002 rigat.
2856 4931 2975 4986 Ideo
3001 4932 3074 4984 ait
3103 4931 3357 5001 propheta
3390 4952 3402 4988 :
3437 4934 3504 4988 Et

1925 5034 2061 5101 pluet
2108 5046 2259 5099 super
2296 5028 2543 5082 civitatem
2569 5041 2752 5087 mam,
2796 5032 2842 5076 et
2869 5038 3021 5092 super
3065 5024 3315 5077 civitatem
3349 5040 3505 5078 unam

1923 5143 2023 5179 non
2059 5125 2211 5195 pluet.
2240 5122 2374 5177 Pars
2410 5136 2509 5172 una
2531 5118 2849 5181 compluetur
2874 5156 2887 5178 ,
2916 5124 2963 5167 et
2992 5131 3109 5183 pars
3130 5156 3144 5179 ,
3179 5131 3331 5182 super
3355 5132 3505 5185 quam

1924 5237 2021 5273 non
2044 5219 2201 5288 pluet,
2235 5222 2485 5268 eaarescet
2518 5210 2692 5279 (Amos
2718 5208 2768 5261 4.
2801 5207 2875 5274 7).
2908 5204 3168 5259 Incumbit
3194 5214 3370 5259 autem
3398 5222 3502 5260 non

1926 5312 2016 5365 Dei
2048 5309 2243 5378 digitus
2266 5349 2279 5369 ,
2306 5305 2398 5359 sed
2425 5302 2608 5357 missio
2639 5300 2735 5370 (b).
2766 5298 2876 5353 Sub
2908 5298 3074 5366 figura
3097 5306 3272 5351 autem
3302 5312 3509 5351 sermo-

1927 5418 2048 5457 nem
2080 5401 2194 5454 usui
2223 5405 2407 5452 nostro
2438 5389 2857 5448 accommodavi.
2880 5388 3056 5454 Jubet,
3084 5396 3138 5443 et
3162 5404 3268 5442 non
3298 5389 3503 5457 pluunt.

1928 5500 2099 5564 Atque
2153 5492 2251 5543 hoc
2280 5488 2410 5542 dicit
2452 5485 2722 5553 Scriptura
2758 5497 2770 5533 :
2805 5478 3068 5540 Nubibus,
3104 5479 3310 5548 inquit,
3360 5494 3505 5530 mau-

1929 5587 2057 5639 dnbo
2100 5600 2159 5637 ne
2203 5581 2384 5650 pluaut
2434 5578 2641 5631 imbrem
2672 5572 2838 5643 (lsai.
2873 5571 2924 5627 5.
2953 5571 3055 5642 6).
3087 5571 3248 5637 Quam
3301 5570 3501 5640 magni-

2012 5768 2062 5818 η)
2099 5766 2282 5813 Phrasis
2306 5766 2434 5813 inter
2456 5762 2659 5811 uncinos
2682 5756 2835 5818 posita
2857 5752 3000 5800 deest
3024 5751 3071 5799 iu
3097 5745 3237 5817 Savﬂ.

2012 5782 2039 5815 η
2099 5768 2282 5813 Phrasis
2306 5768 2434 5813 inter
2456 5768 2659 5811 uncinos
2682 5768 2835 5818 rostta
2857 5768 3000 5800 aeesr
3024 5768 3071 5799 ιιι
3097 5768 3237 5817 sam.

1990 5768 2062 5889 Et);
2094 5837 2271 5876 Omnes
2296 5833 2419 5889 ηδε,
2454 5821 2627 5889 missio.
2656 5816 2792 5889 savii.
2832 5818 2889 5889 in‘
2920 5826 3069 5889 marg.
3102 5805 3505 5889 pos-uittae

1928 5868 2269 5941 ndﬁbtliiiirifi
2297 5868 2617 5937 eminentiae
2638 5868 3071 5947 nulla_attctoritafe
3102 5868 3273 5947 ,‘nulla
3295 5873 3510 5934 apposita

1930 5939 2066 6015 nota,
2094 5950 2375 6002 mandatum
2400 5947 2574 6011 posuit.
2604 5942 2695 5994 sed
2719 5939 2879 5993 missio
2900 5946 3032 5987 stare
3056 5939 3239 5997 potest.
