4102 6462
588 465 703 520 455

595 565 751 630 licata
802 563 916 612 sunt
971 567 1123 620 Opera
1170 560 1256 603 tua
1281 589 1296 616 ,
1342 546 1557 602 Domine
1581 545 1602 600 .'
1651 543 1832 597 Omnia
1877 541 1932 593 in
1974 540 2182 603 sapien-

598 655 670 711 tia
716 650 877 724 fecisti
916 644 1110 719 (Psal.
1158 642 1282 698 105.
1334 638 1407 694 Ξι
1433 639 1471 709 ).
1516 635 1763 693 Vidistin’
1806 632 1903 689 Del
1946 632 2182 687 creatio-

598 745 765 804 nem?
798 737 1030 796 vidistin’
1054 733 1324 808 quomodo
1362 732 1606 787 obstruat
1651 727 2026 782 ha‘reticornm
2053 737 2146 778 ora
2165 763 2180 787 ,

597 837 689 910 qui
717 833 1043 893 creationem
1090 829 1369 897 ignorant,
1409 832 1463 879 et
1509 821 1818 878 Creatorem
1856 817 2065 872 curiose
2091 829 2187 870 ex-

596 909 811 1003 plorant
835 927 856 981 τ
878 924 1069 981 Omnia
1104 922 1195 977 Dei
1236 919 1336 991 legi
1387 918 1774 987 obsequuntur.
1807 912 1919 968 Stat
1950 909 2139 966 cadum
2167 950 2183 976 ,

597 1042 705 1088 non
738 1039 831 1082 sua
865 1036 1025 1077 manu
1056 1024 1355 1089 gestatum,
1388 1011 1483 1068 sed
1524 1010 1701 1065 divina
1746 1009 1861 1078 lege
1894 1005 2185 1060 ﬁrmatum.

598 1118 736 1175 Cum
785 1115 928 1171 enim
973 1111 1324 1172 dubitavere,
1372 1102 1639 1176 quomodo
1684 1117 1752 1156 ex
1808 1098 1962 1170 aquis
1998 1095 2186 1152 caelum

597 1217 905 1265 concretum
933 1204 1022 1267 sit,
1054 1199 1440 1256 dubitationem
1465 1209 1638 1248 meam
1670 1191 1829 1246 solvit
1862 1189 2047 1244 beatus
2079 1187 2187 1240 Da-

598 1299 689 1355 vid
719 1299 905 1353 dicens
936 1313 948 1347 :
986 1292 1146 1347 Verbo
1167 1289 1373 1344 Domini
1400 1287 1508 1342 εωιὶ
1540 1284 1726 1353 ﬁrmati
1746 1290 1861 1337 sunt
1886 1283 1902 1348 (
1924 1278 2067 1334 Psal.
2096 1276 2186 1332 3‘2.

600 1390 680 1464 6).
721 1389 832 1445 Cur
855 1387 997 1442 enim
1030 1383 1224 1437 ﬁrmati
1254 1379 1415 1437 sunt?
1446 1376 1706 1446 Quoniam
1737 1389 1802 1427 ex
1834 1371 1986 1442 aquis
2014 1378 2186 1423 erant.

601 1484 898 1552 Numquam
922 1479 988 1534 de
1027 1477 1199 1532 solido
1230 1483 1283 1528 et
1315 1473 1468 1527 ﬁrmo
1493 1470 1720 1533 dicitur,
1750 1466 2046 1521 Firmatum
2085 1470 2188 1516 est.

603 1576 786 1646 Neque
806 1581 983 1643 potest
1011 1568 1274 1640 quispiam
1289 1565 1489 1628 dicere,
1519 1571 1726 1634 petram
1758 1559 2019 1613 ﬁrmatam
2046 1568 2186 1609 esse.

602 1645 760 1723 Aliud
784 1671 868 1718 est
890 1661 1160 1716 ﬁrmatum
1192 1673 1338 1720 esse,
1372 1654 1516 1708 aliud
1547 1666 1667 1707 esse
1699 1649 1937 1704 ﬁrmtnn.
1985 1645 2191 1700 Firma-

602 1766 718 1811 tum
745 1749 1118 1821 dicitur,‘quod
1147 1763 1264 1802 cum
1296 1761 1474 1801 rarum
1504 1753 1557 1799 et
1587 1741 1747 1797 molle
1771 1748 1936 1804 esset,
1965 1752 2190 1793 concre-

603 1860 716 1902 tum
750 1845 867 1900 fuit.
901 1842 1027 1898 Ideo
1056 1842 1267 1905 Petrus,
1301 1835 1517 1907 quando
1553 1833 1904 1905 paralyticum
1948 1829 2189 1893 sanavit,

603 1939 741 1995 dixit
771 1954 786 1992 :
841 1954 858 1987 ι
895 1934 1007 1989 Viri
1056 1932 1335 1995 lsraelitae,
1365 1927 1489 1997 qttid
1526 1924 1793 1980 miramini
1838 1923 1889 1977 in
1932 1920 2032 1975 hoc
2055 1961 2070 1986 ,
2104 1927 2194 1972 aut

603 2045 705 2086 nos
732 2027 859 2099 quid
888 2023 1192 2088 intuemini,
1227 2019 1377 2091 quasi
1425 2028 1607 2072 nostra
1637 2017 1839 2070 virtute
1879 2021 1968 2067 aut
1999 2011 2194 2082 pietate

604 2123 893 2178 fecerimus
927 2118 1066 2172 hunc
1091 2112 1405 2169 ambulare?
1435 2111 1574 2166 Deus
1609 2116 1819 2179 patrum
1860 2113 2190 2166 nostrorum,

607 2217 752 2270 Deus
781 2211 1051 2267 Abraham
1083 2216 1134 2262 et
1181 2205 1326 2258 Isaac
1372 2213 1420 2258 et
1451 2201 1638 2261 .lacoh.
1670 2197 1986 2270 glorilicavit
2027 2195 2193 2248 tilium

605 2323 763 2363 suum
792 2305 1009 2360 Jcsum:
1044 2310 1099 2354 et
1127 2301 1178 2353 in
1209 2298 1311 2351 ﬁde
1338 2296 1572 2352 nominis
1604 2294 1724 2363 ejus
1751 2292 1892 2346 hunc
1925 2303 2083 2360 quem
2111 2286 2193 2341 vi—

609 2398 748 2453 detis
777 2404 831 2450 et
857 2393 1047 2459 nostis,
1090 2389 1428 2445 conﬁrmavit
1457 2400 1649 2440 nomen
1677 2384 1794 2452 ejus
1834 2383 1851 2451 (
1885 2381 1997 2434 Act.
2021 2381 2076 2434 5.
2106 2379 2192 2434 12.

605 2489 695 2542 15.
733 2486 800 2540 16
827 2486 846 2557 )
874 2500 888 2548 ;
921 2496 1114 2550 nempe
1145 2479 1493 2549 paralyticum
1511 2472 1865 2528 conﬁrmavit.
1887 2470 2010 2525 ideo
2037 2467 2196 2522 Verbo

605 2577 814 2632 Domini
855 2574 966 2630 cazli
1015 2571 1207 2642 ﬁrmati
1251 2577 1365 2622 sunt
1406 2565 1425 2640 (
1457 2565 1602 2620 Psal.
1637 2564 1726 2620 52.
1756 2564 1857 2632 6);
1896 2577 1958 2616 ex
1988 2560 2123 2615 raris
2143 2568 2197 2615 et

606 2665 884 2722 dissolutis
914 2663 1066 2733 aquis
1091 2660 1256 2714 verbo
1286 2658 1495 2713 Domini
1537 2655 1706 2710 nubes
1752 2655 1803 2708 in
1834 2652 2064 2708 sublime
2096 2652 2198 2706 tol-

609 2762 810 2814 luntur.
836 2757 990 2822 Vide,
1020 2767 1229 2824 qumso.
1263 2752 1410 2820 Aqua
1439 2764 1557 2819 quae
1583 2761 1765 2800 amara
1787 2754 1921 2812 crat,
1941 2752 2193 2798 mutatur.

611 2852 688 2906 Ex
730 2848 864 2904 mari
898 2846 1154 2901 hauriunt
1200 2843 1371 2897 nubes
1394 2884 1409 2910 ,
1441 2851 1493 2895 ct
1527 2855 1646 2894 eam
1674 2852 1797 2907 quae
1841 2851 1904 2890 ex
1935 2833 2200 2904 profundo

613 2941 856 2996 hauritur
905 2952 1086 2991 amara
1113 2977 1128 3002 ,
1163 2934 1373 2989 dulcem
1422 2941 1476 2986 et
1518 2929 1806 3000 potabilem
1836 2925 2091 2980 efﬁciunt.
2126 2923 2200 2978 De

610 3031 889 3103 profundis
919 3042 1018 3082 nos
1057 3026 1264 3098 abyssis
1285 3023 1538 3079 excitavit
1561 3020 1829 3086 Christus,
1854 3025 1910 3072 et
1936 3015 2198 3072 amaritu-

611 3128 790 3179 dinem
819 3131 1058 3176 nostram
1084 3134 1187 3172 non
1217 3117 1551 3186 deponimus.

685 3217 916 3271 Christus
957 3214 1010 3266 in
1049 3211 1276 3264 omnibus
1319 3207 1573 3263 elementis
1621 3202 1872 3256 miracula
1903 3201 2054 3272 fecit,
2085 3200 2201 3255 hinc

614 3307 857 3380 probatur
884 3304 1039 3357 Deus.
1082 3332 1150 3342 —-
1176 3302 1305 3367 Quis
1340 3310 1420 3354 est
1449 3299 1494 3353 is
1523 3298 1611 3368 qui
1642 3297 1766 3351 fecit
1790 3297 1978 3350 czclum
2007 3302 2063 3348 et
2090 3305 2200 3348 ter-

616 3398 772 3455 ram?
805 3397 914 3466 Ego
943 3396 1062 3450 dico
1110 3394 1382 3447 Christum
1419 3405 1558 3446 esse.
1611 3389 1679 3443 Et
1713 3389 1854 3442 unde
1900 3387 2040 3441 hoc?
2066 3386 2200 3453 Quia

614 3495 658 3548 si
689 3505 794 3547 non
823 3501 966 3545 esset
999 3488 1253 3542 Dominus
1284 3485 1542 3546 omnimn,
1574 3483 1627 3536 in
1653 3481 1930 3551 evangelio
1964 3494 2070 3534 non
2106 3478 2206 3532 mi-

616 3585 792 3640 racula
823 3589 1081 3652 patrassot
1105 3581 1156 3631 in
1178 3577 1424 3631 omnibus
1441 3575 1717 3630 creaturis.
1743 3573 1844 3627 Per
1861 3572 2037 3626 omnia
2062 3569 2204 3625 enim

616 3677 881 3731 elementa
915 3672 1179 3726 mirabilia
1226 3669 1381 3732 fecit;
1423 3683 1514 3737 per
1544 3676 1757 3726 terram,
1796 3680 1891 3734 per
1921 3678 2086 3727 mare,
2113 3677 2207 3731 per

617 3783 818 3831 aerem,
850 3780 946 3836 per
973 3765 1146 3834 ignem
1170 3771 1255 3827 ;ut
1277 3762 1624 3831 conspicuum
1655 3759 1722 3812 sit
1744 3758 1916 3826 ipsum
1945 3770 2063 3810 esse
2082 3770 2205 3808 om-

619 3861 766 3916 nium
793 3867 1156 3913 creaturarum
1183 3855 1485 3908 Dominum.
1519 3852 1627 3906 Diei
1651 3851 1754 3906 luci
1781 3848 2090 3920 supervenit
2117 3862 2211 3902 ve-

620 3967 792 4023 spera:
820 3952 929 4005 lux.
974 3949 1062 4003 Sul
1110 3949 1272 4010 lucet,
1301 3956 1354 4000 et
1385 3945 1600 3999 lucerna
1629 3943 1797 3998 facem
1831 3941 2075 4011 praefert:
2102 3939 2207 3994 diei

620 4047 763 4110 ﬁnis,
793 4059 856 4098 ac
886 4043 1054 4097 noctis
1083 4040 1384 4096 exordium.
1425 4037 1527 4092 Sed
1559 4046 1634 4098 tu.
1668 4052 1788 4090 cum
1815 4034 2011 4089 videris
2037 4034 2209 4087 lucer-

619 4151 745 4190 nam
771 4145 824 4189 et
852 4134 1019 4187 solem
1049 4172 1065 4196 ,
1098 4131 1261 4185 dicito
1292 4147 1305 4183 :
1338 4128 1477 4181 Tuus
1507 4137 1575 4181 est
1603 4127 1708 4179 dies
1731 4167 1743 4190 ,
1777 4135 1821 4179 et
1849 4135 1937 4179 tua
1961 4133 2032 4178 est
2069 4139 2209 4187 uox;

621 4237 675 4278 tu
701 4225 977 4295 fabricatus
1007 4240 1056 4276 es
1079 4222 1233 4290 jubar
1263 4229 1308 4273 et
1333 4219 1526 4287 solem(
1563 4217 1700 4272 Psat.
1734 4217 1822 4272 73.
1857 4214 1980 4285 16).
2013 4214 2208 4268 Verum

622 4321 709 4374 fax
753 4319 868 4379 illa,
895 4331 1014 4385 quae
1053 4312 1333 4383 pra-fertur
1354 4350 1367 4374 ,
1411 4324 1715 4363 sermonem
1746 4322 1853 4361 non
1884 4305 2208 4375 interpellat.

622 4413 845 4479 Oportet
886 4407 1027 4461 enim
1073 4403 1239 4457 solem
1295 4413 1515 4455 currere
1559 4397 1625 4451 ad
1664 4399 1782 4466 ejus
1812 4398 2017 4464 jussum
2052 4397 2210 4465 (nam

623 4500 720 4555 Sol
735 4498 964 4569 cognovit
992 4510 1228 4549 occasum
1256 4508 1404 4545 suum
1435 4488 1609 4562 [Psul.
1638 4486 1914 4560 105.19]),
1947 4496 2003 4540 ut
2029 4495 2214 4540 osten-

623 4590 782 4646 datur
805 4588 1076 4644 Christum
1100 4584 1335 4638 omnium
1375 4592 1742 4636 creaturarum
1761 4578 2051 4633 Dominum
2070 4591 2210 4632 esse.

625 4683 680 4735 lil
708 4682 941 4736 Joannes
973 4678 1246 4748 prxdicat,
1284 4675 1472 4728 Omnia
1499 4690 1587 4742 per
1609 4674 1774 4743 ipsum
1802 4673 1938 4742 facta
1969 4680 2087 4724 sunt
2112 4711 2126 4735 ,
2167 4679 2214 4724 et

624 4778 733 4829 sine
755 4775 864 4843 ipso
893 4773 1080 4841 factum
1108 4780 1178 4822 est
1206 4769 1333 4821 nihil
1361 4766 1494 4837 quod
1516 4770 1702 4836 factum
1725 4773 1797 4818 est
1826 4761 2016 4831 (Joan.
2045 4763 2097 4817 1.
2121 4762 2211 4832 5).

629 4869 825 4923 Verum
854 4865 1132 4935 oportebat
1159 4863 1329 4929 ipsum
1362 4873 1466 4913 non
1491 4873 1740 4911 sermone
1769 4866 1971 4909 tantum
2001 4855 2212 4918 lucere,

630 4958 726 5015 sed
756 4959 914 5013 etiam
947 4969 1130 5025 opere.
1158 4951 1295 5006 Dixit
1318 4949 1472 5012 mari,
1515 4947 1664 5012 Tace,
1696 4945 2016 5013 obmutesce(
2047 4943 2213 4999 Marc.

626 5055 679 5108 4.
710 5051 822 5121 59);
851 5058 902 5103 et
932 5047 1215 5108 obmutuit,
1249 5044 1565 5114 agnovitque
1590 5055 1724 5111 opus
1769 5037 2046 5110 Opiﬁeem.
2076 5038 2217 5093 Dixit

631 5147 773 5197 enim
820 5143 975 5205 mari,
1009 5148 1060 5194 et
1099 5137 1295 5199 tacuit;
1330 5136 1461 5189 dixit
1491 5145 1666 5197 vento,
1699 5141 1754 5187 et
1793 5132 2089 5187 refrenatus
2111 5139 2212 5185 est.

632 5234 686 5290 Si
713 5247 816 5286 non
847 5233 1291 5298 obtemperasset,
1322 5227 1438 5294 ejus
1460 5225 1714 5279 Conditor
1755 5239 1857 5278 non
1903 5223 2065 5278 fuisse
2093 5236 2216 5291 pro-

633 5328 851 5381 deretur
877 5341 890 5388 ;
926 5322 1025 5375 nisi
1053 5321 1308 5374 Dominus
1339 5330 1480 5371 esset
1509 5332 1679 5384 aqum,
1711 5332 1815 5370 non
1845 5315 1988 5370 illam
2019 5325 2220 5370 mutas-

633 5428 716 5475 set
742 5419 792 5472 in
819 5417 1024 5477 vinum;
1047 5415 1144 5468 nisi
1178 5421 1320 5467 esset
1345 5411 1459 5465 ezcli
1493 5410 1765 5474 Dominus,
1791 5425 1895 5464 non
1925 5426 2046 5465 eum
2066 5409 2217 5462 stella

637 5513 702 5565 de
743 5508 874 5564 caelo
903 5506 1280 5578 praedicasset;
1330 5502 1429 5556 nisi
1460 5512 1603 5556 esset
1645 5501 1772 5555 solis
1803 5502 2078 5567 Dominus,
2113 5516 2218 5555 non

638 5602 872 5659 tenebris
903 5615 960 5655 se
987 5599 1291 5654 ohvelasset
1324 5596 1373 5650 in
1397 5610 1578 5650 cruce.
1610 5594 1856 5649 Christus
1887 5597 1936 5649 in
1961 5611 2135 5657 cruce,
2169 5604 2222 5649 et

639 5696 717 5755 sul
745 5692 1124 5748 obtenebratus
1154 5697 1254 5744 est.
1286 5686 1330 5742 Ο
1360 5687 1708 5740 miraculum!
1739 5683 1988 5740 Creatura
2012 5701 2118 5740 non
2144 5697 2224 5739 tu-

639 5786 698 5841 lit
743 5783 1118 5839 contumeliam
1174 5779 1404 5835 Domini.
1455 5777 1845 5832 Obtencbratus
1893 5787 1975 5831 est
2023 5779 2138 5841 Sttl,
2167 5787 2225 5831 ut

642 5877 695 5932 ln
735 5875 845 5938 ipsa
875 5889 1032 5929 cruce
1075 5873 1202 5929 solis
1237 5871 1517 5927 Domimnn
1564 5872 1800 5924 noveris.
1841 5870 2116 5924 Cmnmota
2143 5880 2224 5924 est

2026 419 2389 479 SEVERIANI

3776 431 3896 486 456

2304 547 2462 600 terra,
2489 544 2544 591 ut
2571 535 2745 590 discas
2771 536 2838 592 de
2867 536 2982 607 ipso
3016 536 3268 591 Davidem
3305 533 3512 589 dixisse
3543 551 3554 585 :
3589 533 3691 601 Qui
3722 551 3894 600 respi-

2292 631 2358 683 cit
2389 640 2573 684 terram
2603 641 2648 682 et
2678 630 2799 699 facit
2828 646 2936 682 eam
2980 640 3188 683 tremere
3218 627 3386 696 (Paul.
3421 627 3543 683 103.
3569 627 3694 695 32).
3748 629 3893 681 Scis-

2293 738 2368 776 sa:
2399 730 2519 776 sunt
2548 731 2731 791 petrzr,
2754 731 2808 775 ut
2835 722 3009 776 discas
3035 721 3102 776 de
3129 735 3356 790 quonam
3384 719 3578 774 dixerit
3608 719 3895 788 propheta'

2295 811 2467 867 Furor
2492 815 2601 884 ejus
2627 813 2875 866 tabescere
2897 813 3019 883 facit
3045 813 3380 882 principatus,
3404 820 3449 864 et
3472 821 3628 880 petra:
3652 815 3895 881 perfora-

2293 914 2358 959 tae
2375 914 2490 959 sunt
2511 904 2572 957 ab
2601 921 2658 958 eo
2681 903 2937 974 (Nalmm.
2963 904 3014 958 1.
3035 903 3110 972 6).
3145 902 3482 957 Monumeuta
3515 910 3701 972 aperta
3728 912 3859 955 sunt
3880 945 3894 962 ,

2295 1005 2353 1052 ut
2399 1005 2684 1067 appareret
2714 996 3076 1062 resurrectio,
3125 1002 3180 1051 et
3215 995 3306 1064 qui
3358 994 3579 1049 suscitat
3623 994 3762 1048 Deus
3797 1009 3896 1064 per

2295 1101 2488 1146 cuncta
2514 1089 2842 1158 splenderet.

2368 1187 2421 1240 7.
2475 1184 2690 1238 Moralis
2719 1183 3021 1247 conclusio;
3046 1181 3353 1251 sacriﬁcium
3386 1180 3723 1251 vespertinum
3747 1179 3874 1248 quid

2294 1311 2364 1322 —
2402 1278 2590 1350 Operm
2641 1276 2868 1344 pretium
2897 1289 3024 1331 vero
3063 1285 3145 1330 est
3183 1283 3241 1328 ut
3277 1272 3536 1327 moralem
3582 1284 3902 1326 moveamus

2297 1386 2622 1428 sermonem.
2645 1369 2885 1425 Lucerna
2911 1377 3067 1424 vocat
3095 1381 3216 1432 nos,
3249 1375 3305 1419 ut
3336 1365 3577 1419 dicamus
3614 1379 3626 1416 :
3664 1362 3901 1416 Lucerna

2299 1465 2508 1535 pedibus
2531 1462 2652 1515 antis
2681 1463 2883 1516 verbum
2917 1470 3081 1526 tuum,
3105 1467 3151 1512 et
3169 1458 3336 1511 lumen
3362 1455 3551 1510 semitis
3576 1455 3698 1508 meis
3721 1453 3898 1521 (Paci.

2300 1557 2422 1611 118.
2458 1554 2560 1610 105
2584 1556 2623 1623 ).
2671 1553 2900 1608 Advenit
2929 1566 3150 1620 vespera
3195 1558 3255 1604 ut
3301 1547 3589 1602 dicamus:
3629 1545 3902 1616 Dirigatur

2299 1649 2460 1702 oratio
2504 1664 2615 1700 mea
2655 1647 2783 1700 sicut
2829 1647 3087 1699 incensum
3126 1644 3180 1697 in
3229 1651 3500 1712 conspectu
3532 1651 3652 1705 tuo,
3685 1640 3904 1694 elccatio

2299 1754 2538 1792 manuum
2571 1754 2797 1793 mearum
2837 1736 3143 1805 sacriﬁcium
3182 1733 3517 1803 uespertinum
3549 1730 3568 1800 (
3606 1728 3903 1786 1ὺίά.1-10,

2297 1829 2381 1900 ε).
2409 1828 2515 1883 Cur
2538 1844 2641 1882 non
2676 1826 3039 1881 matutinum?
3068 1825 3164 1880 llic
3192 1824 3428 1878 animum
3460 1820 3707 1876 adhibete
3733 1839 3745 1874 :
3770 1837 3902 1875 nam

2301 1939 2425 1994 qua!
2459 1921 2753 1992 psallimus,
2790 1920 2928 1974 scire
2955 1919 3234 1973 debemus.
3276 1916 3415 1971 Dicit
3443 1914 3606 1968 David
3641 1913 3903 1966 :Psallile

2300 2018 2573 2085 sapienter.
2604 2013 2831 2067 Elevatio
2852 2028 3093 2066 manuum
3119 2026 3346 2064 mearum
3366 2008 3669 2075 sacriﬁcium
3691 2021 3901 2073 vesper-

2303 2107 2642 2174 tiuum(lbid.
2675 2104 2766 2161 46.
2791 2104 2868 2176 8).
2895 2105 3008 2159 Duo
3034 2101 3292 2158 sacrificia
3329 2101 3489 2171 jussit
3525 2098 3640 2154 ﬁeri
3661 2097 3902 2167 Moyses,

2303 2203 2411 2257 imo
2443 2202 2604 2266 Deus,
2648 2215 2810 2254 unum
2842 2197 3182 2260 matutinum,
3214 2204 3268 2249 et
3307 2209 3468 2247 unum
3508 2191 3899 2259 vespertinum.

2303 2295 2555 2350 Matutina
2623 2294 2913 2361 gratiarum
2943 2290 3082 2345 actio
3119 2305 3214 2357 pro
3255 2297 3414 2342 nocte
3459 2293 3594 2340 erat.
3640 2283 3772 2338 Nam
3806 2285 3906 2351 qui

2305 2387 2356 2441 in
2397 2395 2556 2440 nocte
2587 2393 2832 2439 servatus
2860 2392 2980 2447 est,
3029 2382 3080 2434 in
3110 2380 3196 2436 die
3221 2380 3419 2451 gratias
3459 2376 3586 2445 agit.
3621 2374 3902 2442 Vespcrti-

2305 2494 2432 2532 ntnn
2466 2476 2790 2531 sacrificium
2820 2490 2916 2545 pro
2943 2474 3033 2530 die
3062 2483 3195 2528 erat.
3228 2471 3381 2540 Quia,
3403 2469 3594 2539 inquit,
3624 2468 3675 2521 in
3701 2467 3788 2521 die
3810 2481 3905 2520 me

2305 2568 2554 2633 servasti,
2587 2583 2681 2636 pro
2706 2576 2817 2620 toto
2843 2566 2931 2619 die
2961 2565 3159 2633 gratias
3188 2578 3288 2631 ago
3315 2562 3430 2616 tibi.
3467 2559 3781 2615 Matutinum
3805 2571 3904 2612 sa-

2303 2659 2563 2713 criﬁcium
2591 2671 2694 2711 non
2718 2672 2841 2711 eum
2864 2656 3070 2724 recipit,
3101 2657 3189 2725 qui
3223 2655 3273 2707 in
3304 2662 3462 2707 nocte
3489 2652 3750 2722 peccavit.
3773 2649 3908 2702 Ideo

2303 2750 2469 2804 dicit:
2505 2747 2738 2804 Elevatio
2778 2764 3018 2802 manuum
3051 2763 3275 2801 mearum
3313 2745 3622 2813 sacriﬁcium
3653 2743 3902 2812 vesperti-

2305 2861 2444 2897 num.
2480 2843 2784 2912 lngrederis
2809 2856 3113 2911 vesperam,
3138 2838 3394 2910 expandis
3426 2841 3656 2898 manus:
3689 2835 3731 2887 si
3763 2834 3901 2886 ﬁdu-

2305 2937 2442 2990 ciam
2467 2935 2685 3000 habent,
2705 2934 3072 3003 expandantur
3107 2951 3120 2986 :
3149 2932 3192 2986 si
3225 2945 3326 2984 non
3356 2929 3688 2997 scripserunt
3710 2925 3903 2994 iniqui-

2307 3036 2470 3082 tatem
2502 3070 2516 3092 ,
2559 3028 2602 3080 si
2636 3041 2897 3096 pauperes
2934 3039 3040 3079 non
3085 3023 3416 3090 spoliarunt,
3446 3020 3490 3074 si
3523 3019 3752 3088 pupillos
3793 3033 3902 3071 non

2306 3126 2712 3188 oppresserunt,
2743 3127 2799 3170 ut
2841 3131 2960 3186 quze
2992 3129 3274 3184 personam
3321 3112 3518 3167 habent
3553 3110 3904 3166 extollantur.

2315 3209 2544 3263 Elevatio
2571 3224 2814 3261 manuum
2860 3221 3128 3269 mearum;
3168 3219 3231 3258 ac
3273 3204 3316 3256 si
3357 3202 3580 3260 diceret.
3612 3200 3767 3262 Vide,
3797 3199 3906 3252 Do-

2311 3299 2454 3354 mine
2478 3340 2491 3362 ,
2524 3299 2737 3352 munda:
2777 3307 2901 3357 sunt
2942 3311 3150 3350 manus.
3185 3292 3644 3363 Quemadmodum
3687 3308 3830 3347 ennn
3862 3293 3906 3345 is

2311 3393 2398 3459 qni
2434 3392 2672 3459 peccavit
2703 3390 2906 3443 vultum
2938 3389 3201 3443 extollere
3231 3403 3334 3441 non
3365 3397 3560 3448 notest,
3591 3386 3685 3439 sed
3725 3401 3754 3437 a
3780 3400 3908 3438 cun-

2314 3482 2535 3536 scientia
2570 3482 2880 3534 incurvatur
2906 3497 2917 3532 :
2949 3481 3027 3533 sic
3051 3493 3243 3533 manus
3265 3479 3486 3548 polluta,
3516 3494 3584 3530 ne.
3605 3477 3763 3530 audet
3790 3477 3909 3544 qui-

2313 3573 2433 3626 dem
2461 3587 2643 3626 curam
2666 3572 2774 3625 Deo
2799 3571 3117 3624 consisIere.
3147 3568 3278 3622 Vide
3303 3585 3317 3622 :
3347 3568 3389 3620 si
3421 3581 3609 3620 manus
3632 3567 3736 3621 sint
3757 3582 3908 3619 mun-

2313 3666 2395 3719 da-
2418 3666 2483 3720 ab
2506 3666 2803 3732 iniquitate,
2833 3663 3222 3732 expamlantur.
3254 3660 3376 3714 Ideo
3403 3660 3709 3729 patriarcha
3741 3659 3908 3712 Abra-

2315 3759 2438 3814 ham
2470 3769 2622 3828 turpe
2649 3760 2852 3813 lucrum
2886 3757 3171 3819 recusavit,
3201 3768 3321 3809 cum
3349 3753 3556 3807 diceret
3594 3753 3642 3806 ei
3676 3766 3769 3805 rex
3809 3750 3909 3804 So-

2314 3851 2595 3905 domorum
2642 3867 2653 3902 :
2703 3849 2885 3918 Accipe
2935 3847 3146 3912 onmia,
3197 3845 3430 3898 mulieres
3475 3853 3671 3896 tantum
3717 3843 3910 3894 dimitte

2319 3943 2468 4016 (Gen.
2501 3944 2585 3997 14.
2617 3942 2707 3996 2|.
2739 3940 2853 4012 92).
2888 3940 2957 3995 Ut
2997 3941 3174 4009 itaque
3213 3939 3454 3992 ﬁduciam
3485 3937 3706 3992 haberet
3730 3977 3744 3997 ,
3779 3935 3914 3988 nihil

2317 4038 2521 4104 accepit
2551 4054 2564 4098 ;
2599 4035 2690 4088 sed
2719 4049 2838 4088 cum
2873 4034 3018 4102 puris
3045 4031 3288 4087 manibus
3311 4040 3476 4093 esset,
3507 4029 3720 4083 dicebat
3758 4037 3772 4078 :
3803 4025 3911 4079 Ex-

2319 4129 2521 4182 tendunt
2555 4142 2733 4179 manus
2773 4142 2912 4179 mea:
2943 4125 3012 4178 ad
3040 4123 3223 4186 Deum,
3251 4123 3338 4190 qui
3365 4122 3481 4189 fecit
3519 4121 3702 4172 ca-lum
3731 4129 3778 4171 et
3808 4129 3908 4170 ter-

2316 4235 2428 4272 ram
2455 4233 2474 4271 :
2501 4225 2555 4271 et
2598 4214 2860 4280 extendit,
2893 4215 3013 4285 quia
3053 4228 3158 4268 non
3184 4221 3338 4267 erant
3368 4211 3584 4280 pollutae
3617 4209 3812 4278 injuste
3835 4209 3914 4261 lu-

2317 4328 2433 4367 cro.
2465 4310 2691 4364 Elevatio
2711 4325 2951 4361 manuum
2970 4323 3222 4360 mearum.
3248 4304 3396 4369 lllud,
3424 4303 3657 4356 Elevatio
3673 4319 3912 4355 manuum

2319 4417 2568 4462 mearum,
2596 4399 2981 4468 interpretatur
3003 4397 3228 4451 Paulus:
3267 4393 3397 4448 Volo
3422 4395 3581 4464 igitur
3607 4393 3740 4446 viros
3767 4408 3912 4444 orare

2321 4497 2374 4545 in
2401 4491 2536 4544 oumi
2582 4488 2691 4542 loco
2719 4489 2937 4542 levantes
2975 4497 3176 4541 sanctas
3219 4502 3400 4539 manus
3441 4485 3550 4538 sine
3577 4485 3656 4537 ira
3682 4493 3728 4537 et
3754 4484 3911 4535 disce-

2323 4582 2631 4653 ptationibus
2663 4581 2680 4650 (
2721 4581 2774 4634 1.
2808 4578 2940 4634 Tim.
2969 4577 3022 4632 2.
3069 4579 3103 4634 8
3133 4576 3173 4648 ).
3217 4576 3454 4646 Vespera
3494 4590 3522 4629 a
3556 4573 3709 4628 nobis
3754 4573 3910 4640 exigit

2321 4687 2562 4743 vesperae
2584 4685 2766 4741 opera.
2802 4667 3076 4739 Expandis
3116 4681 3340 4732 manus,
3373 4673 3645 4720 scrutatur
3689 4662 3910 4717 Artifex.

2320 4767 2552 4823 Advenit
2577 4763 2895 4818 matutinum
2922 4770 3160 4831 tempus,
3197 4768 3251 4814 et
3279 4759 3322 4813 si
3355 4771 3541 4827 puram
3574 4770 3679 4810 non
3719 4754 3913 4807 habeas

2321 4869 2374 4914 et
2405 4872 2618 4912 manum
2638 4864 2692 4909 et
2710 4864 2963 4919 mentem,
2987 4851 3303 4907 matutinum
3329 4858 3536 4917 tempus
3559 4861 3624 4901 ne
3652 4846 3915 4914 respicere

2322 4949 2537 5020 quidem
2565 4945 2770 5000 audes:
2795 4944 3126 5015 experientia
3158 4941 3414 5008 magistra
3441 4948 3544 4994 est.
3575 4937 3762 5007 Cogita
3793 4951 3911 4989 cum

2325 5049 2519 5110 quanta
2545 5037 2734 5092 ﬁducia
2768 5034 3095 5105 ingrediatur
3126 5033 3170 5087 is
3193 5032 3284 5102 qui
3312 5044 3475 5101 purus
3496 5037 3728 5091 maneat,
3764 5025 3914 5095 quasi

2326 5134 2378 5186 in
2410 5130 2624 5200 propria
2648 5129 2809 5182 domo
2834 5125 3089 5180 ambulet.
3121 5123 3394 5178 Fiduciam
3437 5121 3527 5176 dat
3575 5119 3649 5175 illi
3699 5118 3913 5172 matuti-

2325 5223 2410 5278 nis
2435 5223 2578 5276 horis
2609 5236 2710 5274 nox
2740 5220 2790 5272 in
2810 5217 3137 5274 continentia
3165 5228 3372 5272 exaCta.
3405 5215 3528 5270 Ideo
3557 5210 3722 5268 David
3755 5209 3908 5264 dicit;

2330 5313 2391 5368 Si
2411 5328 2599 5366 memor
2624 5313 2698 5383 {ui
2731 5311 2802 5364 tui
2830 5325 2984 5378 super
3007 5319 3222 5362 stratum
3248 5323 3433 5372 meum,
3452 5306 3506 5358 in
3531 5301 3794 5355 matutinis
3817 5316 3906 5352 meo

2329 5404 2526 5458 ditabar
2550 5404 2602 5455 in
2634 5412 2678 5455 te
2709 5401 2726 5471 (
2761 5399 2905 5454 Psal.
2935 5399 3024 5454 62.
3056 5399 3088 5453 7
3118 5400 3159 5467 ).
3191 5397 3403 5454 Gratias
3431 5409 3531 5463 ago
3559 5393 3670 5446 Deo
3695 5409 3708 5443 :
3739 5405 3892 5444 recor

2329 5498 2431 5553 dor
2464 5498 2795 5550 fatiscentem
2826 5508 3010 5548 vocem
3042 5509 3072 5548 a
3117 5492 3212 5548 Dei
3250 5491 3415 5546 verbo
3441 5495 3740 5556 reparatam
3763 5497 3882 5539 esse

2332 5606 2437 5644 non
2482 5604 2577 5657 pro
2610 5586 2809 5640 nostris
2855 5586 3095 5651 meritis,
3145 5584 3240 5640 sed
3287 5597 3388 5653 pro
3427 5587 3606 5634 vestro
3631 5576 3914 5632 desiderio.

2332 5682 2621 5736 Prcccmur
2668 5695 2796 5752 ergo
2827 5679 2878 5734 in
2911 5679 3134 5734 veritate
3171 5677 3375 5739 cordis,
3419 5683 3474 5728 ut
3502 5686 3631 5742 pace
3663 5671 3917 5733 fruamur,

2333 5784 2389 5828 et
2419 5775 2467 5826 in
2502 5773 2774 5827 matutinis
2802 5771 3046 5827 ﬁduciam
3091 5768 3406 5832 habeamus,
3441 5763 3814 5819 haereticorum
3844 5761 3920 5814 fu-

2336 5883 2512 5923 rorem
2570 5865 2874 5921 devitcmus
2909 5907 2925 5932 ,
2982 5863 3140 5918 ﬁdem
3193 5858 3544 5917 orthodoxam
3601 5870 3920 5925 sequamur,
