4158 6530
279 537 400 592 455

284 630 481 700 φησιν,
512 628 867 699 ἐντελοῦμαι
901 629 1008 684 τοῦ
1039 626 1125 698 μὴ
1150 628 1368 697 ,ϐρέξαι
1399 630 1598 685 ὑετόν.
1637 628 1732 694 Ὠς
1755 627 1875 696 έμε-

286 713 562 780 γαλύνθη
593 712 805 783 γάρ.τά
835 713 980 782 ἔργα
1016 727 1156 776 σου,
1183 713 1364 778 Κύριε
1386 711 1406 763 !
1443 711 1646 765 Πάντα
1679 711 1749 764 ἐν
1782 725 1886 763 σο-

287 813 404 865 gam
444 797 761 863 ἐποίησας.
799 791 955 860 Εἶδες
982 795 1120 849 Θεοῦ
1157 795 1558 866 δημιουργίαν;
1601 788 1740 858 εἶδες
1771 793 1888 857 πῶς

288 880 602 951 ἐμφράττει
623 878 732 932 τῶν
751 879 1048 951 αἱρετικῶν
1073 878 1142 932 τά
1171 877 1436 948 στόματα,
1463 879 1571 932 τῶν
1589 878 1688 948 τὴν
1712 878 1888 931 κτίσιν

287 963 656 1030 ἀγνοούντων,
702 964 798 1017 καὶ
841 963 934 1016 τὸν
983 963 1210 1031 κτίστην
1251 959 1887 1033 πολυπραγμονούντωνς

289 1047 481 1102 Πάντα
508 1047 754 1102 πείθεται
777 1047 913 1100 Θεοῦ
947 1048 1118 1118 νόμῳ.
1166 1046 1224 1099 '0
1252 1046 1477 1115 οὐρανὸς
1511 1045 1761 1114 ἔστηκεν,
1789 1045 1889 1098 οὐκ

291 1129 406 1200 ίδία
428 1129 654 1200 δυνάμει
690 1128 1113 1200 βασταζόμενος,
1144 1128 1281 1182 ἀλλὰ
1313 1129 1442 1198 θείῳ
1463 1127 1613 1198 νόμῳ
1639 1126 1890 1198 στερεού-

289 1231 473 1286 μενος.
512 1214 680 1267 Ὅταν
717 1213 826 1287 γὰρ
859 1215 1144 1285 ἀπορήσω,
1187 1213 1304 1277 πῶς
1344 1211 1403 1278 ἐξ
1435 1212 1643 1266 ὑδάτων
1671 1215 1700 1266 6
1726 1214 1890 1283 ούρα-

287 1296 387 1360 νδς
437 1296 736 1368 πέπηκται,
789 1297 905 1350 λύει
941 1313 1041 1366 μου
1098 1297 1198 1368 τὴν
1243 1295 1479 1366 ἀπορίαν
1527 1298 1556 1349 6
1621 1297 1889 1366 μακάριος

289 1378 459 1432 Δαυῒδ
500 1379 673 1448 λέγων
695 1396 711 1411 ο
764 1378 849 1446 Τῷ
879 1381 1040 1448 λόγῳ
1078 1379 1301 1447 Κυρίου
1344 1381 1397 1432 oi
1428 1379 1671 1447 οὐρανοὶ
1731 1379 1891 1432 ἐστε-

281 1464 622 1532 ρεώθησαν.
667 1463 818 1516 Διατί
855 1465 966 1534 γάρ
1015 1460 1466 1532 ὲστερεώθησαν;
1526 1461 1741 1532 Ἐπειδὴ
1783 1462 1890 1515 ἀπὸ

287 1548 521 1602 ὑδάτων.
553 1547 821 1602 Οὐδέποτε
849 1547 958 1616 γὰρ
984 1546 1046 1598 16
1089 1545 1309 1616 στερεὸν
1339 1545 1575 1610 λέγεται,
1613 1546 1690 1598 ὅτι
1734 1547 1887 1597 ὲστε-

285 1630 495 1701 ρεώθηο
529 1630 648 1684 οὐδέ
672 1649 754 1694 τις
779 1630 1002 1683 δύναται
1031 1629 1226 1680 εἰπεῖν’
1258 1628 1326 1680 Ἢ
1354 1629 1533 1699 πέτρα
1560 1628 1885 1700 ὲστερεώθη.

289 1714 459 1767 Ἀλλο
503 1713 894 1784 στερεωθῆναι,
932 1711 1058 1765 ἄλλο
1107 1709 1245 1765 εἶναι
1298 1711 1540 1783 στερεόν.
1587 1713 1891 1782 Στερεωθὲν

285 1797 509 1865 λέγεται
542 1796 718 1869 [4ϋ5],
742 1798 871 1850 ὅταν
893 1796 954 1848 16
983 1794 1330 1867 ὴραιωμένον
1361 1796 1454 1848 καὶ
1476 1796 1891 1866 κεχαυνωμένον

285 1884 465 1953 παγῇ.
503 1882 602 1933 Διά
630 1879 789 1932 τοῦτο
830 1879 859 1930 6
916 1879 1144 1949 Πέτρος,
1175 1880 1264 1931 ὅτε
1311 1878 1400 1931 τὸν
1449 1879 1892 1950 παραλελυμένον

286 1969 502 2037 ἤγειρε,
527 1964 676 2033 λέγει
701 1980 715 1993 ο
757 1961 1000 2030 Ἄνδρες
1058 1960 1448 2029 Ἰσραηλῖται,
1478 1964 1533 2015 τί
1572 1961 1892 2032 θαυμάζετε

283 2050 389 2102 ἐπί
414 2049 608 2112 τοῦτο,
642 2048 680 2115 ἢ
714 2045 859 2117 ἡμῖν
886 2047 944 2099 τί
977 2045 1286 2106 ἀτενίζετε,
1323 2046 1404 2110 ὼς
1448 2045 1618 2114 ήμῶν
1660 2043 1732 2114 τῇ
1777 2044 1894 2112 ἰδίᾳ

281 2131 542 2200 δυνάμει
590 2129 690 2184 καὶ
736 2130 1017 2196 εὐσεϐείᾳ
1050 2127 1466 2195 πεποιηκότων
1512 2127 1618 2182 τοῦ
1654 2142 1896 2198 περιπα-

282 2214 418 2268 τεῖν
453 2214 674 2280 αὑτόν;
713 2214 768 2266 '0
798 2212 942 2278 Θεὸς
972 2211 1090 2265 τῶν
1121 2212 1394 2282 πατέρων
1437 2209 1630 2282 ἡμῶν,
1667 2214 1700 2265 ό
1750 2211 1895 2278 Θεὸς

300 2297 552 2366 Ἀϐραὰμ
571 2297 668 2351 καὶ
709 2294 909 2350 Ἰσαὰκ
940 2295 1038 2348 καὶ
1073 2293 1554 2359 ἰακὼόέδόξασε
1581 2294 1686 2348 τόν
1712 2293 1897 2348 παῖδα

282 2385 480 2441 αὐτοῦ
515 2383 787 2451 Ἰησοῦν
836 2383 935 2437 καὶ
966 2382 1065 2436 ἐπὶ
1102 2381 1177 2450 τῇ
1207 2383 1409 2436 πίστει
1455 2380 1561 2436 τοῦ
1605 2382 1897 2451 ὀνόματος

286 2474 488 2529 αὑτοῦ
511 2474 748 2537 τοῦτον,
789 2473 864 2526 ὃν
890 2471 1160 2542 θεωρεῖτε
1185 2471 1284 2525 καὶ
1315 2471 1536 2537 οἴδατε,
1567 2471 1897 2539 έστερέωσε

284 2562 361 2618 τὸ
405 2562 594 2631 ὄνομα
624 2560 844 2614 αὐτοῦ·
895 2559 990 2613 16v
1043 2558 1489 2630 παραλελυμένον
1542 2559 1892 2629 ἐστερέωσεν.

287 2650 396 2702 Διὰ
429 2650 585 2703 τοῦτο
635 2647 720 2713 Τῷ
761 2650 922 2718 λόγῳ
958 2651 1182 2717 Κυρίου
1219 2651 1273 2701 οἱ
1324 2649 1568 2716 οὐρανοὶ
1618 2646 1898 2715 ἐστερεώ-

287 2743 515 2804 θησαν.
577 2737 672 2790 Ἐκ
712 2735 822 2790 τῶν
867 2735 1075 2805 ἀραιῶν
1115 2736 1211 2787 καὶ
1245 2733 1643 2804 διαλελυμένων
1688 2734 1897 2789 ὑδάτων

286 2823 374 2893 τῷ
392 2822 533 2893 λόγῳ
561 2822 768 2892 Κυρίου
796 2822 852 2874 αἱ
881 2821 1102 2888 νεφέλαι
1135 2822 1215 2883 εἰς
1243 2820 1372 2889 ὕψος
1397 2822 1661 2892 αἴρονται.
1699 2822 1896 2884 Βλέπε,

291 2907 627 2980 παρακαλῶ⁸
666 2909 740 2960 Τὸ
777 2908 923 2978 ὕδωρ
951 2909 1013 2960 16
1057 2908 1256 2978 πικρὸν
1305 2908 1702 2977 μεταϐάλλεται
1727 2925 1741 2939 ⁸
1790 2909 1901 2962 άπὸ

291 2997 576 3068 Θαλάσσης
602 2994 886 3049 ἀντλοῦσιν
910 2997 966 3048 αἱ
991 2994 1231 3062 νεφέλαι,
1262 2995 1358 3048 καὶ
1391 2995 1453 3048 16
1483 2996 1546 3048 ὲκ
1578 2995 1774 3065 βάθους
1808 2996 1902 3048 ἀν-

289 3085 494 3157 τληθὲν
539 3083 757 3154 πικρὸν,
806 3083 980 3152 γλυκὺ
1033 3083 1129 3136 καὶ
1168 3082 1400 3152 πότιμον
1444 3082 1710 3137 ποιοῦσιν.
1769 3083 1903 3137 Ἀπὸ

293 3173 478 3244 βυθῶν
507 3172 654 3244 ἡμᾶς
689 3170 876 3245 ἤγειρε
906 3169 1162 3240 Χριστὸς,
1199 3169 1294 3222 καὶ
1333 3167 1432 3240 τὴν
1478 3167 1706 3240 πικρίαν
1746 3168 1903 3241 ἡμῶν

289 3263 402 3316 ούκ
433 3259 827 3332 ἀποτιθέμεθα.

374 3350 471 3414 Τίς
520 3351 669 3402 ἐστιν
701 3350 730 3402 6
771 3347 1008 3418 ποιήσας
1058 3345 1152 3398 16v
1197 3343 1430 3418 οὐρανὸν
1484 3345 1581 3399 καὶ
1619 3345 1718 3417 τὴν
1757 3346 1901 3418 γῆν;

307 3437 458 3508 Ἐγὼ
486 3436 649 3506 λέγω,
687 3436 767 3489 ὃτι
818 3437 844 3488 6
891 3434 1146 3507 Χριστός.
1186 3434 1298 3486 Καὶ
1334 3433 1499 3488 πόθεν
1535 3432 1734 3500 10510;
1781 3434 1904 3488 Ὅτι

295 3529 352 3582 εί
385 3527 460 3598 μὴ
513 3521 580 3597 ἦν
636 3525 913 3596 Δεσπότης
964 3523 1075 3576 τῶν
1136 3521 1414 3586 ἁπάντων,
1461 3522 1562 3576 οὐκ
1610 3521 1675 3575 ἂν
1726 3523 1785 3576 ὲν
1827 3523 1906 3594 τῷ

297 3613 623 3683 Εὐαγγελίῳ
645 3613 819 3665 ὲποίει
834 3612 901 3663 τὰ
922 3610 1178 3682 θαύματα
1200 3610 1265 3663 δι’
1286 3609 1423 3663 ὅλων
1438 3609 1548 3663 τῶν
1567 3610 1902 3682 κτισμάτων.

311 3699 571 3769 Ἐποίησε
601 3697 705 3768 γάρ
729 3695 794 3749 δι’
824 3695 961 3748 ὅλων
988 3695 1265 3764 στοιχείων
1285 3734 1298 3758 ,
1327 3692 1416 3746 διὰ
1449 3693 1574 3764 γῆς,
1594 3693 1682 3747 διὰ
1705 3693 1903 3747 θαλάσ-

301 3800 430 3854 σης,
479 3781 546 3835 δι’
593 3781 774 3852 ἀέρος,
825 3779 916 3833 διὰ
970 3777 1182 3847 πυρὸς,
1236 3777 1322 3830 ἴνα
1357 3780 1498 3848 φανῇ
1543 3776 1764 3830 πάντων
1795 3776 1904 3830 τῶν

299 3866 622 3936 κτισμάτων
679 3862 979 3932 Δεσπότης.
1045 3859 1365 3930 Ἐπεισῆλθε
1415 3860 1494 3930 τῷ
1543 3860 1644 3930 τῆς
1691 3859 1903 3931 ἡμέρας

301 3953 449 4023 φωτὶ
492 3951 554 4004 16
599 3950 701 4019 τῆς
746 3950 1009 4019 ἑσπέρας.
1050 3947 1242 4009 ’Ἥλιος
1293 3947 1522 4019 λάμπει,
1567 3948 1663 4001 καὶ
1711 3947 1903 4017 λύχνος

299 4040 554 4112 ὃᾳδουχεῖ
573 4056 587 4070 ’
620 4037 832 4108 ἡμέρας
861 4036 1037 4100 τέλος,
1061 4036 1156 4088 καὶ
1177 4035 1374 4098 νυκτὸς
1399 4037 1710 4106 προοίμιον.
1747 4034 1907 4089 Ἀλλὰ

304 4131 400 4195 σὺ,
423 4128 552 4181 ὅταν
583 4125 699 4196 ίδῃς
732 4123 922 4193 λύχνον
973 4124 1065 4176 κα)⁸
1102 4122 1274 4192 ἥλιον,
1328 4123 1486 4176 είπέο
1539 4123 1626 4192 Σή
1662 4123 1835 4178 ἐστιν
1862 4123 1900 4189 ἡ
1931 4176 1934 4179 _

294 4213 519 4286 ἡμέρα,
550 4214 647 4266 καὶ
681 4211 765 4280 σή
793 4212 965 4264 ἐστιν
994 4211 1033 4277 ἡ
1071 4211 1216 4274 νύξ·
1265 4209 1347 4264 σὺ
1381 4211 1721 4278 κατηρτίσω
1756 4210 1908 4280 φαῦ-

302 4317 417 4354 σιν
445 4300 543 4354 καὶ
577 4299 777 4367 ἣλιον.
830 4296 968 4349 Ἀλλ’
1003 4296 1062 4348 ού
1092 4296 1377 4350 διακόπτει
1411 4297 1502 4349 τὸν
1544 4297 1702 4364 λόγον
1740 4299 1774 4368 ὴ
1809 4298 1906 4368 δᾳ-

303 4389 519 4459 δουχία.
575 4390 668 4440 Δεῖ
715 4385 823 4457 γὰρ
863 4385 956 4438 τὸν
995 4384 1147 4453 ἥλιον
1199 4384 1424 4455 δραμεῖν
1470 4386 1563 4437 ἐπὶ
1598 4386 1697 4454 τὴν
1739 4384 1908 4437 αὑτοῦ

305 4476 558 4530 κέλευσιν
595 4475 692 4544 ιὈ
725 4475 900 4539 ἣλιος
939 4471 1047 4542 γάρ
1089 4471 1242 4540 ἔγνω
1291 4471 1406 4539 τὴν
1444 4471 1627 4525 δύσιν
1661 4471 1904 4541 αὑτοῦ),

309 4566 404 4617 ἵνα
431 4563 638 4633 δειχθῇ.
661 4563 742 4615 ὅτι
760 4560 994 4631 Χριστὸς
1025 4561 1244 4612 πάντων
1273 4559 1385 4610 τῶν
1403 4558 1908 4629 δημιουργημάτων

307 4651 589 4718 Δεσπότης
634 4649 771 4702 ἐστί.
825 4646 1096 4719 Κηρύττει
1148 4645 1246 4716 μὲν
1302 4646 1556 4714 Ἰωάννης
1595 4645 1789 4711 10510,
1827 4647 1909 4698 ὅτι

309 4738 518 4792 Πάντα
549 4734 786 4804 ἐγένετο
817 4734 890 4786 δι’
933 4732 1144 4793 αὑτοῦ,
1195 4731 1294 4784 καί
1327 4731 1504 4801 χωρίς
1533 4733 1723 4786 αὐτοῦ
1769 4731 1912 4786 οὐδὲ

305 4824 386 4879 ἓν
410 4823 655 4893 γέγονεν
683 4821 714 4874 ὃ
748 4821 1016 4890 γέγονεν.
1062 4819 1202 4871 Ἀλλ’
1226 4819 1332 4870 ἔδει
1365 4822 1438 4888 μὴ
1471 4819 1630 4889 μόνον
1658 4819 1736 4890 τῷ
1771 4818 1911 4890 λόγῳ

309 4911 545 4982 λάμψαι,
575 4909 713 4962 άλλὰ
748 4911 842 4961 καὶ
874 4909 1042 4979 ἔργῳ.
1080 4905 1242 4971 Λέγει
1271 4909 1338 4976 τῇ
1382 4905 1620 4977 θαλάττῃ
1642 4923 1656 4936 ⁸
1689 4905 1905 4970 Σιώπα,

311 5001 668 5067 πεφίμωσο·
708 4995 802 5049 καὶ
831 4994 1104 5064 ἐφιμώθη,
1155 4993 1248 5046 καὶ
1309 4993 1451 5060 ἔγνω
1497 4993 1559 5045 16
1606 4995 1766 5064 ἔργον
1820 4993 1911 5045 τὸν

311 5089 586 5158 τεχνίτην.
643 5083 780 5139 Εἷπε
835 5083 944 5155 γὰρ
990 5085 1057 5153 τῇ
1108 5081 1370 5152 θαλάττῃ,
1424 5083 1517 5135 καὶ
1564 5082 1908 5151 ὲσιιίιπησενσ

312 5175 439 5232 εἷπε
469 5179 546 5247 τῷ
586 5175 796 5245 ἀνέμῳ,
834 5175 927 5226 καὶ
957 5170 1232 5243 ἐφιμώθη.
1271 5172 1331 5222 Εἰ
1366 5171 1439 5241 μὴ
1466 5171 1765 5240 ὑπήκουσε,
1813 5171 1912 5223 οὑκ

315 5266 386 5316 ἂν
419 5263 673 5332 εποίησεν
702 5261 864 5314 αὐτόν
886 5276 899 5290 ο
945 5259 996 5312 εί
1039 5257 1114 5328 μὴ
1145 5253 1212 5328 ἦν
1243 5256 1434 5320 ὓδατος
1468 5259 1764 5328 Δεσπότης,
1813 5259 1912 5310 ούκ

312 5353 387 5408 ἂν
422 5351 683 5423 μετέϐαλε
720 5351 780 5403 16
820 5349 963 5419 ὕδωρ
1000 5348 1081 5411 είς
1107 5343 1282 5400 οἷνονο
1338 5348 1384 5399 εί
1433 5346 1506 5417 μὴ
1568 5343 1636 5417 ἦν
1683 5347 1911 5417 ούρανοῦ

313 5442 616 5512 Δεσπότης,
641 5441 742 5492 ούκ
773 5439 838 5494 ἂν
861 5439 1023 5491 αὑτὸν
1049 5437 1225 5508 ἀστὴρ
1249 5437 1305 5503 ἐξ
1329 5435 1558 5506 ούρανοῦ
1581 5437 1876 5505 ἐκήρυττεν
1896 5452 1909 5466 ·

314 5530 372 5582 εἰ
403 5529 476 5599 μὴ
513 5523 580 5598 ἦν
612 5527 762 5597 ἡλίου
796 5525 1096 5594 Δεσπότης,
1139 5525 1238 5576 οὐκ
1273 5525 1339 5575 ἂν
1390 5524 1577 5586 σκότος
1627 5524 1914 5576 ἐνεδύσατο

315 5619 381 5669 ὲν
424 5617 500 5685 τῷ
544 5612 782 5685 σταυρῷ.
818 5613 1051 5684 Χριστὸς
1106 5613 1198 5664 ἐπὶ
1252 5611 1506 5682 σταυροῦ,
1560 5613 1651 5664 καὶ
1690 5615 1717 5664 6
1765 5612 1914 5681 ἥλιος

317 5705 632 5776 ἐσκοτίσθη.
670 5707 731 5756 Ὢ
763 5704 854 5755 105
891 5703 1195 5773 θαύματοςί
1232 5702 1367 5754 Οὐδὲ
1414 5705 1444 5772 ἡ
1494 5703 1673 5766 κτίσις
1717 5703 1913 5772 ἤνεγκε

318 5795 422 5863 τὴν
470 5793 626 5863 ὓϐριν
684 5792 778 5844 105
833 5791 1122 5843 Δεσπότου.
1170 5789 1487 5860 Ἐσκοτίσθη
1523 5793 1550 5842 6
1595 5791 1767 5859 ἥλιος,
1830 5791 1914 5842 ἵνα

324 5881 503 5951 μάθῃς
553 5884 645 5934 καὶ
700 5883 756 5934 ὲν
808 5879 954 5950 αύτῴ
1009 5878 1086 5947 τῷ
1145 5877 1359 5948 σταυρῴ
1411 5879 1561 5948 ἡλίου
1615 5880 1910 5947 Δεσπότην.

334 5968 586 6040 Ἐκίσθη
628 5972 661 6040 ἡ
706 5970 800 6039 γῆ,
839 5970 924 6022 ἴνα
959 5966 1156 6038 μάθῃς,
1211 5967 1293 6020 ὅτι
1334 5967 1460 6036 περὶ
1495 5967 1661 6020 αὑτοῦ
1691 5971 1718 6021 6
1749 5968 1913 6020 Δαυῖδ

1298 511 1387 566 DE
1425 507 1640 566 MUNDI
1680 504 2077 563 CREATIONE
2117 508 2378 566 ORATIO
2408 508 2493 566 Ill.

3475 528 3590 584 456

1995 625 2176 684 εἶπεν·
2209 631 2272 684 Ὀ
2299 629 2637 684 ἐπιϐλέπων
2655 631 2751 685 ἐπὶ
2777 632 2890 700 τὴν
2919 631 3034 702 γῆν
3057 631 3153 687 καί
3185 628 3370 685 ποιῶν
3389 630 3584 700 αὐτὴν

1991 714 2243 784 τρέμειν.
2303 715 2665 786 Ἐσχίσθησαν
2715 718 2771 770 αἱ
2811 718 3031 788 πέτραι,
3085 719 3172 772 ἵνα
3215 717 3393 787 μάθῃς
3455 716 3583 788 περὶ

1991 798 2135 862 τίνος
2193 794 2345 852 εἶπεν
2403 801 2431 850 6
2479 803 2802 871 προφήτηςο
2849 802 2902 853 Ὁ
2954 802 3141 870 θυμὸς
3181 801 3368 855 αὑτοῦ
3418 800 3582 868 τήκει

1990 881 2201 952 ἀρχὰς,
2225 881 2322 936 καί
2343 885 2404 936 αί
2424 882 2630 951 πέτραι
2648 884 2990 953 ἑθρύϐησαν
3009 888 3108 940 ἀπ’
3130 884 3338 940 αὑτοῦ.
3359 886 3580 957 Ἡνοίγη

1992 968 2060 1020 τὰ
2097 968 2377 1037 μνήματα,
2412 967 2499 1020 ἴνα
2544 971 2682 1038 φανῇ
2711 969 2745 1039 ἡ
2788 970 3112 1033 ἀνάστασις,
3158 971 3250 1022 καὶ
3290 971 3317 1023 6
3351 969 3584 1040 ἐγείρων

1991 1048 2125 1114 Θεὸς
2152 1049 2239 1102 διὰ
2267 1049 2376 1104 τῶν
2404 1049 2623 1103 πάντων
2645 1050 2852 1124 λάμψει.

2065 1132 2130 1197 ζ’.
2187 1132 2345 1186 Ἀλλὰ
2375 1133 2456 1186 δεῖ
2485 1135 2632 1204 ἡμᾶς
2678 1136 2771 1187 καὶ
2815 1135 3006 1204 ηθικδν
3044 1136 3263 1207 κινῆσαι
3305 1135 3482 1203 λόγον.
3528 1134 3586 1188 ’0

1991 1214 2184 1285 λύχνος
2211 1217 2362 1285 ἡμᾶς
2393 1216 2548 1270 καλεῖ
2578 1219 2670 1270 ἐπὶ
2698 1218 2758 1270 16
2781 1220 2956 1271 εἰπεῖν
2975 1237 2987 1248 ·
3026 1221 3266 1287 Λύχνος
3296 1218 3419 1284 τοῖς
3440 1218 3589 1273 ποτε

1989 1319 2108 1374 μου
2135 1303 2168 1356 ό
2189 1303 2373 1372 λόγος
2404 1318 2545 1365 σου,
2567 1302 2664 1354 καί
2696 1300 2822 1371 φῶς
2858 1302 2988 1368 ταῖς
3024 1305 3245 1370 τρίϐοις
3270 1319 3410 1372 μου.
3439 1303 3589 1356 Κατ-

1992 1383 2187 1438 έλαὸεν
2202 1385 2412 1456 ἑσπέρα
2433 1386 2519 1438 ἵνα
2543 1384 2812 1456 λέγωμεν·
2841 1387 3302 1452 Κατευθυνθιὶτω
3327 1385 3364 1452 ὴ
3400 1399 3590 1454 προσ-

1992 1472 2143 1543 ευχή
2170 1492 2289 1544 μου
2319 1475 2400 1542 ὡς
2427 1475 2689 1544 θυμίαμα
2731 1474 2990 1529 ἐνώπιόν
3019 1490 3158 1535 σου.
3194 1475 3445 1542 ἔπαρσις
3472 1470 3592 1526 τῶν

1993 1560 2209 1630 χειρῶν
2224 1580 2342 1631 μου
2365 1566 2547 1618 θυσία
2567 1562 2878 1631 ὲσπερινή.
2907 1561 3057 1634 [464]
3076 1563 3183 1616 Καὶ
3217 1560 3356 1614 διατί
3386 1559 3460 1630 μὴ
3486 1560 3590 1613 ὲω-

1996 1652 2153 1723 θινής
2188 1647 2313 1706 Ὧδε
2349 1652 2440 1709 τὸν
2472 1653 2614 1707 νοῦνο
2651 1655 2687 1707 ἃ
2725 1654 2832 1725 γάρ
2866 1653 3159 1724 ψάλλομεν,
3199 1651 3483 1721 ὀφείλομεν
3517 1650 3594 1702 εί.

1993 1741 2164 1795 δέναι.
2193 1741 2354 1810 Λέγει
2382 1743 2562 1794 Δαυΐδ·
2599 1741 2836 1796 Ψαλατε
2866 1741 3452 1808 συνετῶς.¹Έπαρσις
3477 1736 3595 1792 τῶν

1999 1830 2212 1900 χειρῶν
2233 1848 2353 1900 μου
2393 1832 2576 1886 θυσία
2604 1831 2914 1900 ἐσπερηυή.
2965 1832 3068 1884 Δύο
3111 1831 3300 1894 θυσίας
3338 1829 3592 1884 ἐκέλευσε

1996 1917 2240 1987 Μωῦσῆς
2272 1917 2546 1987 γίνεσθαι,
2599 1918 2797 1990 μᾶλλον
2839 1919 2893 1972 δὲ
2936 1920 3104 1983 Θεός⁸
3161 1919 3288 1990 μίαν
3331 1917 3588 1988 ἑωθινὴν,

2003 2006 2132 2076 μίαν
2161 2007 2477 2079 ἑσπερινήν.
2515 2006 2580 2061 Ἦ
2609 2006 2835 2078 όρθρινὴ
2873 2007 3197 2080 εὐχαριστία.
3230 2003 3298 2073 ἦν
3329 2006 3468 2076 ὑπὲρ
3490 2005 3593 2074 τῆς

2000 2095 2217 2158 νυκτός.
2272 2094 2329 2147 '0
2359 2095 2468 2165 γάρ
2498 2094 2787 2159 διασωθεὶς
2813 2096 2913 2166 τὴν
2943 2096 3134 2160 νύκτα,
3177 2094 3494 2165 εὐχαριστεῖ
3534 2095 3594 2144 ὲν

1999 2186 2064 2256 τῇ
2098 2184 2302 2258 ἡμέρᾳ.
2337 2184 2401 2238 Ἦ
2424 2185 2687 2256 ἑσπερινῃ
2710 2184 2869 2238 θυσία
2897 2185 3216 2256 εὐχαριστία
3235 2180 3300 2255 ἦν
3327 2181 3467 2253 ὑπὲρ
3495 2180 3594 2250 τῆς

1998 2273 2233 2346 ἡμέρας.
2277 2272 2497 2344 Ἐπειδὴ
2526 2272 2855 2345 διετήρησάς
2886 2291 2974 2344 με,
3005 2275 3190 2344 φησὶν,
3212 2275 3268 2326 ὲν
3297 2275 3362 2342 τῇ
3385 2269 3592 2342 ἡμέρᾳ.

2000 2361 2306 2432 εὐχαριστῶ
2365 2378 2447 2415 σοι
2497 2361 2638 2432 ὑπὲρ
2680 2362 2808 2431 ὅλης
2852 2362 2952 2432 τῆς
3000 2362 3239 2433 ἡμέρας.
3282 2360 3348 2413 Ἡ
3399 2357 3598 2429 ἑωθινὴ

2002 2447 2163 2504 θυσία
2206 2450 2267 2503 ού
2314 2449 2528 2521 δέχεται
2571 2450 2663 2504 τὸν
2704 2451 3106 2522 άμαρτήσαντα
3149 2451 3207 2501 ὲν
3256 2448 3438 2504 νυκτί.
3498 2446 3598 2501 Διὰ

2000 2536 2161 2590 τοῦτο
2207 2537 2392 2606 λέγει’
2449 2539 2750 2607 Ἕπαρσις
2803 2537 2923 2592 τῶν
2979 2535 3191 2607 χειρῶν
3250 2553 3367 2606 μου
3415 2536 3600 2591 θυσία

2002 2625 2316 2695 έσπερινή.
2345 2625 2585 2697 Εἰσέρχῃ
2625 2625 2887 2698 ἑσπέραν,
2929 2624 3120 2689 ἁπλοῖς
3153 2623 3250 2687 τὰς
3284 2625 3502 2695 χεῖραςο
3548 2621 3597 2675 εί

2003 2713 2186 2785 ἔχουσι
2217 2714 2531 2787 παρρησίαν
2564 2714 2959 2768 άπλούσθωσαν
2982 2731 2994 2745 ·
3023 2715 3070 2766 εί
3100 2712 3175 2784 μὴ
3205 2711 3453 2781 ἔγραψαν
3486 2708 3600 2764 ἀδι-

2003 2803 2148 2864 κίαν,
2190 2804 2238 2856 εί
2265 2803 2339 2875 μὴ
2370 2806 2628 2875 ἥρπασαν
2666 2802 2929 2872 πένητας,
2968 2803 3015 2856 εί
3053 2802 3127 2872 μὴ
3163 2799 3599 2869 ἐπλεονέκτησαν

2003 2893 2296 2962 ὀρφανοὺς,
2327 2891 2402 2953 ὼς
2428 2891 2721 2960 πρόσωπον
2738 2890 2955 2961 ἔχουσαι
2982 2890 3357 2959 ύψούσθωσαν.
3386 2888 3600 2954 Ἐπαρ-

2005 2995 2108 3042 σις
2137 2977 2256 3030 τῶν
2283 2977 2498 3046 χειρῶν
2512 2994 2632 3046 μου
2656 2994 2669 3008 ·
2700 2978 2821 3032 ἀντὶ
2847 2977 2964 3043 τοῦ,
2999 2979 3194 3041 Βλέπε,
3216 2974 3409 3047 Κύριε,
3430 2973 3599 3028 καθασ

2010 3065 2100 3137 ραι
2134 3066 2189 3119 αί
2223 3067 2420 3136 χεῖρες.
2463 3065 2673 3134 Ὥσπερ
2705 3065 2814 3136 γὰρ
2853 3067 2881 3119 6
2923 3066 3271 3137 ἁμαρτήσας,
3308 3062 3601 3135 πρόσωπον

2006 3154 2210 3225 ἐπᾶραι
2232 3153 2294 3206 ού
2323 3151 2568 3218 δύναται,
2591 3152 2704 3206 ἀλλ’
2729 3153 2835 3207 ὑπὸ
2866 3153 3222 3224 συνειδήσεως
3253 3151 3598 3222 κάμπτεται,

2007 3239 2151 3294 οὕτω
2199 3239 2319 3311 χεὶρ
2370 3239 2756 3312 μεμολυσμένη
2798 3241 2918 3294 οὐδὲ
2965 3239 3139 3311 τολμᾷ
3184 3238 3602 3310 ἀντιπρόσωπος

2008 3328 2263 3398 γενέσθαι
2291 3327 2428 3399 Θεῷ.
2460 3327 2635 3382 Βλέπε
2660 3347 2673 3361 ο
2703 3330 2751 3382 εί
2783 3328 3026 3400 καθαραὶ
3051 3329 3107 3380 αἱ
3138 3330 3317 3399 χεῖρες
3343 3326 3452 3380 ἀπὸ
3483 3325 3600 3379 ἁδι-

2009 3418 2155 3482 κίας,
2176 3418 2592 3474 ἁπλούσθωσαν.
2617 3418 2717 3472 Διὰ
2734 3418 2892 3472 10510
2920 3421 2947 3472 6
2975 3419 3320 3489 πατριάρχης
3352 3415 3603 3489 Ἀδραὰμ

2010 3508 2365 3579 παρῃτήσατο
2423 3505 2606 3560 λαϐεῖν
2654 3507 2761 3560 ἀπὸ
2800 3506 3248 3577 αἰσχροκερδείας
3292 3505 3481 3575 κέρδη,
3515 3504 3605 3558 ὅτε

2010 3596 2195 3664 ἔλεγεν
2223 3595 2371 3666 αὐτῷ
2404 3595 2432 3647 6
2456 3595 2708 3665 βασιλεὺς
2738 3595 2988 3665 Σοδόμων
3007 3611 3020 3625 ·
3062 3594 3216 3648 Λάϐε
3239 3595 3455 3648 πάντα’
3495 3594 3602 3662 μό-

2010 3700 2124 3736 νον
2150 3683 2257 3749 τὰς
2288 3682 2578 3753 γυναῖκας
2625 3683 2963 3736 ἀπόλυσον.
3020 3683 3138 3735 Ἵνα
3165 3677 3258 3734 οὖν
3288 3680 3604 3752 παρρησίαν

2012 3771 2130 3844 ἔχῃ,
2161 3771 2314 3824 οὐδὲν
2356 3770 2579 3823 ἔλαϐεν·
2611 3769 2860 3841 καθαρὰς
2891 3770 2946 3822 δὲ
2974 3769 3112 3840 ἔχων
3147 3771 3244 3833 τὰς
3271 3772 3459 3839 χεῖρας
3487 3768 3603 3821 ἐλε-

2011 3875 2134 3927 γεν·
2177 3856 2431 3912 Ἐκτενῶ
2467 3856 2574 3924 τὰς
2612 3857 2816 3926 χεῖράς
2853 3875 2971 3926 μου
3001 3857 3151 3924 πρὸς
3186 3859 3292 3910 τὸν
3323 3857 3491 3922 Θεὸν,
3537 3856 3605 3921 ὃς

2012 3947 2262 4013 ἐποίησε
2291 3944 2398 3998 τὸν
2430 3945 2692 4012 οὐρανὸν
2719 3944 2814 3997 καὶ
2843 3944 2955 4011 τὴν
2995 3943 3129 4014 γῆν.
3177 3944 3286 3997 Καὶ
3321 3944 3601 4010 ἐξέτεινεν,

2017 4033 2205 4105 ἐπειδὴ
2229 4036 2327 4087 οὐκ
2356 4030 2496 4104 ἦσαν
2527 4033 2932 4104 μεμολυσμέναι
2967 4034 3350 4104 κέρδειάδίκῳ.
3384 4035 3606 4102 Ἐπαρ-

2014 4141 2115 4190 σις
2131 4123 2250 4177 τῶν
2273 4123 2489 4192 χειρῶν
2512 4142 2653 4193 μου.
2697 4123 3022 4195 Ἐρμηνεύει
3051 4124 3129 4188 16,
3167 4126 3456 4192 Ἔπαρσις
3487 4123 3607 4177 τῶν

2015 4211 2229 4282 χειρῶν
2245 4229 2386 4280 μου,
2424 4211 2669 4274 Παῦλος’
2703 4213 3002 4279 Βούλομαι
3042 4209 3157 4266 οὖν
3199 4212 3340 4278 τοὺς
3379 4213 3605 4278 (ἲν-ἄρας

2013 4302 2457 4369 προσεύχεσθαι
2492 4299 2562 4352 ἐν
2582 4301 2758 4352 παντὶ
2785 4301 2966 4364 τόπῳ,
3010 4300 3366 4368 ἐπαίροντας
3393 4301 3607 4365 ὁσίους

2016 4387 2218 4454 χεῷας
2248 4388 2425 4456 χωρὶς
2463 4387 2647 4456 ὁρτῆς
2682 4388 2779 4439 καὶ
2813 4387 3239 4456 διαλογισμῶν.
3287 4388 3348 4440 Ἠ
3395 4388 3606 4458 ἑσπέρα

2017 4473 2239 4526 ἀπαιτεῖ
2288 4475 2434 4544 ἡμᾶς
2477 4474 2546 4526 τὰ
2586 4472 2685 4543 τῆς
2737 4475 2973 4543 ἑσπέρας
3026 4474 3182 4544 ἔργα.
3245 4473 3460 4537 ’Δπλοίς
3508 4475 3608 4539 τὰς

2018 4563 2208 4630 χεῖρας
2230 4577 2242 4592 ·
2273 4561 2470 4632 ἐρευνᾷ
2491 4562 2520 4612 6
2541 4561 2804 4630 τεχνίτης.
2837 4562 3094 4631 Ἔρχεται
3110 4562 3137 4612 ὁ
3153 4560 3372 4624 ἑωθινὸς
3395 4562 3606 4633 καιρὸς,

2017 4648 2111 4701 καὶ
2143 4647 2237 4700 ἐὰν
2279 4647 2354 4718 μὴ
2387 4647 2516 4718 ἔχῃς
2543 4648 2787 4718 καθαρὰν
2819 4647 2914 4716 τὴν
2941 4651 3100 4719 χεῖρα
3139 4649 3172 4719 ἢ
3213 4648 3311 4719 τὴν
3345 4649 3608 4715 διάνοιαν,

2015 4735 2237 4788 ἑωθινὸν
2261 4735 2453 4806 καιρὸν
2474 4733 2595 4787 ούτε
2617 4735 2744 4787 ἰδεῖν
2762 4735 2967 4806 τολμᾷς
2983 4753 2995 4764 ο
3031 4737 3063 4804 ἡ
3091 4739 3256 4806 πεῖρα
3269 4735 3605 4800 διδάσκαλος.

2028 4823 2316 4892 Ἐννόησον
2345 4823 2472 4875 ὅταν
2494 4839 2578 4884 τις
2598 4822 2836 4893 καθαρὸς
2855 4822 3129 4892 διαμείνῃ.
3160 4822 3279 4886 πῶς
3304 4824 3609 4894 εἰσέρχεται

2015 4911 2104 4965 διὰ
2142 4909 2478 4981 παρρησίας,
2521 4909 2596 4973 ὡς
2633 4909 2768 4963 ίδίαν
2811 4909 2981 4980 αύλὴν
3021 4910 3228 4965 πατῶν.
3285 4911 3612 4983 Παρρησίαν

2014 5001 2124 5069 γάρ
2161 4997 2308 5068 αύτῷ
2344 4997 2560 5050 δίδωσιν
2598 4999 2656 5051 ὲν
2690 4997 2770 5066 τῷ
2813 4997 3020 5069 ὲωθινῷ
3070 4998 3247 5069 καιρῷ
3291 5001 3324 5069 ή
3358 4999 3418 5053 ἐν
3455 5001 3614 5054 νυκτὶ

2019 5085 2365 5157 σωφροσύνη.
2400 5084 2500 5138 Διὰ
2520 5083 2680 5137 τοῦτο
2700 5084 2863 5138 Δαυῒδ
2893 5084 3039 5152 λέγει
3065 5101 3080 5115 ·
3108 5086 3176 5137 El
3196 5085 3611 5154 ἐμνημόνευόν

2018 5189 2133 5227 σου
2159 5173 2258 5226 ἐπὶ
2281 5171 2393 5242 τῆς
2409 5171 2727 5241 στρωμνῆς
2747 5189 2887 5240 μου,
2917 5171 2988 5224 ἐν
3011 5171 3136 5238 τοῖς
3155 5172 3385 5241 ὄρθροις
3403 5173 3628 5242 έμλέο,

2018 5277 2136 5314 των
2187 5263 2274 5326 είς
2323 5259 2418 5314 σέ.
2475 5259 2797 5329 Εὐχαριστῶ
2838 5259 2916 5330 τῷ
2955 5259 3115 5328 Θεῷο
3174 5260 3479 5330 μέμνημαι,
3529 5261 3612 5315 ὅτι

2016 5349 2335 5419 κάμνουσαν
2374 5350 2508 5418 ἡμῖν
2541 5348 2638 5418 τὴν
2679 5347 2862 5418 φωνὴν
2911 5349 2940 5399 6
2987 5347 3081 5399 105
3133 5347 3270 5400 Θεοῦ
3316 5347 3610 5418 άνώρθωσε

2020 5437 2196 5505 λόγος,
2224 5437 2284 5490 ού
2319 5438 2454 5507 πρὸς
2477 5437 2574 5506 τὴν
2602 5436 2880 5507 ἡμετέραν
2915 5435 3073 5500 ἀξίαν
3106 5436 3266 5508 ὀρῶν,
3303 5436 3437 5490 ἀλλὰ
3472 5436 3611 5509 πρὸς

2019 5527 2109 5579 τὸν
2146 5527 2411 5597 ὑμέτερον
2464 5525 2644 5579 πόθον.
2691 5524 2991 5596 Εύξώμεθα
3043 5526 3225 5578 τοίνυν
3269 5527 3326 5577 ὲν
3381 5526 3609 5598 ἀληθείᾳ

2021 5617 2268 5688 καρδίας,
2306 5615 2402 5670 καὶ
2431 5617 2654 5688 εἰρήνην
2682 5616 2847 5685 ἔχειν,
2886 5616 2980 5668 καὶ
3026 5617 3083 5670 ὲν
3125 5615 3343 5687 δρθροις
3371 5619 3602 5688 παρῤηε

2024 5704 2323 5768 σιάζεσθαι,
2354 5705 2448 5758 καὶ
2477 5705 2759 5774 αίρετικὴν
2796 5706 2991 5774 μανίαν
3029 5703 3272 5772 φεύγειν,
3317 5705 3410 5757 καὶ
3449 5703 3607 5776 ὀρθό-

2021 5793 2171 5857 δοξον
2207 5794 2390 5845 πίστιν
2426 5792 2801 5863 μεταδιώκειν,
2855 5792 2945 5844 καὶ
2974 5792 3130 5856 δόξαν
3161 5792 3510 5862 ἀναπέμπειν
3533 5790 3610 5862 τῷ

2023 5882 2198 5951 lla-:03.
2235 5881 2328 5934 καὶ
2360 5881 2438 5949 τῷ
2469 5879 2582 5950 Υἱῷ
2609 5881 2701 5934 καὶ
2729 5880 2806 5948 τῷ
2846 5880 2986 5949 ἁγίῳ
3030 5879 3333 5948 Πνεύματι,
3380 5879 3476 5932 νῦν
3518 5882 3606 5936 καὶ

2022 5970 2127 6034 ἀεὶ,
2161 5969 2253 6021 καὶ
2284 5969 2362 6032 είς
2393 5969 2514 6032 τοὺς
2550 5968 2751 6031 αἰώνκς
2780 5969 2886 6021 τῶν
2918 5967 3144 6022 αἰώνων.
3188 5968 3376 6038 Ἀμήν.
