4102 6534
240 539 353 593 45⁸7

251 639 589 713 gloriamque
647 635 945 692 rcferamus
981 631 1161 698 Patri,
1208 630 1345 685 Filio
1373 637 1428 685 et
1460 625 1681 697 Spiritui
1728 640 1856 680 sau—

252 741 343 788 cto
370 745 513 787 nunc
539 738 595 785 et
621 742 857 799 semper,
889 734 944 781 et
969 726 1021 779 in
1049 723 1245 779 saecula
1272 721 1614 776 smcnlorum.
1658 719 1853 775 Amen.

424 822 671 893 Ejusdem
696 821 748 875 in
774 828 1005 892 quartam
1022 818 1155 872 diem
1182 815 1449 869 creationis
1470 812 1675 867 mundi.

330 918 385 973 1.
415 915 711 972 Labentem
760 928 948 969 vocem
996 920 1233 966 nostram
1268 909 1433 977 pridie
1464 923 1559 979 per
1584 905 1854 962 orationes

251 1019 464 1066 vestras
494 1023 694 1080 perque
722 1015 960 1062 vestrum
988 1003 1315 1060 desiderium
1350 1002 1439 1057 Dei
1468 1001 1638 1071 gratia
1672 1000 1855 1054 ﬁrma-

250 1103 351 1157 vit.
384 1101 503 1173 Ipsa
543 1101 704 1173 igitur
743 1099 993 1169 magistra
1027 1110 1155 1151 usus
1194 1093 1526 1164 experientia
1550 1135 1564 1158 ,
1592 1103 1852 1163 quantmn

251 1208 408 1248 amor
435 1192 739 1262 divinaeque
760 1190 973 1259 pietatis
997 1187 1236 1243 studium
1268 1193 1444 1255 potest
1463 1223 1478 1249 ,
1504 1184 1571 1240 ad
1607 1183 1851 1239 eamdem

249 1284 683 1340 obsecrationem
714 1281 932 1345 accedo,
962 1293 1150 1334 rursus
1169 1291 1366 1348 rogans
1388 1285 1448 1330 ut
1474 1275 1717 1331 eamdem
1758 1288 1854 1343 pro

252 1376 413 1431 nobis
441 1374 668 1445 gratiam
713 1373 926 1445 petatis.
967 1370 1101 1426 Nam
1132 1371 1176 1423 si
1210 1384 1304 1423 vas
1336 1366 1615 1423 electionis
1633 1365 1851 1428 Paulus,

248 1470 342 1539 qui
365 1468 638 1525 Christum
691 1466 746 1523 in
788 1467 970 1536 seipso
1012 1466 1318 1535 loquentem
1366 1461 1614 1526 habebat,
1646 1461 1768 1529 quia
1823 1474 1849 1511 a

246 1564 456 1636 Spiritu
479 1570 670 1618 sancto
695 1560 1003 1631 regebatur,
1022 1557 1325 1612 auditorum
1351 1554 1711 1625 precationem
1731 1568 1848 1605 mu~

245 1657 503 1714 tuabatur
541 1655 727 1711 dicens
759 1672 773 1709 :
804 1652 1035 1719 Fratres,
1068 1662 1215 1706 orate
1246 1666 1339 1721 pro
1365 1666 1443 1703 me
1468 1689 1483 1714 ,
1513 1658 1565 1701 ut
1608 1648 1729 1700 mihi
1759 1646 1849 1699 de-

248 1759 336 1802 tur
365 1748 567 1802 verbum
623 1747 676 1801 in
730 1746 992 1816 apertione
1038 1745 1141 1798 oris
1197 1742 1295 1795 mei
1335 1742 1355 1811 (
1389 1740 1580 1811 Ephes.
1610 1739 1665 1794 6.
1708 1737 1849 1808 19):

247 1849 452 1910 quanto
482 1838 652 1908 magis
698 1852 797 1892 nos
828 1836 961 1891 viles
982 1877 996 1902 ,
1028 1844 1083 1890 et
1111 1834 1237 1904 qui,
1270 1842 1329 1887 ut
1377 1834 1446 1886 ita
1473 1831 1647 1885 dicam
1673 1872 1689 1896 ,
1722 1830 1851 1884 nihil

248 1947 466 1996 sumus,
504 1930 945 1986 intercessionem
996 1938 1231 1982 vestram
1279 1933 1543 1994 petemus,
1575 1933 1633 1977 ut
1660 1924 1853 1991 linguae

246 2023 523 2077 vinculum
566 2021 804 2076 solvatur
827 2059 843 2085 ,
869 2019 1142 2089 aperiatur
1170 2016 1412 2072 veritatis
1458 2029 1675 2079 sermo;
1707 2014 1852 2082 ipsa-

246 2135 354 2191 que
383 2118 559 2174 divina
584 2117 756 2189 gratia
788 2115 1099 2185 expeditum
1123 2128 1382 2183 organum
1410 2109 1697 2173 custodiat,
1731 2124 1855 2161 sen-

246 2210 649 2281 tentiarumque
674 2209 883 2278 copiam
909 2206 1250 2277 suppeditet;
1284 2219 1389 2259 non
1418 2212 1476 2257 ut
1503 2202 1650 2257 solus
1672 2209 1855 2255 orator

245 2302 429 2357 divina
481 2302 750 2366 lucretur,
798 2299 894 2355 sed
924 2309 981 2355 ut
1021 2298 1297 2353 vobiscum
1343 2296 1614 2351 caelestem
1644 2293 1855 2347 hauriat

248 2395 590 2451 thesaurum.
619 2396 731 2465 Age
760 2409 891 2464 ergo
918 2434 932 2457 ,
974 2393 1125 2462 prius
1154 2390 1420 2445 dictorum
1452 2388 1611 2442 seriei
1644 2386 1842 2439 lueren-

246 2502 389 2543 tuus.
421 2488 522 2541 Par
553 2495 635 2541 est
660 2487 827 2549 enim,
860 2484 1113 2549 arbitror,
1149 2491 1209 2537 ut
1248 2479 1702 2551 quemadmodum
1740 2478 1853 2547 ipse

245 2581 523 2652 legislator
552 2580 761 2654 Moyses
799 2580 941 2635 serie
989 2587 1150 2646 atque
1196 2574 1385 2630 ordine
1415 2572 1703 2629 creationis
1740 2585 1853 2625 ser-

246 2690 465 2729 monem
496 2673 745 2735 absolvit,
774 2673 853 2726 sic
898 2681 953 2726 et
980 2686 1078 2724 nos
1107 2669 1297 2739 primis
1323 2665 1578 2729 secunda,
1602 2663 1853 2718 secundis

244 2769 403 2823 tertia
436 2766 752 2836 cepuletnus
771 2772 827 2818 et
851 2763 1263 2831 distinguamus,
1292 2758 1551 2826 vobisque
1582 2771 1686 2809 non
1711 2770 1847 2824 pra:-

244 2869 519 2933 posteram
548 2857 815 2913 sermonis
855 2854 1252 2915 enarrationem
1286 2850 1579 2905 tradamus.
1618 2848 1850 2916 Compa-

243 2963 393 3009 t-tum
418 2962 537 3006 erat
565 2950 775 3015 caelum,
809 2948 981 3003 solide
1007 2955 1268 3001 structum
1299 2945 1692 2998 ﬁrmamentum
1720 2982 1735 3006 ,
1761 2955 1851 2995 se-

244 3053 523 3115 gregatum
558 3056 724 3103 mare,
767 3039 973 3095 detecta
1004 3048 1166 3102 terra,
1194 3036 1474 3101 fructibus,
1519 3033 1733 3104 plantis,
1761 3048 1851 3086 ar-

246 3137 468 3192 boribus
493 3177 507 3199 ,
540 3134 771 3189 fontibus
815 3134 959 3186 varie
990 3142 1200 3193 ornata,
1235 3139 1289 3183 et
1332 3137 1390 3181 ut
1435 3127 1743 3181 summatim
1774 3124 1854 3179 di-

244 3246 386 3293 cam,
417 3230 665 3283 omnibus
708 3228 807 3282 sibi
848 3225 1267 3295 congruentibus
1294 3224 1543 3278 decorata
1575 3230 1711 3277 erat.
1750 3220 1852 3276 Nc-

244 3338 355 3393 que
381 3323 523 3377 enim
556 3322 781 3390 simplex
813 3321 1056 3389 qna'dam
1086 3318 1339 3372 ferocitas
1371 3318 1463 3371 fuit
1490 3360 1503 3381 ,
1537 3317 1629 3372 sed
1658 3316 1851 3370 distin-

244 3425 335 3470 cta
363 3423 419 3470 et
456 3414 624 3467 varia.
669 3412 800 3466 Nam
830 3412 931 3464 alia
978 3412 1145 3479 ipsam
1174 3410 1438 3463 ornabant
1480 3418 1677 3462 terram
1706 3424 1719 3472 ;
1750 3408 1850 3459 alia

247 3511 305 3566 in
351 3523 528 3563 escam
562 3506 870 3561 hominibus
901 3515 954 3559 et
990 3504 1159 3558 brutis
1188 3502 1550 3556 animantibus
1592 3499 1850 3570 producta

244 3608 396 3665 sunt,
418 3608 611 3654 uetera
642 3597 946 3653 hominibus
967 3611 1122 3648 usum
1149 3593 1478 3663 praebebant.
1510 3591 1691 3661 Neque
1709 3592 1849 3643 enim

240 3693 534 3764 pra‘sentis
561 3703 643 3747 est
667 3691 947 3760 temporis,
972 3690 1182 3743 diversa
1206 3689 1288 3740 illa
1319 3704 1439 3757 qtae
1466 3704 1531 3740 ex
1569 3695 1707 3740 terra
1739 3699 1852 3753 pro-

246 3788 411 3842 ducta
441 3796 565 3840 sunt
596 3799 882 3841 recensere
908 3825 920 3847 ,
956 3798 1021 3836 ne
1044 3780 1310 3836 sermonis
1335 3778 1607 3847 longitudo
1635 3776 1853 3830 auribus

246 3879 445 3935 vestris
476 3876 698 3931 molesta
731 3877 819 3928 sit.
854 3872 1330 3942 Acceperatetiam
1362 3872 1549 3923 cadum
1578 3868 1849 3937 proprium

246 3970 356 4025 sibi
386 3978 654 4023 ornatum.
691 3968 941 4023 Procedit
966 3967 1077 4035 jam
1112 3966 1251 4019 Deus
1274 3965 1344 4017 ad
1362 3977 1548 4033 aquas,
1578 3961 1850 4030 efﬁcitque

249 4072 313 4119 ut
338 4061 441 4115 illa:
466 4061 699 4115 animant
739 4061 1006 4114 viventem
1037 4058 1354 4126 producant.
1388 4070 1614 4124 magnus
1640 4056 1853 4121 sapiena

249 4154 604 4223 tissimusqne
654 4151 879 4209 Creator
902 4193 915 4214 ,
948 4150 1035 4219 qui
1089 4149 1258 4202 libero
1288 4162 1386 4201 suo
1434 4157 1563 4201 nutu
1592 4154 1649 4200 et
1679 4144 1851 4200 Verbo

244 4256 442 4305 sancto
467 4261 565 4304 suo
588 4244 766 4299 omnia
797 4246 947 4309 fecit,
994 4254 1053 4297 ut
1076 4258 1139 4297 ex
1174 4243 1286 4311 ipsa
1323 4240 1483 4295 Verbi
1514 4241 1739 4295 veritate
1770 4255 1853 4293 re-

246 4356 371 4396 rum
399 4339 678 4393 veritatem
710 4338 898 4399 nostis,
932 4352 1053 4390 cum
1084 4335 1362 4389 audivistis
1390 4350 1513 4388 eum
1544 4334 1847 4391 dicentem:

244 4433 635 4504 Congregenlur
663 4446 810 4500 aqua:
838 4446 855 4493 ;
883 4440 936 4484 et
966 4430 1144 4482 statim
1175 4441 1309 4496 opus
1336 4436 1619 4496 sequutum
1652 4435 1767 4487 est;
1792 4440 1855 4478 ac

245 4541 490 4588 rursum,
528 4522 729 4577 Educat
776 4534 951 4585 terra;
991 4531 1062 4588 et,
1093 4520 1330 4575 Educant
1369 4536 1549 4590 aquae;
1580 4529 1663 4580 et,
1698 4519 1854 4572 Fiant

245 4616 548 4672 luminaria.
576 4613 833 4683 Multique
856 4614 1012 4667 fuerit
1044 4612 1319 4680 temporis,
1340 4612 1517 4665 omnia
1538 4626 1656 4681 qua:
1678 4611 1853 4664 Verbo

247 4708 393 4762 facta
422 4715 546 4760 sunt
566 4720 706 4759 nunc
736 4719 985 4759 sermone
1014 4705 1283 4773 prosequi.
1310 4702 1378 4757 Ut
1408 4703 1549 4756 enim
1583 4703 1852 4771 antiquam

248 4802 402 4857 illam
431 4800 759 4854 creationem
789 4799 1079 4859 mittamus,
1108 4797 1218 4865 jam
1246 4797 1521 4850 veniamus
1552 4795 1616 4849 ad
1645 4810 1705 4849 ea
1735 4810 1853 4862 quae

249 4894 306 4948 in
341 4892 489 4945 Novo
520 4891 864 4945 Testamento
893 4889 1008 4944 solo
1036 4890 1216 4944 Verbo
1238 4890 1303 4941 ab
1325 4905 1390 4943 eo
1417 4899 1541 4941 sunt
1569 4889 1725 4941 facta.
1761 4889 1856 4941 llic

250 4997 489 5051 namque
513 4981 702 5051 estqui
727 4990 904 5034 vetera
931 4982 1150 5043 creavit,
1174 4988 1224 5033 et
1245 4994 1380 5032 nova
1412 4979 1536 5032 fecit
1560 4979 1851 5033 secundum

248 5076 518 5132 Joannem
557 5071 822 5127 dicentem
858 5088 870 5123 :
922 5073 1109 5123 Untnia
1140 5088 1226 5139 per
1257 5072 1422 5140 ipsum
1467 5073 1601 5141 facta
1626 5082 1785 5136 sunt,
1814 5088 1842 5125 δ

247 5170 369 5225 sine
404 5166 516 5235 ipso
560 5164 750 5233 factum
794 5173 865 5217 est
914 5165 1041 5217 nihil
1090 5162 1289 5233 (Juan.
1321 5164 1369 5217 1.
1399 5162 1497 5233 3).
1529 5163 1657 5229 Qua:
1702 5163 1861 5233 igitur

253 5258 438 5316 oratio
466 5259 580 5312 hmc
610 5266 858 5311 accurate
890 5257 1139 5327 prosequi
1193 5256 1405 5325 possit?
1436 5256 1539 5311 Sed
1586 5258 1740 5312 seriei
1773 5258 1857 5310 in-

254 5354 538 5408 sistamus.
572 5349 667 5403 llic
712 5348 871 5417 igitur
912 5348 1340 5417 sapientissimus
1378 5347 1635 5409 Creator,
1662 5357 1718 5400 ut
1749 5347 1859 5415 jam

253 5445 517 5507 diximus,
546 5442 685 5513 quod
720 5444 947 5511 primum
993 5440 1229 5506 fecerat,
1261 5441 1364 5495 hoc
1404 5450 1457 5494 et
1485 5440 1733 5503 ornavit;
1774 5440 1860 5494 hic

255 5539 429 5594 etiam
462 5535 537 5599 id,
570 5534 711 5604 quod
755 5533 1046 5589 secundum
1091 5534 1285 5587 factum
1323 5533 1526 5599 fuerat,
1559 5532 1746 5586 ordine
1778 5548 1863 5587 sc-

264 5630 507 5688 cnndum
531 5631 849 5693 exornavit;
882 5628 1113 5695 itemque
1146 5627 1385 5691 tertium,
1421 5634 1664 5696 quartum
1693 5633 1745 5678 et
1773 5640 1861 5679 re-

261 5724 413 5795 liqua
442 5722 699 5789 deinceps
726 5718 905 5773 omnia
949 5715 1243 5771 secundum
1285 5716 1528 5769 ordinem
1574 5716 1861 5769 creationis

263 5822 462 5870 ornatu
487 5827 586 5867 suo
616 5809 910 5865 decoravit.
932 5807 1048 5877 Quo
1072 5816 1251 5861 autem
1270 5806 1447 5860 animo
1471 5805 1520 5859 id
1553 5805 1713 5859 fecit?
1735 5820 1860 5857 num

267 5905 504 5964 fortasse
529 5902 718 5960 volens
750 5902 947 5957 docere
978 5916 1094 5965 nos,
1112 5907 1169 5953 ut
1190 5898 1575 5952 elementorum
1606 5896 1863 5951 terminos

269 5998 527 6067 esttantus,
578 5994 929 6065 ordinemque
972 5990 1360 6065 agnoscamus?
1388 5990 1566 6047 l‘rimo
1605 5989 1761 6061 igitur
1786 5988 1862 6045 fe-

1289 513 1380 570 DB
1411 510 1625 570 MUNDI
1665 507 2057 567 CREATIONE
2094 512 2350 569 ORATIO
2388 513 2481 570 ιγ.

3454 530 3567 584 458

1967 624 2038 679 cit
2066 626 2257 681 ca-lum
2308 627 2591 699 superius;
2624 629 2861 684 secundo
2911 640 3143 697 terram;
3198 632 3352 686 tcrtio
3380 633 3564 688 ﬁrma-

1964 727 2457 788 ntentutn;quarto
2482 721 2781 789 segregavit
2805 736 2993 791 aquas.
3032 721 3185 789 Quod
3223 724 3455 793 primum
3482 726 3558 778 fe-

1965 808 2057 874 cit,
2089 810 2322 878 primum
2350 812 2581 865 ornavit.
2614 812 2896 877 Quomodo
2923 829 3088 884 ergo,
3122 814 3268 870 dicet
3294 817 3559 885 quispiam

1960 916 2027 956 ex
2060 901 2496 969 studiosioribus,
2524 918 2644 958 cum
2674 905 2907 959 secunda
2937 917 3082 961 esset
3119 916 3291 971 terra,
3331 911 3555 977 primam

1963 993 2105 1048 illam
2132 996 2377 1049 ornavit?
2415 1011 2477 1050 ac
2501 998 2651 1066 quasi
2694 1012 2874 1053 secum
2908 1009 3173 1069 pugnante
3211 1002 3551 1065 narratione,

1962 1103 2254 1159 coarguere
2284 1089 2444 1144 volet.
2474 1089 2576 1160 Ipsi
2608 1092 3062 1159 respondendum,
3088 1094 3219 1147 nihil
3251 1109 3432 1148 secum
3466 1111 3563 1164 pu-

1960 1197 2130 1251 gnans
2157 1198 2185 1235 a
2218 1183 2373 1238 nobis
2406 1183 2457 1237 in
2492 1185 2743 1252 praesenti
2775 1186 2974 1239 dictum
3000 1185 3165 1242 fuisse
3186 1228 3202 1252 ,
3236 1187 3331 1242 sed
3354 1189 3557 1241 oratio-

1963 1290 2084 1327 nem
2129 1275 2228 1329 sibi
2260 1276 2483 1330 omnino
2509 1292 2630 1332 esse
2662 1279 3112 1334 consentientem.
3144 1280 3277 1335 Nam
3303 1281 3560 1337 antehoe

1966 1370 2387 1435 ﬁrmamentum,
2415 1369 2556 1441 quod
2588 1379 2709 1441 post
2732 1371 2919 1425 caelum
2948 1373 3195 1442 superius
3222 1372 3415 1427 factum
3443 1383 3557 1439 est,

1960 1469 2122 1525 atque
2169 1461 2403 1515 secunda
2450 1461 2539 1516 die
2588 1463 2976 1528 constitutum,
3021 1474 3207 1519 ornata
3256 1476 3393 1521 term
3440 1466 3558 1521 fuit.

1963 1551 2259 1619 Oportebat
2280 1555 2422 1607 enim
2451 1554 2656 1609 ordinis
2687 1558 2882 1612 seriem
2912 1558 3140 1613 servari.
3184 1557 3319 1613 Cum
3361 1569 3560 1614 terram

1962 1644 2159 1712 plantis
2185 1655 2238 1698 et
2262 1645 2521 1701 fructibus
2548 1659 2819 1714 ornasset,
2852 1666 2975 1705 cum
3004 1653 3199 1707 caslum
3228 1656 3361 1717 sole,
3396 1655 3518 1709 luna
3548 1696 3564 1719 ,

1961 1753 2024 1791 ae
2053 1738 2263 1806 reliquo
2286 1739 2564 1794 stellarum
2589 1741 2755 1795 choro
2784 1742 3117 1811 decorasset,
3148 1746 3213 1800 ad
3236 1763 3401 1816 aquas
3432 1763 3561 1816 prop

1960 1834 2145 1887 cessit.
2182 1834 2251 1888 Et
2277 1836 2401 1904 quid
2434 1836 2671 1892 historiae
2714 1839 2985 1908 scriptor?
3012 1839 3079 1893 Et
3108 1841 3238 1893 dixit
3268 1842 3407 1895 Deus
3430 1883 3444 1907 ,
3482 1844 3561 1896 iu—

1958 1926 2107 1992 qnit,
2144 1925 2375 1981 Educant
2427 1946 2572 1995 aqua:
2616 1932 2818 2000 reptilia
2860 1931 3149 1986 animarum
3191 1934 3480 1999 viventium,
3513 1944 3567 1988 et

1960 2032 2074 2068 aves
2115 2018 2340 2072 volantes
2383 2036 2535 2088 super
2582 2030 2804 2084 terram,
2857 2023 3135 2076 secundum
3182 2025 3561 2093 ﬁrmamentum

1960 2111 2073 2163 εωιί
2101 2110 2119 2180 (
2151 2110 2277 2165 Gen.
2306 2112 2355 2166 1.
2389 2112 2461 2167 20
2490 2113 2529 2184 ).
2566 2113 2701 2168 Vide
2726 2115 2819 2169 Dei
2850 2129 3179 2180 sermonem,
3212 2132 3374 2187 Opera
3403 2118 3562 2171 dicuis

1960 2203 2271 2271 addentem,
2324 2214 2379 2258 ct
2410 2205 2572 2261 verba
2630 2206 2680 2260 in
2719 2222 2880 2275 opera
2926 2218 3243 2264 vertentem.
3278 2209 3415 2264 Vide
3462 2210 3554 2263 Dei

1959 2297 2192 2367 syllabas
2220 2299 2492 2368 verbaque
2516 2299 2724 2365 brevia,
2758 2300 2937 2355 divina
2975 2303 3172 2357 virtute
3208 2304 3383 2373 plena.
3412 2301 3560 2358 Edu—

1960 2401 2077 2443 cant
2104 2408 2251 2462 aqua:
2272 2408 2290 2445 :
2318 2407 2498 2448 sermo
2526 2393 2678 2448 labor
2703 2404 2757 2448 et
2782 2411 2917 2464 opus
2937 2396 3030 2450 Dei
3061 2406 3162 2449 est.
3191 2396 3437 2451 Arbitror
3460 2413 3560 2467 ego

1959 2500 2120 2553 opera
2171 2500 2476 2540 sertnoncm
2506 2489 2859 2543 antevertisse
2888 2507 2901 2541 :
2950 2490 3187 2544 velocior
3230 2491 3373 2545 enim
3404 2491 3565 2544 dictis

1961 2580 2196 2648 putentia
2242 2579 2491 2634 Nondum
2522 2581 2759 2648 prolatus
2780 2598 2961 2637 sermo
2984 2582 3175 2649 fuerat,
3193 2595 3245 2636 et
3274 2598 3409 2652 Opus
3438 2599 3561 2652 pro-

1961 2670 2131 2738 prium
2165 2672 2463 2737 accipiebat
2490 2683 2737 2725 ornatum
2769 2690 2784 2727 :
2819 2673 3069 2743 quodque
3093 2674 3285 2727 mirum
3313 2684 3415 2735 est.
3448 2676 3562 2728 sin-

1957 2763 2094 2832 gulis
2120 2763 2267 2816 bisce
2294 2765 2573 2819 elementis
2610 2765 2745 2819 Deus
2784 2767 3051 2835 duplicem
3088 2770 3360 2838 prmbebat
3402 2788 3560 2824 orna-

1961 2865 2090 2908 tum.
2154 2855 2309 2908 Dedit
2357 2855 2694 2911 ﬁrmamento
2755 2859 3037 2914 luminaria
3086 2870 3141 2916 et
3195 2878 3393 2918 rorem.
3450 2863 3560 2917 lmo

1960 2947 2121 2999 etiam
2172 2946 2361 3001 horum
2411 2948 2755 3027 luminarium
2790 2951 3036 3008 diversus
3076 2966 3194 3009 erat
3222 2973 3384 3023 usus;
3414 2967 3469 3012 ut
3494 2973 3559 3013 ex

1962 3038 2090 3106 ipsis
2118 3038 2409 3108 Scriptura:
2458 3041 2615 3097 dictis
2662 3054 2874 3099 constat
2899 3086 2912 3109 ,
2941 3046 3008 3102 de
3038 3048 3230 3116 quibus
3260 3066 3356 3119 pro
3398 3051 3558 3118 virili,

1961 3129 2060 3183 etsi
2110 3146 2216 3183 non
2261 3146 2365 3201 pro
2404 3132 2697 3202 dignitate,
2742 3151 2914 3205 nuper
2947 3138 3111 3192 verba
3149 3138 3404 3208 fecimus,
3437 3157 3559 3197 cum

1965 3222 2118 3277 vobis
2145 3222 2336 3278 horum
2370 3226 2632 3281 rationem
2666 3230 3069 3297 exponebamus
3103 3246 3117 3283 :
3149 3232 3217 3287 de
3244 3234 3435 3301 quibus
3464 3236 3561 3289 ite-

1959 3332 2076 3369 rum
2110 3317 2161 3370 in
2185 3319 2439 3385 prinsenti
2487 3336 2793 3374 sermonem
2828 3323 3025 3379 habere
3056 3326 3244 3380 inutile
3271 3327 3426 3381 foret.

2028 3406 2084 3460 ἓ.
2126 3405 2263 3461 Deus
2291 3410 2548 3475 pra-terim
2572 3451 2586 3473 ,
2620 3414 2888 3478 prwsentia
2918 3422 2964 3466 et
2992 3418 3169 3486 futura
3197 3416 3345 3469 videt.
3377 3417 3559 3486 Bapti-

1958 3515 2094 3552 smus
2132 3500 2431 3554 emundata
2473 3503 2689 3569 peccatis
2727 3504 2978 3559 omnibus.
3020 3502 3270 3577 Baptisnti
3312 3509 3477 3579 ﬁgura
3512 3520 3562 3564 et

1958 3595 2049 3647 vis.
2077 3624 2149 3633 ——
2179 3594 2361 3648 Terra:
2388 3596 2589 3649 semina
2621 3596 2771 3651 dedit
2798 3608 2853 3652 et
2884 3598 3089 3668 plantas
3115 3618 3128 3665 ;
3160 3602 3335 3671 aquis,
3363 3603 3559 3657 natati-

1960 3686 2029 3740 lia
2058 3696 2111 3740 et
2140 3687 2395 3741 volatilia.
2424 3688 2658 3743 Educant
2679 3707 2823 3758 aquas
2848 3693 3050 3761 reptilia
3076 3694 3362 3747 animarum
3390 3696 3559 3749 viven—

1962 3780 2084 3832 tium
2109 3820 2121 3841 ,
2154 3788 2199 3832 et
2226 3780 2454 3833 volatilia
2483 3781 2726 3835 volantia.
2760 3781 2988 3851 lieptilia
3020 3785 3193 3853 pisces
3217 3793 3407 3851 vocat,
3436 3787 3557 3856 quia

1962 3871 2136 3937 potius
2178 3881 2410 3940 repunt,
2451 3887 2607 3941 quam
2649 3873 2945 3927 ambulant.
2980 3875 3337 3940 Quamobrem
3371 3877 3560 3933 beatus

1961 3961 2125 4014 David
2168 3962 2528 4030 legislaturem
2566 3978 2795 4033 sequens
2838 3967 2913 4018 ait
2943 3983 2956 4020 :
2991 3965 3105 4020 Hoc
3140 3984 3278 4021 mare
3318 3986 3562 4039 magnum

1960 4063 2005 4105 et
2051 4054 2333 4121 spatiosum
2367 4073 2385 4106 :
2413 4053 2522 4106 illic
2557 4054 2762 4124 reptilia
2805 4072 3020 4125 quorum
3065 4075 3167 4111 non
3208 4067 3283 4112 est
3324 4076 3572 4113 numerus.

1960 4150 1977 4216 (
2006 4147 2147 4200 I’sal.
2179 4147 2301 4201 105.
2330 4146 2403 4201 25
2424 4146 2464 4217 ).
2496 4147 2629 4202 Rem
2655 4149 2973 4217 stnpendam
3005 4152 3017 4203 !
3061 4151 3384 4219 stupendum
3409 4152 3558 4205 ordi-

1960 4240 2125 4293 nem!
2175 4238 2421 4307 stupendi
2468 4239 2617 4293 verbi
2661 4241 3109 4308 promissionem!
3151 4242 3379 4309 Quare?
3426 4243 3559 4309 Quia

1960 4331 2200 4385 omnium
2232 4329 2420 4397 Opifcx
2451 4340 2535 4385 est
2561 4348 2574 4396 ;
2604 4332 2681 4385 sic
2721 4346 2830 4401 prae
2861 4333 3029 4387 oculis
3063 4332 3222 4387 habet
3251 4335 3515 4403 pm-terita
3544 4377 3559 4399 .

1962 4423 2243 4492 praesentia
2277 4430 2331 4477 et
2375 4422 2546 4475 futura
2574 4464 2589 4489 ,
2632 4432 2690 4476 ut
2730 4438 2901 4493 neque
2937 4438 3035 4477 nos
3072 4440 3133 4479 ea
3166 4426 3277 4494 ipsa
3303 4442 3421 4498 qua:
3451 4443 3561 4497 pra:

1961 4517 2130 4569 oculis
2152 4524 2293 4569 sunt.
2316 4515 2451 4581 Quia
2478 4516 2637 4586 igitur
2664 4531 2757 4586 per
2782 4532 2947 4587 aquas
2971 4518 3143 4585 primo
3170 4519 3329 4574 vitam
3363 4521 3563 4576 mundo

1963 4611 2183 4665 daturus
2213 4618 2347 4672 erat,
2378 4610 2552 4679 primo
2581 4610 2734 4679 aquis
2766 4611 3028 4681 pra-cipit,
3056 4620 3114 4665 ut
3143 4612 3432 4681 viviparam
3464 4628 3560 4665 na-

1966 4712 2138 4755 turam
2172 4702 2469 4771 producant
2499 4719 2511 4755 :
2544 4710 2603 4755 ut
2628 4701 2804 4756 discas
2835 4701 2975 4756 unde
3004 4703 3151 4756 radix
3181 4704 3300 4755 vine
3330 4704 3418 4756 sit.
3450 4705 3559 4773 Ego

1964 4812 2085 4850 cum
2116 4795 2272 4849 video
2302 4809 2397 4849 eos
2440 4794 2529 4864 qui
2570 4794 2853 4848 illuminati
2888 4793 3037 4847 fuere
3081 4810 3147 4847 ex
3179 4794 3376 4849 sanctis
3407 4796 3559 4866 aquis

1964 4889 2130 4953 exire,
2156 4888 2245 4956 qui
2271 4888 2323 4940 in
2352 4885 2673 4954 baptismum
2696 4899 2816 4939 cum
2845 4883 3025 4936 multis
3046 4883 3200 4937 malis
3221 4886 3369 4954 quasi
3397 4888 3560 4956 repti-

1965 4979 2033 5032 lia
2062 4976 2285 5045 ingressi
2312 4984 2453 5039 sunt,
2486 4984 2538 5029 et
2565 4989 2684 5026 cum
2713 4973 2817 5026 vita
2848 4982 3049 5028 mterna
3077 4984 3201 5028 sunt
3237 4977 3459 5047 egressi,
3483 4978 3567 5033 vi-

1967 5069 2065 5123 deo
2096 5068 2475 5137 Legislatorem
2518 5064 2782 5117 dicentem
2814 5083 2827 5117 :
2861 5065 3103 5120 Educant
3135 5082 3288 5136 aqua:
3318 5085 3415 5135 ea,
3449 5087 3569 5141 qua:

1968 5173 2091 5217 tunc
2115 5160 2322 5228 reptilia
2344 5166 2516 5223 erant,
2548 5174 2688 5211 nunc
2717 5159 2893 5212 anima
2916 5160 3099 5215 vivens
3120 5172 3263 5215 sunt.
3292 5163 3567 5219 Undenam

1969 5257 2069 5309 hoc
2095 5251 2249 5307 nobis
2278 5251 2453 5321 palam
2487 5252 2625 5306 erit?
2657 5252 2790 5317 Quia
2836 5252 2869 5305 ii
2900 5253 2989 5322 qui
3020 5254 3283 5309 accedunt
3327 5256 3391 5307 ad
3427 5256 3571 5311 lava-

1967 5361 2115 5401 crum
2145 5344 2198 5397 in
2226 5344 2405 5413 priora
2447 5354 2661 5413 peccata
2688 5387 2701 5409 ,
2730 5345 2999 5414 reptilimn
3042 5362 3235 5402 nomen
3268 5350 3564 5419 accipiunt.

1970 5438 2236 5491 Exierunt
2261 5437 2412 5491 multi
2443 5438 2507 5492 ad
2541 5439 2865 5507 baptismum
2891 5439 3113 5494 Joannis
3145 5458 3161 5492 ι
3191 5442 3571 5497 accedentibus

1967 5529 2096 5584 dicit
2127 5546 2139 5581 :
2175 5529 2482 5598 Serpentes,
2527 5533 2783 5602 genintina
2826 5534 3157 5602 viperarum,
3195 5537 3306 5605 quis
3348 5535 3569 5590 ostendit

1968 5622 2103 5674 vobis
2129 5624 2303 5691 fugere
2323 5638 2356 5674 a
2377 5632 2586 5676 ventura
2617 5626 2695 5677 ira
2724 5627 2741 5692 (
2765 5625 2952 5680 Matth.
2981 5628 3031 5681 5.
3059 5627 3128 5699 7)
3152 5628 3175 5681 ’.ν
3202 5628 3334 5680 Cum
3366 5625 3566 5695 anima,

1969 5729 2086 5781 qua:
2104 5714 2283 5768 multis
2308 5715 2464 5768 annis
2496 5715 2547 5768 in
2583 5717 2815 5785 nequitia
2844 5718 3013 5784 vixit,
3049 5720 3099 5773 in
3133 5720 3453 5787 baptismum
3486 5718 3572 5773 in-

1973 5813 2079 5858 trat
2104 5846 2117 5869 ,
2159 5814 2213 5859 et
2252 5806 2593 5876 improbitate
2632 5806 2873 5878 deposita
2913 5810 3204 5881 egreditur,
3234 5810 3355 5865 vide
3392 5828 3572 5868 annon

1972 5896 2222 5965 operibus
2246 5899 2587 5967 reSplendcat
2610 5898 2699 5953 illa
2721 5916 2825 5955 vox
2848 5899 3135 5967 dominica,
3164 5917 3283 5971 (tuae
3309 5903 3404 5967 ait,
3431 5901 3575 5958 Edu-

1977 5997 2093 6042 cant
2118 6004 2265 6060 aqum
2293 5989 2497 6061 reptilia
2522 5992 2807 6047 animarum
2836 5993 3123 6061 viventium,
3157 6002 3203 6049 et
3230 5994 3456 6052 volatilia
3486 6011 3573 6051 vo-
