4102 6466
580 443 697 497 459

569 546 730 601 lautia
749 544 776 600 .’
805 542 1076 612 Dupliccm
1128 554 1357 611 namque
1398 538 1625 609 gratiam
1654 536 1851 609 accipit
1877 536 1925 591 is
1950 536 2038 607 qui
2069 550 2163 588 sa-

570 642 733 693 lutem
761 636 1130 707 consequitur,
1160 649 1350 703 nempe
1378 641 1434 688 et
1464 629 1762 687 vivilicatur
1781 629 1978 696 anima,
2000 637 2056 683 et
2076 643 2170 683 vo-

567 730 727 787 latilis
753 729 1002 796 eflicitur,
1033 737 1087 785 et
1112 727 1179 782 ad
1204 727 1461 782 canorum
1492 724 1731 780 fornices
1757 723 1972 794 attingit
1998 764 2013 788 ,
2041 737 2166 779 cum

566 822 771 897 angelis
799 830 1066 887 versatur,
1093 826 1150 875 et
1175 834 1298 875 cum
1325 817 1526 873 cmlesti
1554 816 1747 873 ordine
1772 816 1952 871 locum
1983 813 2166 868 habet.

572 915 635 970 Et
665 917 892 971 volatilia
917 913 1142 968 solantia
1168 928 1323 980 super
1343 921 1531 965 terram
1559 909 1837 964 secundum
1866 908 2164 977 ﬁrmamen-

566 1019 676 1061 tuns
700 1008 833 1061 cali.
865 1003 1035 1075 Super
1055 1013 1241 1058 terram
1265 1043 1282 1070 ,
1309 1016 1558 1071 corpore,
1589 1001 1641 1055 in
1666 999 1835 1065 canis,
1867 999 1990 1052 vitte
2016 995 2168 1051 insti-

567 1108 699 1155 tuto.
732 1099 858 1155 llaec
886 1114 990 1154 non
1024 1113 1121 1169 per
1149 1096 1457 1167 allegoriam
1490 1094 1793 1150 inducimus
1817 1133 1831 1158 ,
1866 1090 1961 1147 sed
1994 1093 2045 1147 in
2079 1090 2164 1145 lii-

563 1194 730 1249 storia
756 1192 1145 1263 conspicimus.
1169 1188 1327 1245 Aliud
1354 1197 1438 1244 est
1466 1188 1778 1259 allegoriam
1805 1186 1858 1241 in
1885 1185 2163 1243 historiam

565 1285 621 1340 vi
652 1285 945 1349 inducere;
978 1284 1121 1340 aliud
1163 1282 1383 1339 historia
1414 1293 1623 1338 servata
1650 1282 1965 1351 allegoriam
1996 1294 2165 1335 exco-

562 1376 753 1446 gitare.
793 1378 970 1445 Atque
1006 1384 1065 1430 ut
1102 1374 1353 1430 ostendat
1393 1386 1453 1429 se
1484 1371 1695 1443 reptilia
1721 1371 1900 1427 dicere
1927 1370 2165 1426 volatilia

565 1478 794 1537 pennata
820 1510 833 1532 ,
863 1483 983 1537 qua:
1012 1476 1137 1523 sunt
1176 1467 1227 1521 in
1266 1466 1399 1522 mari
1424 1506 1437 1529 ,
1464 1464 1686 1529 subdit;
1726 1482 1745 1515 ί
1775 1463 1842 1518 Et
1869 1462 1996 1518 fecit
2025 1463 2165 1519 Deus

562 1569 684 1615 rete
708 1559 949 1631 grandia,
978 1569 1034 1615 et
1060 1574 1279 1614 omnem
1308 1558 1544 1611 animam
1570 1556 1839 1612 viventem
1868 1556 2162 1627 reptilium,

560 1666 679 1721 quze
702 1650 883 1708 eduxit
904 1665 1040 1721 aqua
1062 1667 1077 1715 ;
1101 1658 1155 1705 et
1179 1648 1394 1705 volatile
1424 1656 1714 1719 pennatam
1742 1666 1761 1701 ι
1797 1646 1951 1719 (Gen.
1974 1648 2025 1701 1.
2046 1648 2159 1719 2i).

561 1741 729 1797 Estne
758 1757 887 1812 ergo
925 1740 1137 1797 volatile
1176 1755 1283 1795 non
1321 1740 1657 1811 pennatum?
1699 1739 1828 1811 quid
1870 1754 2005 1811 opus
2048 1749 2167 1796 erat

559 1832 761 1898 dicere,
795 1830 1014 1887 Volatile
1041 1831 1366 1903 pennatam?
1396 1831 1588 1887 Volare
1617 1830 1704 1888 hic
1723 1830 1919 1887 dicitur
1946 1830 1999 1886 id
2019 1831 2162 1903 quod

561 1933 646 1979 cst
689 1923 996 1995 expandere
1045 1938 1256 1979 manus.
1312 1924 1496 1978 Potest
1539 1923 1701 1978 etiam
1753 1923 1874 1994 quis
1917 1923 2165 1979 manibus

557 2025 811 2086 πετᾶσθαι,
844 2027 901 2072 ut
926 2017 1001 2071 ait
1026 2016 1289 2088 propheta
1314 2034 1328 2070 :
1361 2015 1489 2070 Tota
1516 2016 1597 2069 die
1616 2022 1910 2083 ἐξεπέτασα,
1939 2016 2162 2086 expandi

559 2125 740 2163 manus
768 2125 907 2163 meas
929 2109 998 2162 ad
1020 2112 1268 2180 populum
1295 2124 1397 2162 non
1423 2108 1710 2163 credentem
1736 2118 1782 2163 et
1807 2108 2162 2163 contradicen-

560 2214 660 2256 tein
689 2199 844 2275 (lsai.
875 2202 965 2259 65.
990 2201 1050 2274 2)
1084 2220 1099 2257 :
1128 2216 1237 2258 non
1264 2200 1406 2272 quod
1438 2215 1627 2256 manus
1656 2216 1865 2271 pennas
1891 2200 2123 2257 habeant
2144 2243 2165 2277 ,ι

558 2293 654 2349 sed
675 2294 799 2365 quia
823 2303 1051 2349 τητᾶσθαι
1072 2294 1376 2364 expandere
1392 2294 1676 2364 signilicat.
1699 2293 1851 2362 Quod
1878 2294 2016 2364 repit
2035 2309 2163 2366 ergo

560 2385 775 2441 volatile
797 2386 899 2441 dici
932 2396 1127 2456 potest,
1150 2385 1292 2456 quod
1320 2394 1493 2455 repat,
1512 2400 1677 2455 seque
1696 2383 1995 2456 expandat:
2023 2386 2163 2442 unde
2195 2398 2204 2409 ‘

559 2488 616 2534 et
641 2479 805 2535 David
833 2481 909 2535 ait
937 2496 952 2538 ς
986 2480 1256 2549 Serpentes
1283 2488 1332 2535 el
1350 2479 1578 2534 volatilia
1603 2488 1847 2550 pennata.
1874 2477 2019 2533 Fecit
2035 2494 2167 2549 ergo

560 2571 699 2626 Deus
736 2583 843 2626 cete
881 2573 1096 2643 grandia
1144 2572 1161 2642 (
1192 2570 1280 2625 Ps.
1312 2571 1437 2626 148.
1471 2570 1577 2640 10)
1608 2586 1624 2637 ;
1658 2571 1709 2625 id
1740 2580 1824 2625 est
1851 2612 1868 2637 ,
1900 2570 2163 2628 dracones

560 2676 785 2731 magnos
824 2663 877 2717 in
928 2662 1080 2716 mari.
1135 2661 1343 2732 Reliqui
1392 2663 1535 2716 enim
1582 2662 1904 2730 interpretes
1930 2662 2159 2717 dicunt:

570 2756 708 2811 Fecit
736 2754 873 2810 Deus
912 2755 1155 2809 dracones
1184 2770 1394 2825 magnos
1420 2753 1520 2824 (a).
1566 2753 1685 2809 Non
1712 2754 1990 2818 dixerunt,
2024 2753 2160 2819 Cete,

561 2848 678 2914 sed,
712 2848 987 2902 Dracones.
1017 2846 1155 2901 Nilitl
1189 2847 1239 2901 in
1270 2847 1401 2900 mari
1433 2844 1628 2901 factum
1656 2854 1740 2901 est
1765 2845 1907 2901 inter
1931 2846 2162 2901 viventia

564 2940 712 3008 prius
740 2954 901 3009 quam
932 2940 1115 2996 draco.
1148 2936 1272 2994 Ideo
1301 2937 1377 2992 ait
1406 2937 1571 2992 David
1601 2954 1616 2992 :
1652 2955 1670 2987 ‹
1708 2936 1943 2991 Laudate
1976 2937 2163 2991 Domi-

563 3050 688 3089 num
710 3031 778 3088 de
796 3040 956 3099 terra,
973 3031 1237 3088 dracones
1252 3041 1306 3085 et
1325 3044 1513 3085 omnes
1527 3030 1702 3102 abyssi
1726 3049 1744 3082 ι
1770 3028 1888 3104 (Ps.
1914 3030 2036 3086 H8.
2068 3032 2123 3101 7)
2144 3048 2159 3097 ;

562 3137 618 3182 et
646 3127 772 3182 alibi
801 3145 814 3181 :
851 3145 869 3179 ι
898 3126 1011 3181 Hoc
1045 3141 1193 3182 mare
1219 3141 1468 3197 maguum
1494 3135 1547 3180 et
1573 3127 1868 3195 spatiosum
1889 3168 1905 3192 ,
1936 3127 2044 3181 illic
2073 3142 2162 3181 re-

563 3218 712 3288 ptilia
736 3233 965 3288 quorum
997 3232 1100 3272 non
1127 3228 1209 3274 est
1230 3234 1519 3272 numerus:
1549 3219 1799 3272 animalia
1828 3219 2017 3288 pusilla
2038 3233 2161 3274 cum

564 3312 768 3382 Magnis
799 3328 812 3365 :
842 3311 950 3367 illic
976 3327 1137 3366 naves
1166 3310 1584 3379 pertransibunt.
1632 3310 1801 3363 Draco
1833 3310 1935 3364 iste
1955 3350 1968 3368 .
1998 3327 2157 3380 quem

558 3402 802 3458 formasti
851 3402 917 3457 ad
963 3400 1290 3457 illudendum
1332 3401 1381 3455 ei
1411 3419 1430 3453 ι
1478 3399 1614 3467 (Ps.
1649 3399 1778 3457 103.
1804 3400 1896 3455 25.
1924 3400 2059 3466 26).
2095 3403 2163 3457 Et

561 3493 688 3547 alibi
716 3502 773 3547 ut
799 3492 1050 3547 oswndat
1080 3508 1186 3546 non
1218 3507 1380 3545 unum
1400 3532 1414 3556 ,
1449 3491 1542 3545 sed
1574 3489 1772 3545 multos
1800 3491 1869 3545 ibi
1898 3491 2162 3547 dracones

559 3600 683 3641 esse
702 3628 717 3651 ,
746 3587 819 3640 ait
848 3602 863 3639 :
890 3584 973 3640 Tu
1000 3585 1281 3640 contrivisti
1303 3586 1472 3653 capita
1493 3584 1771 3638 draconum
1801 3585 1853 3638 in
1878 3602 2010 3657 aqua
2039 3584 2159 3657 (Ps.

560 3678 657 3733 73.
682 3679 793 3748 15).
827 3676 970 3732 Fecit
997 3678 1154 3747 igitur
1183 3688 1288 3731 cete
1315 3676 1553 3747 grandia.
1584 3675 1650 3729 Et
1680 3676 1800 3729 vidit
1831 3674 1969 3733 Deus
1992 3718 2008 3741 ,
2039 3677 2162 3747 quia

558 3770 731 3825 omnia
760 3768 909 3823 bona.
941 3767 1119 3839 Quare
1148 3767 1311 3825 dixit.
1357 3766 1550 3822 Bona?
1577 3768 1834 3837 numquid
1864 3768 2001 3823 bona
2035 3782 2159 3838 pro-

559 3872 682 3934 pter
712 3860 1149 3916 inultitudineml
1178 3860 1336 3929 Atqui
1368 3859 1583 3931 quando
1612 3860 1796 3914 stellas
1830 3859 1956 3913 fecit
1982 3868 2040 3914 et
2068 3872 2159 3912 so-

559 3963 667 4011 lem
697 3963 752 4011 et
782 3955 962 4008 lunam
988 3994 1003 4018 ,
1040 3954 1206 4007 multa
1250 3954 1376 4007 licet
1414 3962 1595 4008 essent
1626 3968 1749 4023 quae
1780 3952 1915 4006 facta
1948 3951 2163 4006 fuerant

558 4048 721 4103 dicit:
759 4045 893 4100 Vidit
916 4045 1054 4101 Dens
1073 4047 1208 4117 quod
1223 4057 1347 4101 esset
1375 4046 1560 4100 bonum
1583 4044 1737 4116 (Gen.
1769 4045 1955 4115 1.10).
1985 4045 2161 4101 Multae

558 4147 686 4195 sunt
709 4139 904 4204 stellte,
928 4152 1219 4208 earumque
1252 4138 1415 4192 millia
1445 4139 1723 4194 innumera
1744 4156 1757 4193 :
1779 4154 1953 4207 neque
1982 4146 2159 4194 tamen

558 4231 731 4285 dixit:
755 4228 896 4284 Vidit
920 4229 1060 4284 Deus
1083 4228 1227 4299 quod
1257 4228 1395 4283 bona
1418 4237 1637 4293 essent;
1671 4229 1766 4284 sed
1800 4229 1951 4296 Quod
1973 4230 2161 4285 bonum

558 4334 705 4379 esset.
731 4322 945 4391 Quare?
968 4322 1098 4390 Quia
1121 4323 1221 4379 etsi
1242 4322 1403 4378 multa
1431 4322 1738 4390 luminaria,
1762 4338 1830 4381 ex
1852 4339 1954 4379 una
1982 4334 2158 4380 tamen

556 4415 678 4470 luce
708 4424 853 4482 sunt,
886 4423 941 4470 et
965 4414 1029 4469 ad
1062 4418 1309 4469 eumdem
1341 4414 1521 4469 omnia
1550 4430 1704 4468 usuin
1737 4432 1749 4468 :
1784 4430 1909 4470 nam
1938 4416 2005 4470 ad
2031 4416 2159 4471 illit-

556 4507 869 4562 niinamlum
909 4507 1079 4576 posita
1121 4518 1263 4561 sunt.
1297 4506 1395 4561 Hic
1421 4521 1551 4561 vero
1578 4506 1703 4577 quia
1744 4507 1931 4574 ingens
1956 4517 2039 4563 est
2068 4524 2160 4564 re-

557 4600 764 4669 ptilium
794 4598 1091 4654 differentia
1117 4639 1134 4663 ,
1161 4606 1215 4654 et
1241 4598 1557 4662 volatilium,
1591 4599 2001 4669 natatiliumque
2034 4600 2157 4672 (alia

556 4692 753 4761 quippe
780 4691 918 4745 ratio
943 4699 1028 4746 est
1058 4690 1382 4755 natatilium,
1401 4691 1503 4745 alia
1527 4691 1845 4757 volatilium,
1864 4693 1967 4746 alia
1995 4694 2159 4763 repti-

554 4784 731 4853 lium),
755 4792 807 4837 ct
830 4784 881 4837 in
910 4782 1133 4853 singulis
1162 4782 1447 4852 generibus
1475 4782 1639 4835 multa
1661 4781 1979 4852 diversaque
2010 4794 2155 4851 sunt,

551 4876 715 4932 dicit:
758 4873 895 4929 Vidit
924 4874 1063 4929 Deus
1083 4875 1219 4942 quod
1245 4884 1407 4927 essent
1432 4873 1584 4927 bona.
1610 4874 1716 4930 Pro
1742 4878 1998 4929 varietate
2028 4889 2156 4944 ope-

547 4985 668 5024 rum
709 4968 823 5023 laus
865 4969 1125 5039 sequitur.
1161 4966 1227 5021 Et
1256 4966 1508 5021 benedixit
1538 4983 1597 5021 ea
1624 4965 1762 5021 Deus
1789 4967 1959 5022 dicens
1983 4983 2002 5022 :
2028 4965 2154 5021 Cre-

548 5062 673 5115 scite
700 5070 747 5115 et
768 5060 1199 5129 multiplicamini,
1220 5069 1273 5113 et
1285 5059 1473 5129 replete
1495 5075 1679 5128 aquas,
1707 5068 1753 5114 et
1775 5059 2003 5114 volatilia
2026 5060 2144 5113 an

551 5154 846 5225 tiplicentur
876 5152 1027 5225 (Gen.
1063 5154 1113 5209 1.
1139 5151 1255 5223 22).

623 5246 674 5299 3.
699 5244 873 5299 Stellis
888 5261 979 5299 cur
1000 5261 1097 5297 non
1119 5243 1425 5297 benedixeril
1448 5241 1685 5296 Deus.—
1705 5241 1813 5296 Cur
1833 5258 1953 5296 cuin
1976 5245 2157 5301 stellas

549 5338 692 5398 fecit.
714 5352 817 5391 non
836 5336 1143 5392 benedixit?
1167 5350 1263 5390 cur
1279 5351 1399 5388 cum
1425 5336 1615 5389 herbas
1634 5344 1689 5389 et
1711 5334 1849 5404 ligna
1880 5334 2026 5399 fecit,
2053 5352 2155 5390 non

549 5429 982 5483 henedixit'lAlia
1000 5428 1295 5494 benedixit,
1310 5429 1410 5482 alia
1428 5443 1531 5481 non
1548 5427 1834 5482 benedicit.
1850 5427 1979 5494 Qum
1998 5443 2157 5482 causa

546 5522 758 5576 virtutis
776 5519 932 5589 hujus
948 5529 1206 5574 creaturae
1225 5519 1355 5573 fuit?
1381 5518 1628 5573 Attende.
1647 5520 1823 5574 Stella:
1843 5528 1972 5587 quot
2002 5519 2157 5574 facta:

545 5624 673 5671 sunt
694 5614 763 5669 ab
790 5612 942 5669 initio
960 5654 974 5679 ,
1004 5621 1084 5668 tot
1111 5622 1331 5669 manent
1354 5653 1371 5680 ,
1402 5628 1465 5668 ae
1492 5629 1665 5684 neque
1692 5629 1918 5669 numero
1943 5657 1957 5680 ,
1984 5630 2157 5685 neque

546 5706 914 5781 magnitudine
953 5716 1174 5776 possunt
1210 5706 1394 5777 augeri
1424 5722 1437 5770 ;
1480 5721 1673 5775 nempe
1718 5721 1837 5761 cum
1874 5707 1927 5761 in
1958 5706 2154 5761 identi-

611 5841 686 5897 (αὶ
722 5847 833 5903 Haec
855 5838 1156 5903 reliquorum
1188 5848 1512 5903 interpretum
1552 5838 1698 5890 lectio
1736 5854 1830 5891 unn
1871 5849 2063 5891 notatur
2105 5856 2159 5892 ut

553 5902 778 5966 hexaplis
804 5902 999 5953 nostris.

2016 421 2385 478 SEVEKIANI

3770 463 3878 514 460

2281 544 2389 591 tate
2431 544 2636 593 natura:
2683 551 3050 603 permansura:
3089 551 3306 610 essent,
3344 542 3722 602 benedictione
3763 563 3876 616 qua

2275 627 2419 696 ipsas
2438 626 2821 699 multiplicaret
2847 645 2954 686 non
2978 631 3226 703 egebant.
3256 633 3387 702 Quze
3412 651 3542 692 vero
3566 652 3636 692 ex
3660 654 3874 695 succes-

2273 719 2425 774 sinne
2451 729 2736 791 augentur,
2769 736 2867 776 nec
2889 722 2993 777 alio
3023 733 3248 793 possunt
3275 729 3457 797 augeri
3486 729 3648 783 modo
3666 772 3685 797 ,
3713 730 3875 785 bene-

2273 809 2565 866 dictionem
2597 813 2906 868 necessario
2930 815 3287 885 accipiebant.
3318 816 3463 873 Idem
3492 836 3706 876 rursum
3734 821 3875 887 dico,

2274 913 2333 957 ut
2355 904 2561 959 dictum
2577 905 2754 974 magis
2779 905 3027 976 inligatur
3048 910 3231 962 menti.
3256 908 3441 980 Neque
3462 912 3631 979 enim,
3664 913 3873 976 fratres,

2276 995 2477 1064 planta,
2499 1012 2620 1067 qua:
2642 1006 2845 1052 temere
2865 1006 2919 1052 et
2950 999 3310 1067 perfunctorie
3340 1001 3392 1056 in
3422 1010 3581 1058 terra:
3614 1005 3874 1059 seissuras

2274 1086 2562 1155 inducitur.
2592 1089 2801 1144 firmam
2832 1088 2992 1144 habet
3020 1090 3240 1153 sedem;
3285 1093 3381 1148 sed
3418 1110 3539 1165 quze
3571 1094 3623 1149 in
3656 1097 3879 1165 profun-

2272 1178 2398 1234 dum
2430 1180 2550 1249 ejus
2577 1197 2703 1237 cum
2730 1182 2876 1237 omni
2906 1181 3182 1252 diligentia
3211 1184 3539 1241 immittitur.
3569 1184 3755 1242 Stella:
3782 1188 3882 1243 be-

2274 1269 2577 1328 nedictione
2600 1288 2736 1343 opus
2766 1288 2873 1329 non
2905 1274 3175 1329 habebant
3205 1292 3219 1330 :
3253 1290 3427 1346 neque
3452 1278 3594 1334 enim
3626 1279 3745 1335 haec
3776 1279 3883 1334 illis

2274 1362 2663 1434 multiplicandi
2695 1366 2802 1420 vim
2842 1366 3129 1421 tribuebat.
3157 1367 3405 1422 Volatilia
3436 1379 3617 1425 autem
3643 1380 3698 1426 et
3728 1383 3883 1426 nata-

2275 1457 2385 1511 tilia
2415 1465 2574 1526 atque
2611 1460 2775 1512 homo
2817 1458 2955 1513 hanc
2996 1459 3431 1516 benedictionem
3464 1462 3880 1528 desiderabant,

2271 1549 2633 1605 successionis
2651 1564 2832 1605 causa.
2859 1551 3035 1621 Atque
3058 1553 3147 1607 ubi
3176 1554 3334 1609 aliter
3362 1554 3738 1624 multiplicatio
3764 1556 3886 1614 ﬁeri

2272 1642 2477 1712 nequit,
2504 1642 2575 1697 ibi
2604 1641 2781 1697 locum
2810 1642 2972 1698 habet
3000 1643 3342 1701 benedictio:
3372 1647 3459 1702 ubi
3489 1663 3684 1718 nempe
3714 1664 3886 1717 pauca

2271 1732 2719 1803 multiplicantur,
2752 1743 2807 1790 et
2841 1750 3004 1805 parva
3034 1744 3379 1807 augmentum
3409 1738 3715 1793 admittunt.
3745 1740 3884 1805 Quia

2271 1826 2430 1897 igitur
2451 1841 2666 1881 causam
2685 1826 3002 1897 agnovimus
3019 1843 3116 1883 cur
3137 1826 3254 1883 hac
3270 1828 3646 1886 benedictione
3666 1831 3883 1902 dignata

2270 1920 2487 1987 fuerint,
2506 1934 2685 1989 operae
2713 1919 2939 1989 pretium
2971 1918 3131 1975 fuerit
3152 1920 3221 1975 ad
3248 1921 3382 1975 alias
3403 1922 3619 1977 demum
3643 1921 3889 1992 Scriptu-

2270 2027 2451 2068 rarum
2486 2012 2749 2069 dictiones
2799 2028 2897 2068 nos
2935 2013 3204 2069 conferre.
3232 2014 3452 2070 Crescite
3476 2055 3492 2083 ,
3522 2016 3641 2085 quia
3672 2031 3839 2085 parva
3869 2034 3887 2081 ι

2272 2102 2696 2176 Multiplicamini
2718 2144 2735 2172 ,
2767 2105 2889 2175 quia
2923 2120 3089 2176 pauca
3117 2121 3132 2171 ;
3167 2104 3388 2176 lmplete
3429 2122 3587 2177 aquas
3612 2148 3627 2173 ,
3661 2103 3783 2177 quia
3830 2108 3887 2163 in

2268 2210 2442 2269 parte.
2474 2197 2705 2255 Necesse
2731 2208 2912 2254 autem
2931 2210 3038 2267 est,
3072 2209 3131 2256 ut
3154 2200 3261 2254 alio
3282 2211 3524 2270 tempore
3548 2217 3884 2270 quaeramus,

2268 2304 2366 2345 cur
2392 2291 2568 2360 pisces
2606 2301 2660 2346 et
2689 2289 2925 2348 volatilia
2964 2301 3020 2347 et
3050 2291 3323 2347 hominem
3353 2288 3634 2348 dumtaxat
3662 2295 3889 2349 benedi-

2268 2380 2447 2435 ctione
2470 2380 2720 2451 dignatus
2742 2381 2845 2447 sit;
2869 2382 3079 2439 czeteris
3100 2398 3230 2439 vero
3251 2399 3357 2438 non
3386 2399 3505 2439 eam
3534 2385 3883 2456 impertierit.

2268 2470 2486 2527 Interim
2512 2481 2692 2527 autem
2718 2512 2735 2537 ,
2768 2482 2826 2526 ut
2855 2472 3079 2542 polliciti
3109 2488 3330 2541 sumus,
3364 2476 3522 2530 seriei
3555 2476 3885 2531 hazreanms.

2269 2563 2337 2616 Et
2359 2563 2488 2618 dixit
2512 2563 2653 2619 Deus
2681 2580 2699 2618 :
2726 2563 2929 2618 Educet
2962 2575 3095 2618 terra
3120 2567 3345 2620 animam
3370 2567 3612 2621 viventem
3641 2568 3793 2637 (Gen.
3827 2571 3852 2623 1
3869 2612 3882 2623 .

2267 2654 2381 2724 24).
2398 2655 2619 2710 Terram
2643 2656 2784 2711 Deus
2804 2656 3001 2727 duplici
3019 2658 3422 2714 aflicithonore.
3442 2660 3619 2717 Primo
3636 2662 3777 2717 enim
3792 2662 3891 2717 illa

2271 2748 2475 2801 semina
2505 2749 2673 2819 gignit
2699 2758 2754 2803 et
2783 2749 3011 2818 plantas,
3043 2759 3098 2804 et
3128 2760 3311 2818 postea
3338 2751 3620 2818 animalia;
3646 2770 3746 2809 nec
3768 2756 3891 2812 sine

2269 2854 2452 2906 causa,
2482 2840 2578 2895 sed
2606 2840 2728 2910 quia
2754 2840 2991 2895 hominis
3020 2840 3350 2896 domicilium
3388 2842 3564 2898 futura
3594 2856 3709 2899 erat
3742 2863 3757 2901 :
3788 2862 3887 2901 ne-

2270 2947 2375 3002 que
2404 2932 2455 2987 id
2490 2941 2694 2987 tantum
2718 2950 2732 2997 ;
2755 2932 2850 2988 sed
2876 2933 2997 3002 quia
3022 2947 3089 2987 ex
3120 2932 3208 2986 illa
3236 2934 3349 3003 ipsa
3378 2933 3541 2991 homo
3565 2935 3886 2991 alimentum

2268 3037 2589 3097 accepturus
2613 3034 2729 3082 erat
2753 3069 2768 3093 ,
2802 3027 2944 3082 illam
2979 3035 3035 3081 ut
3060 3027 3322 3081 nutricem
3353 3037 3408 3083 et
3439 3039 3668 3084 matrem
3701 3032 3887 3100 magni

2270 3121 2432 3189 hujus
2460 3121 2712 3177 animalis
2741 3162 2756 3187 ,
2800 3120 3012 3176 honore
3041 3119 3227 3175 allicit.
3263 3120 3360 3176 Hic
3390 3120 3511 3176 vide
3540 3138 3645 3192 qua
3676 3122 3891 3177 ordinis

2267 3214 2408 3269 serie
2428 3215 2498 3269 sit
2518 3228 2665 3267 usus.
2699 3213 2879 3268 Primo
2903 3213 3156 3268 alimenta
3187 3223 3338 3282 parat
3364 3230 3378 3277 ;
3411 3214 3651 3269 secundo
3680 3215 3890 3271 inducit

2268 3320 2330 3359 ea
2371 3321 2491 3375 qua:
2530 3304 2799 3359 alimentis
2843 3303 3121 3370 fruantur,
3163 3314 3225 3359 ut
3265 3320 3391 3374 erga
3422 3305 3697 3361 hominem
3732 3307 3887 3361 fecit.

2269 3397 2449 3451 Primo
2466 3394 2683 3451 domum
2708 3393 2951 3465 perfecit,
2984 3403 3038 3450 et
3058 3394 3135 3450 sic
3164 3396 3605 3464 patremfamilias
3634 3398 3885 3452 introdu-

2268 3489 2363 3544 xit.
2392 3488 2588 3543 Educat
2608 3498 2744 3543 terra
2763 3488 2988 3541 animam
3008 3488 3269 3542 viventem.
3309 3486 3547 3543 lnanima
3574 3498 3714 3545 terra
3744 3506 3887 3561 quo-

2267 3580 2428 3635 modo
2468 3580 2637 3650 gignit
2664 3580 2899 3633 animam
2932 3579 3244 3633 viventem?
3275 3578 3416 3633 unde
3444 3580 3644 3649 prodiit
3673 3580 3758 3636 leo
3792 3598 3888 3636 ru-

2265 3676 2437 3746 giens,
2467 3683 2559 3729 aut
2584 3688 2755 3744 equus
2778 3688 3020 3739 currens,
3050 3684 3141 3726 aut
3168 3673 3264 3727 bos
3295 3672 3616 3741 laboriosus,
3646 3684 3741 3728 aut
3766 3691 3891 3729 sar-

2265 3769 2402 3824 cinis
2427 3774 2583 3837 aptus
2611 3766 2831 3821 asinus?
2854 3763 2996 3819 unde
3017 3766 3329 3819 animalium
3356 3765 3714 3821 dill'erentix?
3743 3769 3887 3824 unde

2266 3875 2331 3915 ex
2358 3859 2591 3914 inanima
2620 3866 2699 3913 tot
2723 3856 2961 3911 animat?
2988 3856 3099 3912 Nec
3125 3857 3289 3927 pudet
3315 3857 3600 3913 haereticos
3619 3860 3715 3930 (a).
3741 3862 3887 3929 quod

2267 3950 2501 4006 inanima
2520 3958 2659 4005 terra
2683 3964 2840 4019 quam
2861 3964 2966 4003 non
2985 3948 3146 4003 habet
3160 3949 3393 4002 animam
3418 3948 3688 4018 proferat;
3712 3952 3892 4007 Deum

2266 4058 2397 4099 vero
2420 4043 2464 4097 si
2491 4044 2742 4113 genuisse
2765 4041 2987 4097 audiant
3013 4056 3080 4097 ex
3112 4041 3325 4111 propria
3350 4042 3669 4107 substantia,
3696 4045 3881 4099 statim

2266 4138 2669 4203 ratiociniorum
2693 4136 2856 4191 tricas
2882 4143 3170 4200 moveant,
3192 4144 3249 4189 et
3268 4135 3501 4190 inferant
3528 4148 3542 4185 :
3570 4135 3717 4207 Ergo
3746 4138 3886 4192 divi-

2267 4244 2360 4285 sus
2390 4238 2473 4285 est
2499 4271 2514 4294 ,
2558 4243 2687 4299 ergo
2730 4228 3029 4293 dissectus,
3058 4242 3191 4297 ergo
3218 4241 3409 4295 passus
3437 4236 3556 4293 est,
3598 4236 3654 4281 et
3684 4228 3889 4283 similia

2267 4338 2391 4392 qua:
2416 4323 2597 4377 dicere
2626 4320 2822 4376 solent.
2855 4318 3036 4388 Neque
3064 4318 3208 4373 enim
3238 4318 3520 4387 praesentis
3550 4328 3635 4374 est
3667 4329 3885 4389 tempo-

2266 4418 2342 4470 ris
2371 4414 2550 4469 omnia
2582 4428 2703 4483 quie
2732 4422 2919 4466 contra
2950 4410 3290 4481 Unigenitum
3317 4452 3333 4477 ,
3367 4410 3476 4464 imo
3506 4420 3694 4465 contra
3727 4427 3883 4466 suam

2266 4508 2494 4563 salutem
2546 4506 2769 4573 dicunt,
2802 4503 3101 4559 confutare.
3138 4503 3277 4557 Deus
3307 4502 3452 4557 enim
3486 4517 3585 4557 nec
3614 4503 3659 4556 si
3694 4503 3883 4557 laude—

2268 4608 2369 4664 tur,
2396 4598 2593 4668 aliquid
2616 4599 2747 4653 lucri
2777 4596 3022 4667 percipit,
3050 4611 3150 4651 nec
3179 4596 3221 4649 si
3247 4594 3545 4649 maledictis
3567 4598 3882 4665 impctatur,

2265 4690 2465 4761 aliquid
2487 4690 2669 4745 damni
2700 4708 2711 4743 :
2741 4688 2843 4744 nisi
2877 4689 3103 4743 fortasse
3132 4687 3351 4751 dixeris,
3382 4687 3607 4742 salutem
3636 4698 3882 4743 nostram

2264 4782 2473 4838 lucrum
2507 4798 2629 4838 esse
2662 4783 2775 4837 Dei.
2812 4780 2930 4851 ipse
2958 4794 3189 4849 namque
3214 4778 3404 4849 plenus
3430 4789 3514 4833 est
3532 4780 3679 4833 omni
3708 4780 3875 4843 bono,

2265 4876 2517 4945 nullaque
2550 4892 2607 4930 re
2634 4884 2754 4945 eget
2776 4891 2791 4930 :
2815 4872 2905 4945 qui
2933 4888 3123 4929 omnes
3150 4871 3305 4937 ditet,
3337 4871 3591 4942 nulloque
3617 4888 3754 4942 opus
3787 4874 3882 4926 ha-

2265 4969 2407 5025 beat.
2440 4968 2732 5023 Enimvero
2761 4968 2880 5037 quis
2905 4966 3114 5021 dederit
3134 4964 3403 5036 quidpiam
3429 4965 3500 5027 ei,
3524 4965 3614 5035 qui
3634 4966 3882 5023 omnium

2265 5070 2349 5117 est
2378 5060 2496 5116 fons
2527 5060 2788 5114 bonorum
2816 5100 2831 5124 ,
2863 5073 2929 5113 ex
2959 5058 3112 5125 cujus
3142 5057 3299 5110 unius
3336 5054 3665 5127 benignitate
3695 5058 3877 5111 omnia

2266 5153 2578 5229 pendeant?
2624 5149 3085 5217 Quemadmodum
3136 5149 3212 5202 ait
3262 5146 3472 5202 David:
3507 5146 3694 5201 Omnia
3732 5148 3803 5200 ad
3831 5160 3881 5203 to

2264 5257 2576 5320 exspectant,
2610 5247 2787 5316 Aperis
2808 5255 2862 5296 tn
2889 5259 3097 5296 manum
3124 5253 3286 5307 tuam,
3318 5250 3366 5294 et
3392 5240 3571 5309 imples
3595 5258 3741 5295 omne
3764 5243 3879 5295 ani-

2264 5345 2366 5397 mal
2394 5341 2733 5395 benedictione
2762 5335 2891 5407 (Ps.
2918 5336 3039 5390 105.
3063 5335 3153 5389 27.
3187 5345 3232 5389 et
3259 5334 3384 5389 144.
3410 5334 3535 5404 16).
3575 5334 3682 5389 Sed
3712 5349 3874 5405 quem

2263 5434 2498 5506 aggressi
2538 5447 2724 5488 sumus
2768 5443 3075 5485 sermonem
3121 5427 3187 5480 ad
3232 5426 3392 5481 linem
3436 5425 3715 5480 ducamus.
3760 5425 3877 5481 Hoc

2264 5528 2405 5584 enim
2438 5539 2491 5581 et
2520 5525 2677 5581 nobis
2705 5533 2914 5594 gratum
2944 5531 3027 5575 est
3049 5562 3063 5584 ,
3096 5528 3151 5573 et
3177 5518 3312 5574 ordo
3340 5517 3595 5589 postulat.
3640 5517 3696 5572 id
3730 5519 3879 5585 quod

2264 5635 2374 5673 non
2403 5618 2563 5672 habet
2593 5626 2731 5670 terra
2767 5613 2985 5683 profert,
3011 5608 3252 5680 jnbentis
3282 5609 3507 5678 imperio
3532 5607 3877 5678 obsequens;

2262 5720 2317 5766 et
2346 5710 2395 5764 id
2434 5708 2576 5778 quod
2602 5706 2763 5761 habet
2789 5704 2970 5758 divina
2999 5711 3053 5757 et
3093 5702 3406 5755 intemerata
3437 5709 3624 5753 natura
3656 5715 3760 5754 non
3794 5702 3879 5769 gi-

2262 5802 2415 5876 gnit?
2444 5800 2640 5855 Verum
2675 5814 2742 5852 ne
2781 5797 2901 5865 quis
2944 5808 3155 5848 rursum
3189 5808 3373 5848 vocem
3407 5790 3606 5848 habere
3636 5790 3883 5850 humano

2332 5896 2405 5957 (ιτ)
2441 5896 2644 5943 Arianos
2670 5888 2915 5950 intelligit.
