4102 6506
295 502 407 557 461

302 600 531 672 arripiat
573 614 724 657 more
767 599 996 656 dicens:
1028 598 1216 654 Viden‘
1254 598 1527 671 quomodo
1555 600 1670 669 ipse
1712 599 1899 655 doctor

301 694 634 751 concesserit
678 693 886 748 Patrem
930 692 1067 748 Filio
1108 693 1341 762 priorem
1379 692 1543 747 esse?
1586 690 1682 747 sed
1725 693 1899 762 potius

301 787 538 843 sermoni
560 786 769 842 veniam
788 786 1010 851 tribuas,
1030 800 1152 841 cum
1180 784 1421 839 homines
1441 785 1630 850 simus,
1650 786 1898 853 luteaque

299 880 480 950 lingua
520 890 731 934 utamur
752 921 768 946 ,
800 888 959 950 atque
1008 878 1313 934 hominibus
1345 879 1500 933 verba
1551 876 1803 931 faciamus
1832 877 1898 932 de

298 972 479 1026 divina
507 987 829 1042 omnemque
860 973 1118 1027 rationem
1149 981 1436 1041 superante
1465 981 1675 1025 natura.
1711 971 1895 1025 llomi-

298 1076 400 1118 nes
420 1063 562 1117 enim
587 1077 707 1118 cum
729 1064 917 1131 simus,
943 1071 998 1118 ut
1020 1062 1263 1118 homines
1290 1062 1432 1131 loqui
1456 1061 1756 1117 didicimus.
1780 1062 1895 1117 Non

295 1154 443 1207 enim
466 1154 643 1209 sciunt
672 1155 875 1219 miseri,
900 1169 959 1209 se
983 1154 1052 1208 de
1076 1154 1184 1208 Deo
1210 1152 1497 1217 disserere,
1530 1152 1689 1207 verba
1722 1152 1897 1220 profe-

296 1254 497 1311 rentes,
529 1260 649 1315 quin
672 1245 740 1299 de
770 1246 879 1301 Deo
908 1245 1086 1300 dicere
1118 1259 1223 1298 non
1250 1252 1672 1299 consentaneum
1704 1253 1802 1296 est.
1833 1243 1897 1296 Et

294 1335 420 1390 vide
438 1350 625 1390 eorum
652 1335 935 1390 vafritiem.
960 1335 1094 1390 Cum
1122 1334 1446 1404 qumstiones
1473 1341 1793 1402 proponunt,
1824 1348 1889 1386 ex

296 1427 544 1482 lnnnanis
569 1428 855 1498 loquuntur
882 1426 1206 1493 ratiociniis;
1238 1427 1469 1494 exempli
1506 1440 1662 1479 causzt
1687 1443 1701 1479 :
1724 1427 1894 1478 Omne

291 1517 437 1587 quod
461 1518 714 1588 gignitur,
749 1518 1012 1589 inquiunt,
1037 1517 1331 1573 exsistendi
1361 1518 1676 1586 principium
1709 1514 1889 1569 habet.

292 1608 573 1665 Undeuam
606 1612 779 1666 vero?
819 1610 1010 1666 Statim
1042 1618 1310 1679 reponunt
1338 1626 1351 1662 :
1385 1607 1463 1661 Tn
1493 1606 1582 1677 qui
1615 1615 1769 1661 natus
1798 1621 1855 1660 es
1875 1647 1889 1669 ,

289 1718 471 1757 annon
497 1703 811 1773 principium
832 1702 1060 1757 habuisti
1082 1719 1095 1756 :
1120 1717 1244 1756 num
1270 1709 1417 1769 pater
1436 1700 1591 1753 ttnts?
1620 1714 1743 1751 num
1762 1711 1892 1752 avus

292 1795 451 1847 tuus?
471 1793 524 1848 Si
550 1793 788 1862 proferas
815 1793 889 1848 illi
906 1808 971 1849 ex
994 1794 1113 1863 ipso
1128 1807 1312 1847 eorum
1332 1789 1608 1845 ratiocinio
1632 1788 1888 1842 rationem

287 1888 473 1954 aliam,
496 1904 615 1958 quae
638 1889 881 1943 insannm
906 1888 1046 1943 illius
1064 1896 1423 1941 commentum
1456 1882 1623 1951 possit
1640 1882 1887 1946 obruere,

288 1980 471 2033 statim
494 1979 733 2049 captiose
762 1979 888 2033 dicit
916 1997 931 2031 τ
960 1979 1034 2033 De
1067 1978 1175 2032 Deo
1200 1977 1389 2045 agitur,
1424 1984 1478 2028 et
1506 1975 1729 2027 humana
1760 1973 1888 2029 mth

290 2071 564 2123 ratiocinia
597 2070 839 2125 inducis?
862 2078 914 2124 et
942 2068 1019 2123 illi
1040 2068 1253 2138 quidem
1274 2066 1505 2121 radicem
1534 2064 1790 2117 malorum
1821 2079 1889 2118 ex

286 2161 665 2215 utinmunibus
682 2161 973 2216 ratiociniis
995 2158 1270 2231 proferunt
1303 2177 1315 2212 ε
1349 2158 1611 2211 malorum
1639 2170 1767 2210 vero
1793 2170 1885 2209 so-

288 2251 545 2307 lutionem
570 2252 755 2306 nolunt
780 2268 845 2306 ex
876 2252 1063 2306 iisdem
1088 2249 1379 2305 ratiociniis
1406 2247 1704 2301 admittere.

362 2344 417 2399 4.
454 2344 542 2397 Ait
572 2359 714 2412 sa‘pe
760 2342 1044 2397 ltmreticus
1078 2359 1090 2395 :
1123 2342 1205 2395 Au
1254 2349 1426 2409 potest
1454 2338 1642 2406 aliquis
1684 2351 1803 2390 esse
1830 2345 1885 2390 et

290 2436 477 2491 nasci?
505 2435 559 2491 Si
589 2435 749 2505 igitur
773 2442 1164 2498 moustravero,
1196 2432 1524 2500 Scripturam
1554 2428 1747 2483 nonde
1771 2428 1882 2481 Deo

292 2538 523 2592 tantum,
556 2527 649 2581 sed
678 2527 836 2580 etiam
869 2526 936 2579 de
965 2524 1271 2578 hominibus
1302 2521 1476 2576 simile
1506 2520 1773 2591 quidpiam
1803 2520 1882 2572 itt-

284 2620 507 2684 ducere,
549 2620 673 2687 quid
723 2617 889 2686 ages?
918 2615 1061 2670 Beati
1100 2614 1331 2669 Abrahae
1374 2613 1534 2675 ﬁlios,
1581 2626 1685 2665 non
1728 2610 1878 2680 quasi

286 2726 393 2765 non
421 2714 546 2773 sint,
572 2710 664 2765 sed
691 2710 838 2779 quasi
875 2709 1275 2776 prmexsistant,
1298 2706 1571 2774 Scriptura
1610 2704 1753 2757 nasci
1792 2702 1878 2756 di-

284 2804 379 2856 cit.
412 2802 543 2856 Nam
570 2802 836 2856 Abraham
863 2800 1045 2870 genuit
1088 2799 1262 2863 Isaac,
1295 2796 1440 2850 lsaac
1464 2795 1646 2866 genuit
1677 2793 1875 2860 Jacob,

285 2893 451 2948 Jacob
491 2892 652 2957 Levi,
687 2907 751 2947 ex
780 2906 886 2960 quo
928 2890 1097 2944 tribus
1138 2886 1502 2942 sacerdotalis.
1542 2885 1675 2953 Quia
1720 2884 1879 2955 igitur

287 2983 395 3049 hic,
442 2998 633 3053 nempe
680 2982 977 3044 Abraham,
1028 2979 1416 3035 ltlclchisedeeo
1455 2977 1665 3032 obviam
1708 2977 1871 3043 venit,

283 3076 482 3131 Paulus
501 3075 774 3145 apostolus
804 3073 854 3128 id
880 3074 1018 3145 quod
1049 3083 1173 3127 tunc
1200 3082 1406 3143 gestum
1441 3070 1541 3126 fuit
1578 3070 1876 3140 theologico

282 3181 433 3219 more
478 3166 833 3233 interpretans
873 3166 947 3218 ait
981 3182 994 3216 :
1034 3184 1052 3215 ς
1091 3163 1313 3218 Obviam
1350 3164 1494 3217 venit
1537 3170 1712 3215 auzem
1743 3161 1874 3215 Mel-

278 3254 534 3310 chisedec
571 3255 834 3319 Abrahzu,
881 3264 935 3308 et
979 3253 1247 3307 benedixit
1276 3252 1359 3315 ei;
1402 3261 1497 3305 »οι
1539 3251 1716 3304 statim
1748 3251 1873 3304 sub-

273 3346 451 3416 ⁸ιιιιιείι
479 3364 491 3399 :
524 3365 541 3396 ι
580 3344 649 3400 Εἰ
692 3355 747 3399 ut
784 3346 853 3399 ita
895 3346 1094 3399 dictum
1136 3343 1225 3405 sit,
1267 3357 1362 3411 per
1396 3341 1663 3396 Abraham
1711 3342 1869 3395 etiam

278 3437 431 3501 Levi,
456 3438 542 3506 qui
564 3435 796 3492 decimas
820 3436 1032 3504 accipit,
1061 3434 1354 3489 decimatas
1379 3443 1462 3489 est
1485 3450 1498 3487 :
1526 3432 1701 3488 adhuc
1729 3434 1869 3487 enim

280 3530 332 3583 in
364 3529 557 3582 lumbis
598 3539 713 3583 crat
756 3527 987 3582 Abraha:
1023 3525 1242 3595 »(Ηεὺιν.
1276 3528 1327 3580 7.
1362 3528 1410 3580 ι.
1459 3525 1509 3580 9.
1550 3526 1660 3595 10).
1699 3527 1871 3595 Atque

276 3621 413 3675 adeo
443 3621 680 3675 mortalis
705 3622 866 3675 homo
895 3630 1178 3690 antequam
1200 3628 1508 3673 nasceretur
1534 3627 1669 3672 erat.
1689 3619 1868 3685 Quan~

276 3713 564 3782 doquidem
611 3713 760 3768 radix
804 3714 1045 3778 vivebat,
1094 3712 1322 3766 fructum
1370 3726 1492 3764 cum
1535 3711 1746 3766 vivente
1789 3728 1871 3765 ra-

274 3802 366 3856 dix
402 3802 623 3856 induxit.
658 3803 753 3856 llic
795 3818 950 3865 vero,
985 3802 1072 3856 ubi
1112 3803 1255 3855 nulla
1297 3802 1494 3871 passio,
1529 3802 1705 3855 nullus
1749 3818 1869 3857 soc-

271 3893 536 3947 cessionis
584 3892 805 3959 modus,
866 3892 1009 3947 nulla
1062 3894 1196 3947 uteri
1250 3893 1511 3963 gestatio,
1569 3892 1709 3945 nulla
1764 3893 1863 3946 lm-

272 4000 553 4039 manarnm
612 3984 916 4053 passionum
953 3986 1148 4049 series,
1196 4001 1303 4037 non
1348 3984 1462 4037 vult
1517 3983 1695 4037 dicere
1742 3999 1863 4037 eum

272 4076 368 4143 qtti
399 4085 513 4129 erat
538 4076 605 4129 ab
631 4076 919 4130 exsistente
948 4076 1124 4145 gigni,
1155 4083 1207 4129 et
1252 4076 1303 4128 in
1334 4086 1590 4129 alternum
1624 4092 1859 4129 manere.

272 4170 348 4227 At
384 4167 425 4221 si
473 4168 682 4237 genitus
731 4167 858 4234 fuit,
910 4167 1099 4237 inquit,
1149 4167 1417 4237 quomodo
1457 4182 1671 4237 semper
1710 4169 1863 4221 erat?

270 4258 528 4329 Quisquis
571 4260 713 4313 enim
759 4260 1012 4328 gignitur,
1061 4260 1379 4329 principium
1429 4259 1642 4329 accipit.
1691 4260 1862 4314 Patris

270 4367 471 4410 nomen
494 4351 635 4421 apud
665 4366 765 4406 nos
795 4368 889 4421 per
919 4352 1117 4406 multos
1144 4351 1395 4405 circuitus
1416 4350 1673 4405 decurrit.
1700 4351 1860 4405 Verbi

266 4443 465 4512 gratia,
496 4458 740 4512 suppone
764 4444 1017 4512 juvenem
1051 4458 1271 4497 uxorem
1303 4442 1501 4497 ducere
1532 4443 1855 4509 capientem.

267 4532 509 4587 Primum
544 4534 599 4586 lit
625 4548 817 4602 procus
837 4574 852 4599 ,
884 4534 1079 4589 deinde
1108 4548 1357 4603 sponsus,
1392 4543 1572 4603 postea
1603 4536 1855 4598 maritus;

262 4625 315 4680 si
347 4624 543 4693 gignat,
572 4625 765 4679 dicitur
785 4634 968 4695 pater;
992 4626 1073 4679 sin
1102 4627 1278 4693 proles
1302 4626 1400 4679 hoc
1430 4626 1502 4680 illi
1530 4641 1723 4679 nomen
1754 4643 1856 4679 non

263 4713 535 4779 tribuerit,
563 4712 771 4767 etiamsi
792 4723 1073 4767 sexcentos
1101 4728 1270 4766 annos
1296 4729 1417 4767 cum
1450 4730 1616 4768 uxore
1643 4715 1854 4776 vixerit,

262 4821 378 4859 non
411 4818 556 4873 pater
581 4803 875 4859 vocabitur.
905 4803 1266 4871 Similiterque
1288 4814 1479 4866 mater,
1515 4806 1685 4871 primo
1708 4806 1857 4874 virgo

261 4897 397 4953 hinc
423 4897 709 4967 postulata,
733 4908 917 4967 postea
940 4896 1281 4965 desponsata,
1307 4894 1521 4949 demum
1551 4912 1711 4960 uxor;
1742 4908 1857 4951 ute-

256 5006 388 5047 rum
440 5002 631 5061 gestat,
682 4991 910 5044 fructum
964 4998 1164 5059 portat;
1214 4988 1307 5043 sed
1356 4988 1401 5041 si
1456 5004 1561 5041 non
1610 4989 1850 5056 prodeat,

255 5094 440 5138 mater
470 5099 572 5137 non
602 5092 836 5138 vocatur.
870 5082 1093 5137 Etiamsi
1124 5082 1273 5135 radix
1306 5083 1534 5135 fructum
1569 5082 1719 5141 ferat,
1754 5083 1851 5136 nisi

254 5189 549 5247 progressa
582 5175 761 5242 proles
804 5176 1045 5229 labormn
1089 5176 1390 5229 mercedem
1415 5216 1430 5240 ,
1469 5175 1605 5228 hanc
1647 5175 1853 5228 scilicet

249 5267 792 5332 denominatiouem,
825 5269 1099 5332 retulerit,
1152 5279 1323 5322 mater
1371 5285 1475 5322 non
1534 5269 1847 5336 appellatur.

254 5359 499 5427 ldipsum
551 5360 722 5424 Deus,
772 5368 952 5429 utpote
1004 5360 1217 5429 sapiens
1268 5360 1425 5425 fecit,
1485 5376 1551 5414 ne
1596 5362 1850 5414 adversus

252 5451 408 5507 ﬁlios
432 5450 786 5520 gloriarentur
816 5461 1158 5520 patres,neve
1188 5452 1389 5507 diceret
1413 5461 1559 5521 pater
1582 5452 1707 5516 lilio,
1742 5452 1849 5521 Ego

250 5544 359 5598 tibi
402 5544 562 5598 vitam
612 5542 832 5615 largitus
876 5559 993 5598 sum
1016 5583 1031 5608 ,
1060 5554 1275 5614 propter
1304 5560 1389 5597 me
1425 5554 1579 5597 natus
1611 5561 1691 5608 es,
1731 5558 1848 5597 mea

250 5648 431 5699 Opera
459 5635 509 5687 in
554 5650 732 5690 rerum
766 5644 1007 5688 naturam
1048 5634 1337 5703 productus
1376 5650 1432 5688 es
1463 5652 1476 5689 :
1504 5634 1597 5688 sed
1640 5634 1847 5689 etiamsi

252 5726 380 5781 lnrc
418 5724 641 5789 diceret,
676 5726 857 5780 statim
905 5724 1151 5779 audiret:
1199 5726 1311 5795 Ego
1352 5734 1571 5795 propter
1600 5736 1649 5780 te
1692 5736 1847 5780 natus

254 5832 403 5877 Sttltt,
439 5825 491 5868 tu
523 5816 683 5871 etiam
718 5825 934 5885 propter
978 5832 1062 5870 me
1090 5825 1239 5885 pater
1280 5832 1361 5871 es.
1395 5814 1626 5885 ldipsum
1655 5825 1709 5870 et
1736 5831 1848 5869 ma-

257 5908 328 5964 tri
362 5924 375 5960 ;
405 5905 661 5965 Tt‘ibttisli
688 5908 819 5965 mihi
858 5918 913 5964 ut
951 5922 1125 5965 essent
1153 5909 1324 5979 filius,
1354 5917 1408 5967 et
1435 5923 1534 5980 ego
1562 5908 1718 5965 tribui
1751 5910 1842 5966 tibi

1374 486 1461 543 DE
1499 484 1710 543 MUNDI
1748 484 2137 544 CllEA‘l'lONE
2172 490 2426 548 ORATIO
2461 492 2552 550 IV.

3470 517 3584 571 462

2003 612 2061 657 ut
2084 617 2233 658 esses
2260 615 2450 660 mater.
2482 605 2605 661 llzc
2630 605 2769 677 apud
2800 623 2898 665 nos
2922 613 3143 684 gratiam
3186 617 3469 684 quamdam
3504 619 3589 676 vi-

2002 708 2225 763 cemque
2268 696 2636 751 retributionis
2662 713 2773 767 prze
2800 714 2859 754 se
2905 699 3102 756 ferunt.
3128 702 3492 777 Similiterque
3519 708 3585 763 fl-

2003 784 2139 851 lius,
2188 802 2292 839 non
2347 788 2524 840 statim
2570 786 2741 851 filius,
2781 790 2875 844 sed
2924 790 3095 860 primo
3129 808 3345 859 semen,
3392 798 3586 856 deinde

2002 872 2162 939 fetus,
2190 884 2244 929 et
2268 891 2385 930 cum
2414 888 2567 931 natus
2598 888 2709 940 est,
2748 888 2874 934 tunc
2899 890 2982 936 est
3022 883 3182 938 filius.
3226 886 3352 942 Haec
3379 896 3585 958 tempo-

2001 980 2116 1019 rum
2160 968 2562 1022 necessitatibus
2607 969 2838 1025 obnoxia
2890 980 3060 1025 sunt:
3093 973 3207 1028 ha:c
3248 979 3584 1045 passionihus

2000 1053 2238 1122 subjecta
2272 1072 2284 1107 :
2312 1056 2425 1110 haec
2450 1072 2726 1125 corporeae
2756 1071 2879 1113 sunt
2908 1064 3323 1120 constitutionis.
3354 1067 3452 1123 Ubi
3482 1084 3582 1123 au-

2002 1152 2104 1198 tem
2132 1145 2441 1213 incorporea
2461 1155 2544 1202 est
2564 1158 2751 1202 natura
2769 1166 2887 1218 qua:
2912 1151 3097 1221 gignit,
3128 1155 3213 1208 ubi
3233 1156 3582 1225 incorporeus

2000 1247 2079 1290 est
2107 1235 2308 1291 fructus
2352 1239 2439 1307 qui
2466 1240 2731 1309 gignitur,
2760 1257 2860 1311 qua
2911 1245 3115 1300 ratione
3155 1245 3362 1301 dicatur
3401 1250 3527 1303 illml
3562 1269 3575 1305 :

2000 1326 2128 1378 Erat
2157 1325 2371 1396 quando
2404 1342 2508 1381 non
2537 1339 2675 1395 erat,
2706 1340 2758 1385 et
2784 1340 2965 1399 postea
2995 1335 3205 1403 genitus
3230 1338 3355 1391 est?
3382 1339 3451 1391 At
3481 1354 3579 1394 nos

1996 1415 2261 1471 dicimus:
2289 1418 2345 1473 Si
2378 1420 2517 1474 Dens
2548 1421 2617 1474 ita
2657 1436 2871 1490 semper
2901 1439 2959 1477 se
2996 1424 3181 1491 habet,
3222 1427 3267 1481 si
3298 1428 3427 1482 nihil
3456 1445 3577 1483 urn-

1994 1524 2152 1578 quam
2175 1512 2435 1581 acquirat,
2458 1529 2674 1584 semper
2697 1516 2859 1569 etiam
2889 1525 2973 1570 est
2992 1517 3167 1573 Pater.
3195 1518 3343 1587 Quod
3371 1520 3414 1575 si
3435 1536 3576 1577 sem.

1997 1616 2091 1671 per
2119 1613 2199 1656 est
2227 1603 2404 1670 Pater,
2419 1620 2631 1675 semper
2651 1605 2841 1661 Filium
2865 1608 3051 1677 recipit
3084 1626 3098 1662 :
3127 1625 3255 1680 ergo
3280 1623 3576 1669 coaeternus

1995 1703 2079 1749 est
2106 1696 2245 1750 Patri
2273 1695 2461 1753 Filius.
2492 1698 2682 1752 Filium
2710 1699 2936 1754 dicimus
2956 1701 3070 1755 sine
3096 1702 3341 1771 passione
3368 1716 3571 1771 natum,

1996 1789 2360 1857 generationis
2385 1804 2514 1843 vero
2557 1790 2771 1844 modum
2809 1792 3078 1861 explicare
3121 1809 3227 1848 non
3269 1810 3572 1864 possumus.

2001 1878 2138 1933 Vera
2170 1879 2284 1935 lucc
2304 1890 2386 1935 est
2410 1881 2654 1948 scientia,
2684 1891 2743 1935 ut
2764 1882 3023 1937 fateamur
3050 1898 3149 1938 nos
3174 1898 3235 1939 ea
3257 1900 3361 1940 non
3390 1901 3570 1953 nosse,

1993 1985 2113 2040 qua:
2149 1981 2390 2026 naturam
2417 1981 2655 2027 nostram
2692 1982 2963 2041 superant.
2997 1973 3205 2026 Prolcm
3239 1974 3416 2043 itaque
3443 1975 3572 2030 ado-

1992 2076 2172 2115 ramus
2224 2072 2467 2116 naturam
2494 2078 2622 2116 vero
2641 2077 2747 2116 non
2769 2063 2977 2117 curiose
2998 2075 3318 2118 scrutamur.
3338 2064 3391 2120 Si
3412 2064 3572 2119 homo

1992 2164 2136 2208 esset
2163 2154 2208 2208 is
2229 2156 2319 2224 qui
2346 2156 2549 2224 genuit,
2582 2154 2869 2209 humanam
2892 2165 3037 2210 certe
3057 2155 3454 2226 generationem
3476 2156 3572 2209 ha-

1990 2245 2215 2301 buisset.
2245 2246 2299 2301 Si
2323 2260 2519 2316 corpus
2542 2246 2835 2311 habuisset,
2863 2248 3135 2317 genuisset
3154 2259 3207 2303 nt
3235 2264 3449 2318 corpus.
3474 2248 3567 2304 Sin

1990 2350 2122 2389 vero
2154 2335 2405 2390 immunis
2434 2337 2504 2390 sit
2532 2352 2561 2390 a
2600 2352 2828 2405 corpore
2849 2379 2863 2402 ,
2899 2353 2966 2391 ne
2997 2338 3238 2407 corporis
3264 2339 3570 2394 allectioncs

1998 2423 2318 2494 incorporeo
2358 2425 2651 2480 adscribas.
2688 2429 2755 2480 At
2784 2428 2992 2497 genuit,
3029 2427 3233 2497 inquit,
3260 2444 3323 2483 ex
3357 2431 3568 2498 propria

1988 2524 2197 2579 natura,
2229 2530 2349 2570 cum
2383 2518 2629 2586 passione
2660 2519 2864 2587 genuit,
2900 2533 2993 2587 per
3022 2519 3335 2584 sectionem,
3370 2535 3465 2587 per
3490 2519 3570 2573 ef-

1986 2604 2207 2658 ﬂuxum.
2242 2607 2320 2660 Ex
2351 2609 2580 2661 terrenis
2608 2608 2940 2663 contrarium
2970 2609 3155 2676 probo.
3203 2607 3383 2679 Gignit
3409 2611 3563 2675 vitis,

1983 2697 2149 2767 gignit
2168 2698 2307 2763 olea,
2334 2698 2501 2768 gignit
2523 2699 2682 2752 etiam
2699 2713 2858 2768 aqua,
2879 2714 2983 2752 nou
3005 2700 3297 2754 secundum
3321 2712 3562 2755 naturam

1983 2798 2254 2853 nostram,
2298 2788 2393 2841 sed
2430 2789 2721 2843 secundum
2752 2790 3022 2857 proprium
3053 2790 3317 2844 ordinem.
3349 2791 3562 2859 anevis

1982 2878 2175 2932 mulier
2200 2878 2412 2948 quando
2435 2879 2484 2933 id
2507 2895 2537 2933 a
2570 2880 2680 2934 Deo
2699 2888 3027 2949 consequuta
3057 2890 3159 2948 est,
3188 2890 3247 2936 ut
3271 2884 3343 2937 sit
3369 2894 3559 2951 mater,

1983 2979 2192 3024 uterum
2220 2981 2414 3041 gestat,
2446 2971 2755 3024 intumescit
2785 2987 2799 3025 :
2828 2972 3024 3025 emisso
3049 2983 3225 3027 autem
3255 2972 3449 3039 fructu,
3482 2986 3564 3030 tu-

1982 3078 2187 3118 morem
2220 3063 2389 3133 ponit.
2418 3061 2473 3115 In
2506 3062 2790 3116 arboribus
2815 3077 2970 3117 secus
2999 3064 3208 3118 accidit.
3247 3065 3558 3135 Priusquam

1978 3156 2223 3225 genuerit
2265 3154 2427 3207 arbor
2476 3169 2581 3207 non
2623 3154 2929 3207 intumescit
2963 3170 2976 3206 :
3006 3170 3126 3208 cum
3166 3157 3411 3224 genuerit
3450 3166 3560 3211 tum

1978 3247 2213 3299 crassior
2243 3244 2493 3307 efﬁcitur,
2526 3243 2729 3296 fructus
2758 3252 3014 3312 augetur,
3046 3252 3100 3299 et
3127 3244 3274 3299 radix
3308 3246 3564 3316 multipli-

1977 3347 2149 3401 catur,
2199 3351 2370 3405 neque
2411 3335 2709 3389 imminutio
2758 3342 2841 3388 est
2879 3335 3113 3405 gignenti
3154 3336 3338 3400 radici,
3387 3352 3560 3406 neque

1979 3440 2104 3483 nato
2135 3429 2346 3483 fructui.
2370 3429 2551 3498 Gignit
2571 3428 2692 3482 vitis
2714 3444 2820 3482 non
2848 3443 2998 3482 more
3024 3437 3211 3482 nostro
3235 3442 3250 3481 :
3288 3428 3559 3498 Deumque

1977 3521 2021 3575 si
2044 3521 2275 3575 audieris
2299 3522 2568 3590 genuisse,
2596 3520 2855 3573 humanas
2884 3520 3159 3589 passiones
3180 3519 3438 3576 adscribis
3464 3535 3560 3574 na-

1977 3622 2149 3667 turam
2175 3628 2387 3667 omnem
2417 3612 2699 3667 humanam
2725 3612 3038 3681 superanti?

2047 3705 2099 3759 5.
2136 3704 2201 3757 Et
2230 3704 2359 3758 dixit
2388 3702 2520 3757 Deus
2545 3719 2563 3756 :
2592 3701 2795 3756 Educet
2820 3712 2953 3757 terra
2972 3706 3196 3756 animant
3223 3704 3459 3758 viventem
3478 3722 3560 3760 εο-

1974 3798 2197 3851 cuudum
2238 3815 2428 3869 genus,
2468 3797 2857 3866 quadrupedes,
2898 3799 3135 3866 reptilia,
3178 3800 3359 3852 bestias
3400 3799 3551 3869 (Gen.

1978 3890 2024 3944 l.
2057 3890 2169 3952 24).
2205 3887 2590 3957 Quadrupedes
2614 3887 2852 3957 jumenta
2880 3898 3031 3953 sunt;
3066 3891 3308 3957 reptiles,
3343 3890 3553 3959 hostire,

1974 3997 2197 4049 serpens
2237 3995 2290 4034 et
2316 3981 2516 4044 draco;
2547 3994 2716 4050 neque
2741 3980 2882 4033 enim
2926 3980 3109 4035 bestize
3154 3982 3325 4035 solum
3368 3982 3551 4051 subju-

1972 4075 2139 4143 galcs,
2174 4074 2266 4127 sed
2298 4075 2457 4127 etiam
2486 4089 2604 4143 qua:
2629 4073 2880 4127 oneribus
2910 4073 3175 4139 ferendis,
3202 4074 3440 4143 jumenta
3468 4075 3554 4129 di-

1971 4177 2182 4220 cuntur.
2214 4166 2480 4233 Quidquid
2514 4166 2656 4220 foeno
2684 4166 2918 4220 vescitur
2938 4206 2953 4231 ,
2982 4167 3095 4221 sive
3122 4168 3247 4230 bos,
3278 4168 3388 4220 sive
3415 4168 3551 4231 ovis,

1968 4274 2133 4329 pecus
2174 4268 2432 4313 vocatur:
2476 4276 2638 4321 κτῆνος
2678 4257 2789 4311 sive
2829 4272 2989 4326 pecus
3031 4258 3255 4323 dicitur,
3298 4258 3419 4327 quia
3470 4269 3554 4313 est

1967 4370 2128 4418 κτῆμα
2174 4351 2287 4406 sive
2317 4354 2584 4421 possessio
2623 4351 2873 4406 hominis.
2919 4349 3071 4417 Quod
3116 4358 3295 4402 autem
3343 4364 3470 4403 oves
3495 4359 3551 4403 et

1968 4446 2134 4499 boves
2162 4459 2350 4511 pecora
2382 4452 2639 4498 vocentur
2662 4442 2971 4497 testificatur
2991 4439 3263 4509 Scriptura
3296 4459 3309 4494 ε
3343 4440 3406 4493 Et
3436 4443 3549 4511 {ue-

1966 4546 2085 4589 runt
2109 4536 2186 4589 illi
2213 4551 2395 4604 pecora
2445 4536 2608 4587 ovium
2646 4542 2690 4586 et
2726 4549 2906 4602 pecora
2944 4530 3091 4583 boum
3117 4531 3135 4601 (
3158 4530 3283 4583 Gen.
3310 4530 3397 4583 26.
3435 4530 3547 4597 Η).

1968 4627 2191 4696 Repleta
2221 4636 2304 4680 est
2337 4636 2509 4689 terra,
2550 4622 2807 4676 vernabat
2855 4622 3129 4682 fructibus,
3181 4620 3397 4688 protulit
3435 4620 3549 4672 ani-

1968 4719 2159 4780 malia;
2192 4716 2597 4770 desiderabatur
2630 4714 2843 4767 demum
2887 4720 3037 4779 pater
3063 4710 3325 4772 familias;
3358 4712 3545 4764 celum

1964 4816 2213 4863 ornatum
2252 4807 2441 4871 fuerat,
2477 4816 2616 4859 terra
2661 4804 2809 4856 vario
2843 4802 3038 4855 decore
3081 4801 3428 4869 splendebat,
3462 4816 3549 4855 re~

1964 4900 2163 4969 plt'ltlm
2210 4907 2326 4952 erat
2369 4910 2537 4961 mare,
2582 4910 2675 4949 aer
2714 4894 2888 4947 avium
2939 4892 3277 4947 multitudine
3323 4904 3549 4947 ornatus

1962 5000 2098 5044 erat.
2128 4989 2314 5043 Omnia
2363 4998 2542 5057 parata
2589 4996 2778 5051 erant,
2809 4998 2862 5041 et
2911 4985 3319 5040 desiderabatur
3361 4986 3543 5040 homo.

1962 5082 2076 5135 Non
2106 5082 2177 5134 illi
2210 5082 2547 5135 contumeliae
2574 5090 2675 5143 est,
2712 5080 2850 5148 quod
2879 5080 2947 5132 sit
2972 5088 3293 5147 postremus,
3324 5080 3415 5133 sed
3446 5080 3547 5132 hoc

1962 5172 2035 5227 illi
2068 5173 2209 5227 cedit
2237 5172 2425 5225 honori
2463 5190 2474 5225 :
2507 5183 2839 5240 prmparatur
2865 5171 3006 5225 enim
3034 5171 3255 5234 domus,
3291 5180 3343 5224 et
3390 5170 3537 5223 indu-

1960 5265 2100 5318 citur
2128 5274 2277 5333 pater
2309 5263 2560 5317 familias.
2596 5263 2732 5317 Nihil
2765 5264 2959 5333 quippe
2992 5263 3133 5317 Deus
3172 5262 3545 5330 intempestive

1966 5367 2019 5411 et
2046 5358 2160 5411 sine
2191 5357 2351 5411 modo
2386 5356 2537 5421 facit,
2582 5357 2674 5411 sed
2703 5366 2890 5411 cuncta
2920 5356 2985 5409 ad
3016 5366 3219 5409 certum
3258 5370 3431 5408 usum.
3468 5356 3544 5407 Ac

1960 5447 2078 5501 vide
2102 5448 2363 5502 ordinem.
2398 5450 2576 5503 Primo
2609 5449 2729 5503 fecit
2754 5450 2890 5501 Deus
2916 5447 3133 5501 herbam
3164 5457 3212 5502 et
3240 5448 3458 5509 fumum,
3487 5454 3543 5497 et

1959 5551 2141 5613 postea
2168 5544 2416 5597 animalia
2441 5560 2558 5613 quae
2586 5543 2669 5597 his
2695 5542 3041 5596 nutrirentur.
3069 5540 3175 5593 Nisi
3199 5540 3338 5593 enim
3362 5545 3545 5591 essent

1956 5634 2239 5700 alimenta,
2294 5635 2663 5705 intempeStiva
2710 5634 2898 5689 fuisset
2945 5632 3250 5687 animalium
3295 5630 3541 5695 creatio,

1956 5741 2075 5795 quae
2120 5728 2341 5795 penuria
2378 5727 2642 5782 fructuum
2677 5726 2959 5780 laboraret.
2994 5722 3141 5777 Fecit
3168 5722 3421 5775 alimenta
3444 5762 3459 5784 ,
3486 5731 3543 5776 et

1956 5826 2076 5888 post
2101 5834 2163 5872 ea
2198 5834 2317 5889 qua:
2359 5819 2423 5873 iis
2460 5820 2734 5874 alerentur
2779 5816 3043 5878 condidit;
3074 5814 3244 5883 primo
3286 5813 3352 5867 ad
3386 5828 3543 5870 usum

1955 5910 2281 5983 necessaria,
2324 5908 2520 5967 deinde
2576 5910 2775 5967 inducit
2813 5925 2876 5967 ea
2923 5922 3042 5979 qua:
3096 5905 3198 5962 illis
3240 5916 3540 5963 uterentur.
