4102 6472
549 459 664 514 463

553 558 752 614 i'lodcm
787 557 948 612 modo
993 572 1056 613 se
1103 557 1155 610 in
1182 555 1476 626 Scripturis
1512 555 1696 626 gessit.
1728 558 2147 613 Antecesserunt

549 651 824 705 Christum
851 648 1140 718 Scriptura
1163 648 1335 717 ipsum
1363 645 1739 718 praedicantes,
1765 656 1818 702 et
1849 657 1974 701 tunc
2000 648 2146 703 venit

551 745 596 799 is
638 759 798 813 quem
849 743 1236 812 pra-dicabant.
1280 742 1686 797 Praecesserunt
1721 743 2056 805 testimonia,
2090 751 2147 796 ut

549 836 862 892 crederetur
887 835 960 898 ei,
990 834 1057 889 de
1101 848 1208 905 quo
1249 835 1616 889 testimonium
1669 835 1954 888 ferebatur.
2004 834 2148 888 Prai-

551 936 716 989 cessit
749 935 856 999 lex,
890 940 948 987 ut
978 931 1293 1001 praedicaret
1323 932 1709 1002 legislatoretn.
1742 931 2147 985 Prtecesserunt

553 1025 869 1095 prepltelte,
914 1033 971 1079 ut
1013 1024 1162 1079 illum
1210 1023 1584 1090 declararent,
1623 1023 1690 1079 de
1737 1038 1841 1092 quo
1885 1022 2146 1077 vaticina-

551 1117 767 1172 bantur.

626 1207 914 1278 Scriptum
933 1223 1022 1261 cur
1040 1205 1239 1260 Iudicis
1267 1205 1474 1260 relic-tte.
1492 1235 1567 1246 —
1587 1205 1665 1259 Ac
1685 1204 1806 1258 vide
1827 1203 2147 1274 sapientiam

550 1299 673 1354 Dei.
718 1299 1026 1368 Scripturas
1073 1298 1455 1369 prophetarum
1504 1311 1611 1355 non
1657 1297 1780 1351 sivit
1822 1296 1873 1350 in
1906 1296 2149 1350 Ecclesia

554 1394 726 1446 solum
749 1409 895 1459 esse,
919 1392 1015 1448 sed
1043 1402 1095 1448 et
1116 1393 1253 1463 apud
1278 1392 1519 1447 Judmos:
1542 1403 1599 1447 ut
1616 1393 1690 1447 illi
1709 1401 2147 1463 coarguerentur,

552 1483 771 1553 reliquit
796 1499 889 1539 eas
913 1484 1053 1554 apud
1076 1484 1293 1540 Judmes
1319 1483 1589 1554 indignos,
1617 1484 1709 1537 Dei
1729 1485 1931 1544 hostes,
1951 1482 2149 1537 Christi

552 1576 819 1631 inimicos.
837 1575 946 1630 Cur
967 1592 1094 1646 ergo
1122 1576 1171 1630 id
1195 1576 1341 1639 fecit,
1367 1592 1464 1630 nec
1485 1576 1554 1630 ab
1579 1577 1683 1630 illis
1703 1575 2008 1646 Scriptores
2029 1576 2150 1630 abs-

553 1669 714 1723 tulit?
746 1668 980 1723 Evidens
1009 1683 1168 1723 causa
1193 1678 1298 1733 est,
1328 1683 1428 1724 nec
1468 1669 1631 1722 multa
1674 1669 1988 1738 probatione
2015 1683 2150 1737 epus

554 1761 736 1816 habet.
769 1759 841 1816 Ut
867 1761 1176 1831 praedicatio
1200 1775 1316 1816 mea
1341 1777 1446 1816 non
1470 1772 1718 1831 suspecta
1741 1770 1905 1816 esset.
1930 1762 1984 1816 Si
2007 1761 2152 1815 solus

555 1853 849 1923 prophetas
879 1853 1136 1909 haberem
1156 1896 1170 1918 ,
1202 1865 1385 1924 posset
1413 1855 1722 1910 incredulus
1757 1855 2148 1909 contradicere.

553 1947 804 2001 Aususoe
825 1960 1000 2001 essem
1029 1963 1128 2017 ego
1151 1946 1352 2011 dicere,
1379 1947 1520 2001 Dixit
1546 1947 1781 2019 Moyses,
1808 1948 1942 2001 dixit
1963 1947 2149 2012 Isaias,

554 2047 645 2092 aut
672 2037 811 2092 dixit
845 2038 1086 2107 reliquus
1113 2039 1496 2108 prophetarum
1525 2039 1660 2094 ordo
1681 2081 1694 2103 ,
1729 2039 1796 2093 de
1823 2038 2063 2103 Christo,
2098 2047 2154 2093 et

553 2130 622 2184 de
651 2130 714 2184 iis
745 2145 865 2199 quae
907 2138 1149 2200 tempore
1195 2129 1459 2188 adventus
1483 2131 1604 2201 ejus
1650 2141 1910 2186 eventura
1955 2131 2152 2186 erant?

557 2221 772 2275 l’otcrat
798 2221 969 2290 quivis
995 2221 1358 2290 respondere:
1386 2222 1662 2278 Undenam
1693 2224 1892 2278 scimus
1913 2223 2152 2294 Moysem

555 2312 724 2366 fuisse
757 2314 1110 2382 prophetam,
1144 2325 1199 2368 et
1245 2314 1360 2370 haec
1391 2316 1614 2380 dixisse,
1659 2325 1751 2369 aut
1804 2315 2149 2384 pra-dicasse,

557 2403 1013 2472 quemadmodum
1047 2405 1198 2458 vobis
1222 2405 1542 2460 Christianis
1580 2407 1647 2459 ad
1683 2408 2151 2461 confirmationem

553 2492 818 2547 doctrinae
837 2502 1027 2547 vestrae
1049 2495 1315 2550 blaterare
1334 2497 1505 2550 visum
1527 2506 1625 2561 est,
1651 2497 1938 2566 prophetas
1963 2513 2156 2566 nempe

557 2584 785 2653 lingere,
815 2594 870 2640 et
916 2586 1132 2640 nomina
1163 2586 1406 2643 fabulose
1449 2589 1823 2642 comminisci?
1863 2605 2032 2644 nosne
2063 2591 2157 2644 de-

558 2677 746 2731 bemus
776 2679 914 2733 hanc
941 2683 1314 2738 auctoritatem
1341 2683 1664 2740 admittere?
1691 2685 1842 2740 Nunc
1873 2701 2003 2740 vero
2028 2700 2157 2740 con-

559 2769 875 2834 tradiccnti,
917 2773 1128 2827 etiamsi
1177 2776 1381 2844 magnis
1437 2777 1676 2831 munitus
1730 2777 1799 2831 sit
1840 2778 2152 2844 ratiociniis,

553 2863 730 2918 omnis
774 2864 980 2920 sublata
1026 2867 1238 2921 occasio
1278 2879 1379 2934 est,
1433 2885 1499 2924 eo
1537 2870 1678 2940 quod
1721 2870 1809 2924 illa
1853 2871 2154 2926 testimonia

554 2956 696 3026 apud
731 2962 874 3026 ipsos
901 2958 1141 3028 deposita
1169 2961 1296 3027 sint,
1327 2977 1446 3031 quae
1473 2977 1572 3017 nos
1613 2962 1679 3016 ad
1704 2963 2013 3033 dogmatum
2052 2978 2154 3017 no-

555 3063 790 3105 strorutn
827 3052 1193 3108 defensionem
1231 3054 1520 3109 alferimus.
1563 3055 1716 3111 Unde
1756 3057 1898 3110 enim
1938 3057 2153 3127 coargui

554 3158 660 3197 non
684 3144 853 3212 possit
873 3159 1058 3199 eorum
1080 3146 1300 3200 levitas?
1323 3146 1400 3202 Ne
1425 3148 1585 3217 igitur
1610 3147 1726 3202 lucc
1741 3148 2005 3214 dicantur,
2032 3165 2155 3217 per-

557 3236 703 3291 misit
748 3247 806 3291 ut
835 3237 956 3292 libri
1003 3237 1398 3309 Scripturarum
1445 3240 1583 3308 apud
1615 3239 1735 3294 illos
1780 3249 1995 3303 essent,
2027 3241 2156 3296 utsi

559 3329 687 3384 mihi
729 3330 864 3384 fides
909 3339 1151 3400 negetur,
1180 3331 1328 3400 quasi
1375 3333 1438 3386 ad
1467 3331 1806 3402 prejirierum
1846 3331 2156 3403 dogmatum

555 3423 780 3492 gratiam
811 3424 900 3478 illa
929 3425 1280 3481 conlinxerim
1302 3467 1316 3492 ,
1345 3425 1447 3481 illis
1479 3426 1611 3481 lides
1639 3427 1902 3482 habeatur
1921 3470 1936 3495 ,
1968 3427 2055 3498 qui
2088 3425 2155 3480 ab

556 3515 662 3569 illis
704 3516 1043 3586 dogmatibus
1088 3518 1399 3574 abhorrent.
1427 3518 1484 3574 Si
1531 3519 1770 3575 Judaeum
1819 3521 2152 3591 interroges,

555 3622 662 3660 non
692 3607 814 3662 dico
845 3609 1129 3677 quemdam
1159 3610 1226 3664 de
1257 3611 1414 3679 plebe
1440 3627 1501 3666 ac
1538 3611 1606 3666 de.
1643 3613 1826 3677 turba,
1858 3614 1952 3667 sed
1982 3615 2070 3682 qui
2101 3621 2156 3668 et

555 3701 719 3755 verbo
745 3701 940 3770 polleat
970 3711 1024 3755 et
1051 3702 1223 3772 legem
1256 3711 1453 3768 teneat,
1481 3703 1646 3757 Estne
1666 3705 1949 3759 Christus?
1970 3715 2022 3759 et
2046 3719 2152 3759 non

552 3794 695 3849 dicat
727 3811 831 3847 non
873 3809 993 3849 esse
1013 3836 1028 3859 ,
1055 3796 1151 3850 sed
1180 3811 1302 3850 esse
1344 3795 1582 3866 quidem,
1610 3807 1666 3850 at
1693 3813 1797 3853 non
1839 3815 1959 3853 esse
1987 3799 2149 3864 lnmc,

552 3901 711 3954 quem
739 3899 836 3938 vos
877 3883 1084 3950 dicitis,
1112 3885 1206 3939 sed
1234 3887 1396 3939 alium
1427 3903 1442 3939 :
1475 3886 1732 3941 hactenus
1761 3889 1848 3943 ille
1892 3905 2004 3943 rem
2043 3905 2153 3943 non

551 3975 766 4039 evertit,
799 3974 893 4028 sed
919 3990 1200 4042 personam
1226 3977 1278 4029 in
1304 3975 1522 4030 dubium
1555 3980 1782 4032 vocavit.
1811 3979 1965 4033 Aliud
1990 3995 2154 4048 porro

549 4076 633 4120 est
664 4081 780 4121 rem
824 4082 1041 4136 negare,
1073 4068 1216 4122 aliud
1268 4084 1399 4124 vero
1441 4085 1746 4140 personam.
1793 4072 1856 4128 Ut
1901 4075 1944 4128 si
1975 4075 2152 4144 quisa

551 4174 639 4213 tne
665 4157 904 4213 debitum
933 4169 1198 4228 reposcat,
1232 4160 1374 4216 aliud
1399 4172 1480 4215 est
1505 4162 1705 4230 dicere,
1725 4163 1839 4219 Non
1873 4163 2062 4229 debeo,
2098 4175 2152 4220 et

549 4249 691 4303 aliud
718 4249 920 4317 dicere,
942 4250 1055 4305 Non
1086 4252 1200 4314 tibi,
1225 4252 1319 4307 sed
1341 4253 1427 4307 alii
1451 4253 1643 4308 debeo.
1669 4254 1886 4310 Interim
1908 4255 2149 4313 debitum

549 4341 601 4397 in
633 4342 884 4399 confesso
910 4353 1010 4398 est.
1039 4346 1190 4411 Quod
1215 4346 1370 4416 igitur
1398 4344 1644 4403 Christus
1671 4348 1759 4413 sit,
1789 4349 1840 4403 id
1872 4350 1946 4404 illi
1978 4352 2149 4404 conli-

551 4445 754 4498 tcntur,
781 4435 1030 4489 dubitant
1055 4447 1232 4492 autem
1264 4453 1330 4492 an
1361 4439 1447 4492 hic
1472 4440 1562 4505 sit,
1595 4440 1683 4509 qui
1713 4456 1746 4494 a
1770 4441 1923 4495 nobis
1952 4442 2148 4512 prazdi-

545 4536 720 4592 catur,
741 4538 794 4582 et
811 4545 934 4583 eum
962 4530 1051 4597 qui
1081 4546 1184 4584 non
1209 4530 1418 4586 exsistit
1443 4531 1749 4597 admittunt,
1769 4534 1892 4603 quia
1911 4550 2033 4588 eum
2057 4535 2145 4604 qui

548 4637 677 4677 vere
708 4633 790 4678 est
820 4632 1101 4692 negarunt.
1132 4625 1200 4678 Et
1225 4624 1473 4679 advertas
1508 4627 1695 4688 velim,
1726 4629 1897 4696 ipsum
1926 4628 2142 4697 legisla-

546 4723 717 4768 terem
762 4712 1000 4786 Meysem
1040 4715 1153 4784 ipsa
1197 4714 1427 4770 hominis
1458 4715 1777 4771 formatione
1816 4718 2007 4773 Filium
2057 4721 2144 4774 in-

542 4808 761 4872 ducere,
782 4807 1004 4877 ejusque
1020 4809 1402 4878 cognitionem.
1422 4810 1582 4876 Dixit,
1602 4809 1721 4864 Fiat
1739 4813 2111 4880 ﬁrmamentum
2123 4838 2145 4886 ,-

541 4899 697 4963 dixit,
726 4898 983 4954 Germinet
1023 4910 1194 4964 terra;
1221 4901 1383 4968 dixit,
1421 4902 1656 4957 Educant
1685 4921 1848 4973 aqua.
1878 4905 2011 4959 Cum
2044 4923 2143 4961 au—

543 5003 650 5047 tem
676 4993 823 5047 venit
866 4993 932 5046 ad
962 4993 1232 5047 hominem
1262 4997 1335 5048 ait
1366 5015 1377 5048 :
1411 4995 1476 5048 Et
1505 4998 1632 5050 dixit
1659 4997 1828 5063 Deus,
1866 4998 2143 5056 Faciamus

542 5088 816 5140 hominem.
846 5087 1118 5170 Interrogo
1137 5087 1410 5143 Judaeum:
1435 5093 1490 5143 Si
1512 5093 1658 5144 solus
1679 5102 1781 5156 est,
1806 5107 1904 5146 nec
1921 5103 2002 5146 est
2017 5108 2137 5146 cum

541 5197 607 5235 eo
657 5181 842 5245 Filius,
891 5197 1048 5250 quem
1101 5192 1482 5250 praedicamus,
1533 5185 1577 5238 si
1625 5200 1733 5241 non
1780 5194 1863 5240 est
1908 5185 2141 5256 Spiritus

539 5282 777 5338 sanctus,
807 5289 964 5342 quem
990 5273 1296 5338 adoramus,
1324 5275 1535 5330 cuinam
1566 5276 1719 5340 dixit,
1744 5275 2018 5331 Faciamus
2046 5280 2139 5332 lio-

540 5365 766 5418 mincm?
795 5364 997 5419 Caelum
1025 5365 1178 5434 jussu
1210 5367 1324 5420 solo
1355 5366 1499 5430 facit,
1530 5377 1723 5422 terram
1752 5378 1806 5424 et
1834 5371 2033 5439 reliqua
2063 5371 2136 5426 si-

538 5458 768 5510 militer:
797 5473 918 5511 cum
945 5459 1214 5514 hominem
1235 5470 1402 5525 creat,
1427 5459 1759 5516 divinitatem
1783 5462 1901 5516 Filii
1919 5463 2133 5518 demum

539 5552 728 5605 volens
745 5553 894 5621 quasi
920 5568 1012 5620 per
1032 5552 1292 5606 fenestras
1311 5555 1746 5623 conspiciendam
1769 5555 2029 5625 praebere,
2049 5557 2133 5610 di-

535 5642 628 5706 cit,
655 5641 926 5696 Faciamus
950 5644 1239 5709 hominem;
1263 5654 1320 5699 ttt
1340 5646 1587 5701 ostendat
1614 5647 1758 5700 illum
1786 5649 1838 5701 in
1867 5649 2134 5716 prioribus

537 5736 698 5788 etiam
725 5735 974 5790 creandis
997 5737 1096 5790 sibi
1124 5741 1330 5793 socium
1356 5739 1538 5794 fuisse.
1572 5740 1731 5794 Aiunt
1756 5741 1934 5810 itaque
1959 5740 2132 5796 Judaei

536 5827 585 5880 in
617 5837 902 5897 angustum
946 5828 1183 5895 redacti,
1219 5846 1318 5885 nec
1364 5832 1603 5887 valentes
1653 5834 1721 5886 ita
1764 5843 2003 5903 apertam
2046 5835 2130 5887 di-

533 5923 763 5978 (ticttcnt
798 5931 1034 5989 mutare,
1069 5923 1237 5994 ipsum
1271 5923 1322 5979 id
1349 5925 1551 5996 angelis
1593 5926 1790 5982 dixisse
1820 5943 1831 5980 :
1877 5926 2127 5998 quoniam

2012 438 2387 496 SEVERIANI

3739 473 3844 526 464

2255 553 2508 611 dictionis
2552 565 2796 612 naturam
2845 567 3030 627 aperte
3071 575 3269 630 negare
3300 575 3407 617 non
3453 575 3712 632 possunt,
3754 565 3854 620 alio

2255 651 2417 702 modo
2471 648 2812 719 negationem
2870 650 3012 704 illam
3068 652 3359 708 insinuant.
3417 655 3640 710 Cuinam
3704 657 3855 728 igitur

2255 740 2409 804 dixit,
2441 739 2760 796 Faciamus?
2786 743 3027 814 Angelis,
3056 745 3320 816 inquiunt.
3351 747 3579 816 Quaere,
3604 747 3722 804 Utri
3750 765 3856 804 ma-

2254 830 2398 901 jores
2428 841 2573 896 sunt,
2621 833 2820 904 angeli,
2868 849 2934 888 an
2987 835 3440 894 homines?Sanc
3487 841 3683 910 angeli.
3728 840 3856 895 Nam

2255 924 2468 992 quando
2512 925 2673 978 etiam
2725 924 3015 981 admodum
3062 928 3114 982 in
3162 928 3358 983 virtute
3404 929 3761 998 profecimus,
3795 947 3860 986 ne

2258 1024 2384 1070 tunc
2411 1017 2629 1086 quidem
2664 1018 2785 1072 illos
2827 1034 3166 1088 superamus,
3212 1021 3306 1076 sed
3335 1037 3490 1092 pares
3533 1023 3612 1078 eis
3655 1039 3857 1077 sumus.

2256 1107 2408 1161 Nunc
2442 1124 2573 1163 vero
2614 1109 2680 1164 iis
2707 1119 2897 1164 natura
2938 1111 3094 1182 longe
3135 1113 3414 1169 inferiores
3442 1128 3650 1181 sumus,
3683 1114 3860 1170 incor-

2258 1202 2541 1272 poreisqne
2565 1203 2769 1273 angelis
2792 1218 2978 1258 sumus
3009 1205 3264 1261 minores.

2330 1292 2385 1347 6.
2418 1295 2554 1348 Audi
2587 1297 2841 1351 Davidem
2871 1296 2971 1351 hac
2995 1297 3062 1353 de
3086 1313 3149 1352 re
3177 1298 3554 1355 tcstiiicantem
3584 1319 3598 1354 :
3626 1300 3766 1368 Quid
3790 1311 3861 1354 est

2258 1387 2430 1449 homo,
2459 1387 2592 1457 quod
2613 1405 2804 1443 menter
2831 1405 2884 1442 es
2907 1390 3037 1458 ejus,
3071 1400 3162 1443 aut
3190 1388 3328 1460 ﬁlius
3359 1391 3598 1455 hominis,
3621 1393 3862 1463 quoniam

2257 1479 2431 1531 visitas
2478 1480 2632 1532 eum?
2677 1480 2916 1535 Minuiin
2963 1497 3080 1536 eum
3132 1482 3287 1552 paulo
3339 1482 3509 1537 minus
3555 1481 3617 1536 ab
3669 1485 3861 1553 angelis

2259 1568 2432 1640 (Psal.
2461 1571 2514 1625 8.
2538 1571 2591 1626 5.
2614 1571 2690 1641 6).
2715 1571 2874 1627 Certe
2897 1572 3133 1629 minores
3159 1575 3361 1645 angelis
3388 1589 3574 1630 sumus
3603 1592 3617 1628 :
3660 1589 3758 1630 nos
3785 1575 3864 1628 in-

2260 1659 2515 1726 feriores,
2546 1663 2720 1732 angeli
2748 1663 3009 1732 majores.
3039 1664 3094 1721 Si
3122 1680 3243 1720 cum
3277 1663 3552 1720 hominem
3582 1665 3732 1720 illum
3764 1666 3861 1719 mio

2261 1767 2446 1806 norem
2500 1752 2722 1819 faceret,
2767 1769 2903 1824 epns
2949 1755 3138 1812 habuit
3188 1755 3395 1828 angelis
3443 1757 3767 1812 consiliariis
3810 1767 3864 1812 ct

2260 1844 2616 1912 adjutoribus,
2647 1861 2768 1899 cum
2799 1846 3033 1914 majores
3063 1847 3297 1914 faceret,
3341 1866 3447 1903 non
3477 1865 3642 1904 unum
3673 1865 3865 1918 nempe

2259 1936 2548 2006 angelum,
2597 1939 2691 1992 sed
2740 1939 2828 1991 illa
2877 1940 3041 1994 millia
3085 1941 3312 1995 millium
3361 1941 3864 2006 innumerabilium;

2259 2028 2716 2097 quemadmodum
2749 2029 2893 2084 enim
2918 2031 3198 2086 luminaria
3229 2033 3388 2087 simul
3411 2033 3593 2088 omnia
3619 2032 3764 2097 fecit,
3787 2034 3867 2088 sic

2257 2131 2313 2175 et
2342 2121 2563 2191 angelos
2590 2131 2645 2176 et
2681 2123 3038 2194 archangelus
3083 2124 3276 2190 simul;
3309 2134 3364 2179 et
3393 2135 3472 2180 tot
3513 2134 3636 2179 sunt
3664 2134 3721 2179 ut
3747 2140 3868 2179 om-

2259 2230 2383 2268 nem
2428 2225 2685 2285 superent
2731 2232 3038 2283 numerum,
3088 2218 3392 2288 clamatque
3425 2217 3609 2272 Daniel
3644 2237 3657 2271 :
3690 2215 3867 2271 Decies

2261 2308 2444 2361 millies
2473 2309 2604 2362 dena
2628 2309 2792 2362 millia
2813 2311 3167 2364 ministrabant
3188 2312 3253 2377 ei,
3275 2321 3323 2365 et
3347 2311 3508 2365 millia
3535 2312 3752 2365 millium
3772 2311 3870 2364 ad-

2260 2401 2460 2454 stabant
2489 2403 2533 2454 ei
2560 2401 2719 2470 (Dan.
2754 2403 2807 2456 7.
2835 2401 2947 2472 lli).
2980 2403 3126 2457 Dena
3153 2403 3317 2456 millia
3348 2403 3611 2458 denorum
3639 2403 3868 2456 millimn

2261 2494 2579 2563 angelorum
2626 2493 2772 2561 fecit,
2819 2495 3092 2564 milliaque
3135 2495 3360 2550 millium
3397 2495 3864 2565 archangelorum,

2260 2601 2360 2640 nec
2402 2601 2537 2655 opus
2585 2587 2771 2641 habuit
2816 2589 3126 2644 consiliario
3173 2597 3267 2643 aut
3304 2589 3590 2659 adjutore,
3640 2599 3693 2644 et
3741 2605 3872 2643 cum

2261 2693 2427 2732 unum
2453 2678 2657 2734 laceret
2686 2680 2888 2735 luteum
2923 2682 3229 2745 hominem,
3262 2682 3487 2736 consilio
3521 2682 3718 2747 utitur,
3751 2697 3870 2735 ser-

2262 2788 2477 2826 monem
2500 2772 2730 2838 confert,
2764 2774 3046 2828 consilium
3072 2773 3207 2827 init?
3237 2772 3363 2840 Quis
3388 2783 3462 2825 est
3483 2773 3670 2826 homo?
3693 2789 3873 2827 nonne

2262 2874 2406 2920 terra
2436 2875 2489 2920 et
2513 2866 2581 2922 de
2619 2865 2802 2920 terra?
2829 2880 3010 2920 nonne
3039 2864 3177 2920 ciuis
3222 2873 3277 2919 ct
3302 2864 3516 2919 favilla?
3554 2865 3870 2932 Clamatque

2260 2957 2532 3012 Abraham
2559 2973 2711 3012 suam
2747 2957 3049 3028 prardicans
3072 2957 3331 3012 vilitatem
3366 2975 3380 3012 :
3413 2955 3527 3028 Ego
3555 2968 3725 3010 autem
3754 2973 3873 3010 sum

2263 3059 2398 3104 terra
2425 3061 2474 3104 et
2499 3052 2627 3105 cinis
2657 3049 2812 3120 (Gen.
2850 3051 2936 3106 l8.
2969 3051 3086 3120 27).
3119 3050 3257 3120 Quid
3287 3060 3412 3106 sunt
3443 3051 3659 3121 angeli?
3689 3066 3871 3104 nonne

2261 3143 2519 3212 spiritus?
2565 3159 2744 3199 nonne
2787 3145 2968 3214 ignis?
3009 3145 3146 3199 Audi
3189 3144 3448 3198 Davidem
3491 3143 3811 3198 clamantem
3854 3159 3868 3195 :

2266 3235 2368 3300 Qui
2396 3241 2521 3306 facit
2548 3237 2758 3308 angelos
2786 3255 2904 3291 suos
2933 3238 3163 3308 spiritus,
3192 3247 3238 3290 et
3271 3237 3528 3290 ministros
3552 3253 3674 3290 suos
3700 3237 3871 3305 ignem

2262 3337 2486 3380 urentem
2514 3327 2686 3400 (Psal.
2718 3328 2843 3383 103.
2873 3329 2953 3397 4).
2985 3327 3116 3382 Cum
3145 3328 3280 3398 ignis
3311 3339 3555 3381 naturam
3583 3327 3868 3390 conderet,

2262 3419 2625 3489 intelligentes
2655 3429 2710 3475 ct
2738 3420 3086 3490 incorporeas
3111 3421 3353 3490 spiritus,
3385 3435 3488 3474 non
3516 3435 3653 3490 opus
3684 3420 3871 3474 habuit

2260 3512 2590 3578 consiliario,
2643 3527 2749 3566 non
2796 3513 2960 3577 socio,
3013 3528 3119 3568 non
3164 3513 3271 3568 alio
3317 3513 3569 3583 quapiam
3611 3512 3665 3566 in
3701 3526 3872 3581 opere

2259 3602 2506 3673 adjutore
2538 3623 2550 3658 :
2584 3613 2640 3659 et
2668 3621 2791 3659 cum
2825 3620 2947 3660 eum
2971 3606 3061 3675 qui
3093 3605 3161 3660 de
3191 3614 3334 3660 terra
3363 3617 3443 3662 est
3471 3604 3676 3670 condit,
3707 3605 3871 3658 mise-

2260 3709 2376 3747 rmn
2409 3694 2578 3760 illum,
2611 3696 2768 3751 vilem
2789 3739 2803 3761 ,
2837 3697 2924 3766 qui
2957 3697 3104 3751 brevi
3137 3705 3319 3766 postea
3363 3707 3605 3767 tempore
3645 3714 3750 3750 non
3780 3695 3870 3749 fu-

2260 3793 2412 3839 turus
2441 3795 2544 3851 est,
2581 3787 2670 3856 qui
2703 3789 2755 3841 in
2803 3787 3053 3858 sepulcro
3101 3788 3456 3852 dissolvetur,
3487 3791 3575 3857 qui
3625 3797 3869 3858 tempore

2258 3887 2629 3945 oonsumetur,
2682 3879 2966 3934 consilium
3015 3880 3130 3948 init,
3175 3883 3488 3937 censullat?
3538 3881 3734 3946 Etiam,
3786 3882 3872 3934 in-

2261 3972 2432 4042 quiet,
2458 3972 2612 4028 decet
2640 3973 2929 4028 Dominum
2961 3975 3030 4029 ob
3060 3979 3336 4030 summam‘
3351 3992 3502 4030 suam
3536 3977 3866 4038 bonitatem,

2258 4064 2442 4120 dicere
2472 4065 2684 4120 famulis
2709 4068 3065 4136 praesentibus
3087 4109 3103 4136 ,
3136 4068 3275 4136 Quid
3305 4068 3422 4124 lieri
3455 4069 3707 4139 oportet?
3737 4070 3867 4139 quid

2259 4158 2557 4213 faciemus?
2581 4160 2693 4215 [loc
2723 4176 2937 4231 quoque
2963 4162 3205 4217 concede
3225 4205 3238 4226 ,
3270 4177 3332 4216 ac
3363 4173 3480 4232 post
3511 4173 3714 4217 tantum
3743 4180 3867 4218 cer-

2259 4260 2459 4317 tamen,
2487 4251 2715 4306 admitte
2735 4294 2750 4318 ,
2779 4253 2931 4318 illud,
2963 4253 3270 4319 Faciamus,
3303 4255 3368 4309 ad
3409 4257 3630 4326 angelos
3657 4256 3863 4311 dictum

2256 4345 2439 4399 fuisse.
2475 4344 2628 4411 illud,
2660 4344 2959 4413 Faciamus,
2988 4347 3180 4402 audisti
3204 4365 3217 4412 ;
3244 4349 3369 4404 illud
3391 4365 3537 4416 vero,
3564 4351 3864 4405 Secundum

2254 4437 2525 4508 imaginem
2549 4448 2598 4492 et
2620 4439 3003 4493 similitudinem
3024 4456 3127 4494 non
3153 4441 3370 4495 vidisti?
3397 4442 3505 4496 lloc
3531 4445 3672 4496 cnim
3694 4444 3864 4496 verbo

2253 4529 2559 4586 Iudaeorum
2586 4541 2640 4586 et
2664 4533 3036 4588 hmrcticorum
3065 4550 3158 4587 ora
3184 4536 3477 4588 obstruam.
3505 4535 3687 4605 Neque
3713 4539 3864 4591 enim

2253 4622 2492 4690 Judieus,
2535 4639 2709 4694 neque
2738 4642 2949 4679 rursum
2990 4625 3308 4690 limreticus,
3342 4629 3456 4696 ipse
3491 4644 3700 4697 quoque
3733 4646 3862 4683 vere

2251 4713 2502 4780 Judwus;
2539 4716 2644 4770 imo
2673 4715 2824 4786 pejor
2857 4736 2869 4771 :
2905 4717 2975 4770 illi
3011 4733 3242 4787 namque
3271 4734 3468 4787 Corpus
3506 4720 3711 4775 visibilc
3734 4737 3862 4774 cru-

2251 4805 2571 4871 cilixcrunt;
2623 4806 2675 4860 hi
2731 4823 2858 4861 vero
2918 4807 3248 4864 divinitatem
3303 4810 3623 4864 imisibilem
3679 4812 3859 4879 impn-

2249 4910 2416 4969 gnant
2435 4917 2448 4963 ;
2469 4899 2575 4952 imo
2595 4901 2973 4969 veroipsorum
2989 4902 3236 4957 salutem.
3261 4902 3460 4957 Verum
3487 4913 3540 4958 ct
3563 4905 3635 4957 illi
3656 4904 3858 4972 llllptts-

2249 4995 2424 5048 sibilia
2467 4994 2682 5063 aggredi
2723 4994 3076 5050 demonstrati
3107 5006 3250 5050 sunt.
3275 4996 3614 5066 Quapropter
3660 4999 3852 5067 partim

2251 5101 2437 5156 litanias
2479 5085 2637 5155 hujus
2676 5085 2929 5142 facinoris
2970 5089 3021 5142 in
3064 5091 3312 5158 prtcsenti
3356 5089 3640 5155 dederunt,
3682 5105 3856 5159 genus

2249 5195 2406 5232 suum
2437 5178 2682 5232 videntes
2717 5195 2812 5248 per
2843 5190 3010 5234 totum
3043 5182 3228 5235 orbem
3271 5181 3570 5252 dispersum
3627 5184 3852 5238 Demunt

2249 5281 2427 5324 autem
2473 5271 2573 5324 illis
2614 5281 2852 5325 extrema
2885 5274 3014 5325 ultio
3051 5283 3133 5326 est
3165 5273 3482 5342 inlligenda,
3511 5274 3723 5344 quando
3754 5291 3852 5328 οι-

2251 5375 2483 5419 tremum
2532 5366 2771 5418 omnium
2816 5366 3075 5434 judicium
3125 5367 3457 5421 reddendum
3509 5371 3629 5422 erit.
3675 5370 3852 5434 Atque

2247 5459 2314 5511 ab
2360 5458 2487 5526 ipsis
2516 5472 2612 5510 suo
2657 5467 2900 5526 tempore
2947 5459 3252 5526 promerita:
3299 5469 3606 5528 repetentur
3648 5474 3847 5528 pmice.

2243 5551 2380 5620 Quid
2409 5566 2585 5604 causae
2613 5550 2772 5617 igitur
2797 5562 2899 5612 est,
2929 5566 3022 5604 cur
3047 5549 3146 5605 hos
3168 5566 3357 5605 omnes
3381 5567 3659 5605 sermones
3692 5553 3851 5607 Vobis

2242 5646 2653 5716 proposuerim?
2695 5645 2828 5700 Volo
2875 5646 3020 5700 enim
3073 5663 3283 5701 rursum
3334 5647 3526 5702 seriem
3573 5660 3850 5717 repetere.

2241 5738 2356 5793 Non
2381 5739 2539 5792 audet
2564 5738 2873 5803 haereticus,
2899 5755 2999 5795 nec
3030 5739 3190 5794 audet
3209 5739 3423 5794 Iudaeus
3451 5738 3653 5804 dicere,
3685 5758 3848 5796 unam

2241 5849 2358 5888 esse
2393 5833 2486 5887 Dei
2528 5842 2580 5886 ct
2610 5835 2920 5901 angelorum
2969 5833 3275 5904 imaginem.
3325 5832 3462 5888 Num
3499 5835 3701 5903 angeli,
3753 5836 3851 5904 qui

2245 5926 2367 5980 lacti
2390 5933 2535 5994 sunt,
2561 5925 2835 5995 adjutores
2859 5926 2951 5982 Dei
2973 5925 3206 5982 fuerint?
3222 5925 3449 5982 Ministri
3465 5926 3638 5982 solum
3665 5939 3850 5993 cmut,
