4158 6490
348 561 549 636 «mon
605 560 636 612 0
683 556 1145 630 μαρτυρούμενος.
1198 557 1502 628 Προέλαϐεν
1547 562 1576 612 0
1605 562 1804 631 Νόμος,
1847 561 1934 612 ἵνα

343 644 563 716 κηρύξῃ
589 642 679 695 τὸν
706 641 1041 712 Νομοθέτην.
1073 642 1380 713 Προέλαϐον
1407 647 1702 714 προερῆται,
1729 644 1814 697 ἵνα
1849 644 1940 714 ἐρ·-

350 723 666 801 μηνεύσωσι
693 724 784 778 τὸν
809 724 1306 794 προφητευόμενον.

423 810 528 864 Kal
574 810 676 880 ὅρα
716 807 810 860 τοῦ
864 808 997 860 Θεοῦ
1048 809 1147 878 τὴν
1187 809 1398 877 σοφίαν.
1430 810 1540 873 Τάς
1576 810 1800 881 Γραφάς
1830 809 1936 862 τῶν

345 892 645 965 προφητῶν
687 893 747 944 οὑ
791 889 1168 961 συνεχώρησεν
1212 893 1270 942 ἐν
1316 894 1381 962 τῇ
1435 894 1730 965 Ἐκκλησία
1777 895 1936 964 μόνον

344 973 511 1038 εἶναι,
538 976 672 1030 ἀλλά
735 975 829 1026 καὶ
869 975 1006 1044 πρὸς
1067 973 1353 1038 Ἰουδαίους
1393 991 1406 1005 ·
1451 977 1539 1029 ἵνα
1573 977 1931 1047 ἐλέγχωνται,

345 1062 530 1114 εἴασεν
555 1058 723 1121 αὑτὰς
757 1058 850 1110 καὶ
888 1054 1037 1127 παρά
1083 1057 1358 1121 Ἰουδαίοις
1390 1062 1502 1123 τοῖς
1529 1059 1786 1125 ἀναξίοις,
1823 1064 1934 1125 τοῖς

347 1144 658 1214 θεομάχοις,
685 1143 798 1205 τοῖς
829 1141 1041 1213 ἐχθροῖς
1072 1139 1166 1192 τοῦ
1199 1140 1457 1211 Χριστοῦ.
1489 1144 1638 1195 Διατί
1667 1139 1759 1196 οῦν
1779 1144 1934 1198 τοῦτο

344 1227 640 1294 πεποίηκε,
677 1224 772 1278 καὶ
801 1227 875 1294 μὴ
898 1221 1087 1275 ἐλαϐεν
1123 1223 1292 1288 αὑτὰς
1320 1225 1448 1298 παρ’
1475 1225 1689 1293 αύτῶν;
1720 1228 1932 1297 Φανερά

342 1311 382 1382 ἠ
420 1311 568 1365 αἰτία
596 1352 610 1375 ,
638 1309 734 1363 καὶ
782 1309 844 1361 ού
893 1306 1094 1376 πολλῆς
1137 1309 1482 1380 κατασκευῆς
1529 1309 1778 1380 δεομένη.
1814 1311 1932 1364 ’Ὶνα

340 1395 654 1448 ἀνύποπτον
751 1391 810 1444 τὸ
840 1391 971 1459 ἐμὸν
1027 1393 1310 1461 κήρυγμα.
1343 1392 1406 1444 Εἰ
1453 1394 1613 1462 μόνος
1638 1390 1780 1463 εἶχον
1807 1395 1932 1457 τοὺς

343 1479 648 1549 προφήτας,
673 1477 796 1546 ἐνῆν
837 1475 1114 1527 ἀντειπεῖν
1137 1475 1215 1545 τῷ
1246 1477 1581 1530 ἀπιστοῦντι.
1626 1478 1930 1548 Ἑτόλμησα

341 1564 521 1615 εἰπεῖν
550 1560 690 1628 ἐγὼ,
722 1560 802 1612 ὅτι
831 1555 950 1612 εἷπε
1003 1561 1264 1629 Μωῦσῆς,
1311 1561 1344 1632 ἢ
1396 1558 1549 1615 εἷπεν
1601 1563 1827 1626 Ἰίσαῒας
1848 1604 1861 1626 ,
1895 1562 1927 1635 ἢ

339 1641 465 1698 εἰπε
498 1644 557 1697 τὸ
596 1643 781 1697 λοιπὸν
828 1643 938 1696 τῶν
974 1642 1271 1713 προφητῶν
1316 1644 1524 1714 τάγμα,
1557 1646 1682 1716 περί
1705 1662 1764 1698 τε
1796 1647 1930 1716 Χρι-

340 1727 493 1791 στοῦ,
531 1729 620 1780 καί
641 1726 748 1780 τῶν
779 1726 921 1779 κατὰ.
949 1728 1039 1779 τῗιν
1074 1726 1264 1797 καιρὸν
1299 1728 1396 1793 τῆς
1427 1728 1726 1794 παρουσίας
1761 1728 1924 1782 αὑτοῦ

336 1811 718 1882 γενησομένων
758 1827 773 1877 ;
829 1809 987 1879 Ἐνῆν
1039 1808 1316 1863 ἀντειπεῖν
1361 1809 1438 1881 τῷ
1483 1811 1794 1882 βουλομένῳ
1834 1813 1926 1866 καί

336 1895 569 1964 φάσκειν
596 1911 609 1922 ⁸
645 1894 814 1948 Πόθεν
846 1891 1022 1956 τοῦτο,
1050 1893 1133 1946 ὃτι
1169 1895 1410 1964 Μωῦσῆς
1441 1896 1656 1962 ἐγένετό
1691 1914 1772 1959 τις
1794 1914 1928 1967 προ-

335 1980 534 2048 φήτης,
568 1980 659 2030 καὶ
706 1973 825 2029 εἷπε
883 1975 1135 2046 ταῦτα,ἢ
1190 1978 1472 2049 ἐκήρυξεν,
1516 1979 1592 2042 ώς
1625 1978 1924 2050 ἠθελήσατε

335 2063 496 2133 ὑμεῖς
517 2065 564 2114 οἱ
579 2061 892 2133 Χριστιανοὶ
916 2061 1047 2131 πρὸς
1066 2061 1324 2114 σύστασιν
1350 2063 1458 2115 τῶν
1482 2065 1698 2117 οἰκείων
1720 2065 1924 2135 δογμά-

334 2163 448 2199 των
470 2147 560 2198 καὶ
588 2148 873 2216 προφήτας
894 2144 1117 2207 πλάσαι,
1152 2143 1304 2216 [472]
1336 2146 1429 2201 καὶ
1464 2147 1701 2217 ὀνόματα
1728 2147 1925 2217 μυθεῦ-

337 2250 429 2283 σαι
455 2249 468 2296 ;
499 2234 660 2301 ἡμεῖς
702 2232 766 2283 ἐκ
824 2229 1014 2282 τούτου
1069 2230 1354 2302 πρόκριμα
1392 2231 1678 2302 ὀφείλομεν
1714 2233 1920 2303 ὑπομέ-

333 2333 481 2382 νειν;
513 2314 626 2368 Νῦν
670 2315 726 2368 δὲ
775 2315 926 2368 πᾶσα
965 2313 1042 2383 τῷ
1088 2315 1388 2383 ἀντιλέγειν
1447 2317 1790 2389 βουλομένῳ,
1820 2318 1922 2372 κᾶν

339 2399 556 2469 μακρὰν
585 2397 759 2467 ἔχοντι
818 2397 1203 2465 δικαιολογίαν,
1241 2398 1570 2470 περιῄρηται
1627 2402 1919 2471 πρόφασις,

333 2483 421 2536 διὰ
459 2483 517 2534 τὸ
547 2481 749 2544 ταύτας
775 2482 873 2544 τὰς
909 2482 1212 2555 μαρτυρίας
1243 2485 1373 2552 παρ’
1408 2485 1592 2549 αὐτοῖς
1609 2487 1919 2556 τυγχάνειν,

333 2565 401 2628 ἃς
423 2566 580 2634 ἡμεῖς
612 2564 748 2636 πρὸς
779 2563 1037 2617 σύστασιν
1067 2565 1174 2617 τῶν
1201 2566 1417 2619 οἰκείων
1449 2567 1689 2639 φέρομεν
1718 2568 1920 2638 δογμάο

331 2665 463 2702 των.
497 2648 665 2700 Πόθεν
689 2650 795 2718 γὰρ
828 2647 902 2718 μὴ
937 2647 1161 2702 δυνατὸν
1187 2649 1402 2716 ἐλέγξαι
1447 2651 1548 2722 τὴν
1575 2653 1777 2706 τούτων
1818 2657 1918 2725 ρᾳ-

331 2729 638 2802 διουργίαν;
666 2731 782 2784 Ἶνα
813 2731 989 2784 τοίνυν
1014 2733 1086 2804 μὴ
1105 2733 1280 2786 ταῦτα
1309 2733 1918 2808 λέγηται,συνεχώρησε

337 2816 464 2884 παρ’
497 2813 728 2876 ἐκείνοις
771 2813 838 2867 τά
868 2814 977 2868 τῶν
1011 2815 1243 2885 Γραφῶν
1275 2819 1566 2888 τυγχάνειν
1599 2820 1798 2890 βιϐλία,
1833 2822 1919 2874 ἵνα

331 2898 436 2951 κᾶν
456 2896 566 2966 ἐγὼ
599 2897 886 2968 ἀπιστηθῶ
914 2897 987 2962 ὼς
1018 2900 1156 2970 πρὸς
1175 2900 1334 2973 χάριν
1352 2903 1462 2955 τῶν
1479 2906 1693 2957 οἰκείων
1716 2906 1920 2976 δογμά-

330 3001 440 3037 των
467 2982 835 3053 πλαττόμενος
872 2982 959 3035 διά
983 2985 1080 3054 τὴν
1110 2986 1440 3057 οἰκειότητα,
1468 2989 1665 3042 ἐκεῖνοι
1694 3008 1919 3044 πιστευο

329 3064 466 3119 θῶσι
495 3060 584 3119 διὰ
609 3065 709 3136 τὴν
741 3065 1148 3138 ἀλλοτριότητα.
1181 3069 1306 3123 Ἐἀν
1327 3071 1611 3144 ἐρωτήσῃς
1645 3075 1914 3139 Ἰουδαῖον,

329 3151 391 3203 ού
438 3149 580 3218 λέγω
610 3149 701 3202 τὸν
752 3151 969 3221 χυδαῖον
1023 3153 1118 3206 καὶ
1150 3152 1373 3225 δημώδη
1423 3157 1613 3225 δχλον,
1641 3157 1778 3211 ἀλλά
1827 3159 1918 3211 τὸν

330 3233 482 3296 ἐντὸς
504 3234 660 3302 λόγου
693 3236 786 3286 καὶ
815 3234 1003 3303 νόμου,
1041 3235 1198 3289 Ἐστι
1233 3239 1496 3308 Χριστός;
1530 3243 1623 3295 καὶ
1655 3243 1714 3295 οὐ
1768 3243 1916 3313 λέγει

328 3316 412 3370 ὅτι
451 3317 561 3368 Ούκ
587 3316 732 3370 ἔστιν
753 3357 765 3380 ,
794 3317 906 3370 ἀλλ’
932 3319 1015 3372 ὅτι
1071 3318 1227 3373 Ἐστι
1267 3322 1396 3392 μέν,
1427 3324 1525 3394 ούχ
1560 3320 1712 3389 οὗτος
1756 3326 1812 3380 δὲ
1857 3327 1916 3380 ὃν

329 3397 486 3469 ὑμεῖς
527 3400 732 3468 λέγετε,
757 3401 871 3456 ἀλλ’
898 3402 1053 3466 ἄλλος
1073 3420 1086 3434 ·
1115 3406 1252 3469 τέως
1295 3405 1356 3459 τὸ
1395 3410 1630 3479 πρᾶγμα
1660 3410 1758 3462 οὐκ
1792 3411 1916 3464 ἀνέ-

327 3481 514 3551 τρεψε,
540 3485 667 3554 περὶ
687 3483 744 3538 δέ
772 3485 833 3537 τὸ
858 3486 1145 3558 πρόσωπον
1176 3489 1647 3545 ἐδίστασεν.Ἀλλο
1679 3493 1736 3546 δέ
1769 3495 1916 3549 ἐστιν

327 3564 668 3637 ἀρνήσασθαι
703 3571 957 3640 πρᾶγμα,
980 3570 1109 3624 ἀλλο
1139 3572 1195 3626 δὲ
1227 3575 1538 3645 πρόσωπον.
1558 3571 1684 3632 Οἷον
1708 3580 1803 3633 ἐάν
1831 3597 1914 3645 τις

327 3650 499 3722 ἐνάγη
530 3669 620 3720 μοι
663 3655 790 3736 περ).
817 3655 1030 3724 χρέους,
1059 3657 1188 3709 ἀλλο
1220 3659 1367 3712 ἐστὶν
1407 3662 1600 3728 εἰπεῖν,
1634 3664 1707 3716 Οῦ
1743 3683 1916 3736 χρεω·

329 3734 461 3796 στῶ,
487 3737 578 3787 καὶ
601 3736 728 3790 ἄλλο
759 3734 825 3809 ἦν
861 3739 1054 3803 εἰπεῖν,
1088 3744 1160 3793 υῦ
1188 3743 1269 3794 σοὶ
1296 3747 1581 3814 χρεωστῶ,
1600 3747 1714 3800 ἀλλ’
1745 3734 1908 3821 άλλῳ.

328 3821 478 3884 Τέως
505 3821 564 3874 τὸ
601 3824 762 3894 χρέος
815 3825 1181 3897 ὡμολόγηται.
1211 3828 1335 3884 Ὅτι
1381 3832 1479 3902 μὲν
1512 3830 1604 3888 οῦν
1631 3836 1745 3888 ἐστι
1774 3838 1911 3908 X9;-

329 3908 452 3972 στὸς
477 3949 491 3973 ,
524 3910 897 3980 ὁμολογοῦσιν,
931 3914 1331 3984 ἀμφιϐάλλουσι
1380 3919 1436 3973 δέ
1469 3921 1517 3973 εἰ
1567 3917 1720 3987 οὗτός
1763 3926 1911 3978 ἐστιν

325 3997 354 4048 ό
376 3997 504 4066 παρ’
536 3997 694 4067 ήμῶν
724 4001 1144 4071 κηρυττόμενος,
1167 4005 1259 4057 καί
1281 4005 1370 4058 τὸν
1407 4008 1482 4080 μὴ
1515 4008 1642 4064 όντα
1672 4012 1910 4085 ἐκδέχον-

323 4099 437 4146 ται,
468 4085 651 4169 ἐπειδη
689 4087 777 4138 τὸν
812 4087 938 4140 ὄντα
966 4091 1292 4161 ἠρνήσαντο.
1339 4095 1449 4148 Kal
1477 4099 1709 4169 πρόσεχε
1743 4103 1908 4156 αὑτὸν

323 4166 414 4218 τὸν
445 4167 738 4238 νομοθέτην
765 4169 1006 4224 Μωῦσέα
1033 4175 1168 4244 αὐτῇ
1205 4179 1270 4245 τῇ
1299 4178 1392 4230 τοῦ
1425 4166 1713 4252 ἀνθρώπου
1741 4202 1906 4238 κατα-

327 4251 493 4332 σκευῇ
536 4252 894 4318 εἰσαγαγόντα
930 4254 1018 4306 τὸν
1071 4257 1197 4310 Υἰδν
1227 4261 1320 4312 καὶ
1344 4262 1442 4329 τὴν
1487 4251 1688 4332 γνῶσιν
1717 4268 1900 4323 αὑτοῦ.

324 4326 843 4422 Εἷπε,.Γεν-ηοήτω
889 4339 1192 4408 στερέωμα
1211 4358 1223 4370 ·
1262 4326 1410 4411 εἶπε,
1428 4326 1840 4416 Βλαστησάτω
1866 4355 1903 4422 ἡ

324 4412 437 4504 πῖἦο
469 4410 612 4480 εἷπε,
663 4419 1028 4490 Ἐξαγαγέτω
1084 4424 1156 4478 τὰ
1202 4410 1410 4484 ὕδατα.
1453 4431 1578 4485 ’Ὀτε
1629 4410 1791 4504 ἦλθεν
1826 4410 1905 4500 εἰς

322 4497 415 4550 τὸν
453 4500 766 4585 ἄνθρωπον,
796 4505 940 4573 λέγει
972 4523 986 4536 ·
1019 4508 1130 4560 Καὶ
1171 4507 1340 4564 εἶπεν
1373 4517 1406 4567 ό
1441 4515 1605 4582 Θεὸς,
1637 4497 1905 4585 Ποιήσῶ

316 4597 433 4649 μεν
472 4582 804 4647 ἄνθρωπον.
851 4589 1065 4660 Ἐρωτῶ
1104 4594 1351 4649 Ἰουδαῖον
1386 4613 1400 4628 ⁶
1435 4600 1497 4652 Εἰ
1553 4603 1711 4672 μόνος
1763 4607 1900 4670 ἐστὶ,

324 4665 416 4715 καὶ
442 4666 540 4717 οῦκ
565 4666 678 4753 ἐστι
722 4670 836 4739 μετ’
870 4674 1034 4726 αὑτοῦ
1079 4677 1205 4741 Υἱὸς
1235 4680 1293 4732 ὃν
1322 4665 1662 4753 κηρύττομεν
1682 4665 1701 4750 ,⁷
1732 4689 1778 4739 εἰ
1804 4665 1901 4741 οὐκ

321 4745 436 4814 ἔστι
461 4748 683 4819 Πνεῦμα
706 4753 860 4820 ἅγιον
890 4756 918 4808 ὃ
947 4760 1380 4830 προσκυνοῦμεν,
1412 4766 1516 4819 τίνι
1548 4764 1688 4832 εἷπε,
1726 4773 1901 4842 Ποιή-

321 4847 521 4899 σωμεν
551 4833 898 4903 ἅνθρωπον;
938 4841 1042 4895 Τὸν
1075 4844 1302 4915 οὐρανὸν
1345 4854 1489 4903 ποιεῖ
1520 4855 1899 4924 προστάγματι

324 4913 487 5008 μόνω,
512 4917 612 4987 τὴν
652 4919 756 4990 γῆν
785 4922 985 5008 ὁμοίως
1008 4927 1101 4979 καὶ
1135 4913 1202 4981 τὰ
1226 4929 1388 4984 λοιπά
1417 4950 1430 4962 '
1453 4935 1540 4987 ὅτε
1565 4913 1669 4989 ’τὸν
1694 4913 1898 5008 ρω-

321 5013 420 5048 πον
443 4998 784 5072 δημιουργεῖ,
807 5005 904 5076 τήν
930 5007 1258 5076 θεοίνωσίαν
1300 5014 1482 5070 λοιπὸν
1516 5017 1609 5072 τοῦ
1646 5021 1773 5073 Υἰοῦ
1825 5023 1898 5085 ώς

316 5081 405 5134 διὰ
436 5081 665 5172 ίξδρίδων
699 5091 1016 5161 παρακύψαι
1059 5093 1405 5167 βουλόμενος,
1432 5102 1599 5172 λέγει,
1634 5081 1898 5170 Ποιήσωξ

315 5165 768 5258 μενᾶνθρωατον,
805 5173 889 5226 ἵνα
936 5175 1083 5250 δείξῃ
1115 5165 1350 5236 καὶτῶν
1408 5165 1638 5256 πρώτων
1685 5165 1834 5258 αὐτῷ
1869 5203 1893 5230 α

319 5250 596 5320 συνεργόν.
629 5254 857 5323 Λέγουσι
880 5261 1056 5318 τοίνυν
1080 5265 1129 5317 οί
1169 5266 1404 5322 Ἰουδαῖοι
1434 5275 1793 5345 στενούμενοι,
1822 5278 1894 5346 μὴ

315 5331 693 5426 δυνάμενοιλτὺ
742 5346 1013 5426 προφανὲς
1053 5352 1398 5418 μετατιθέναι
1439 5357 1538 5426 τῆς
1576 5331 1793 5426 λέξεως,

313 5418 427 5512 τοῖς
458 5419 709 5512 ἀγγέλοις
742 5421 896 5512 εἶπεν
931 5445 946 5459 ·
970 5431 1159 5505 ἐπειδὴ
1204 5440 1456 5510 φανερῶς
1497 5418 1787 5512 ¹ἀρνεῖσθαι
1833 5447 1892 5499 ού

313 5495 568 5594 δύνανται
587 5587 598 5599 .
617 5505 718 5599 τῆς
759 5508 954 5599 λέξεως
997 5515 1097 5583 τὴν
1130 5495 1320 5587 (ῥύσιν,
1348 5495 1526 5596 ἐτέρῳ
1547 5495 1748 5599 ιτρόπω

312 5580 517 5680 ταύτην
546 5587 644 5658 τὴν
673 5590 900 5663 ἄρνησιν
924 5598 1323 5669 ἐπεισάγουσιν.
1361 5608 1478 5662 Τίνι
1524 5613 1701 5665 τοίνυν
1734 5610 1852 5666 εἷπε
1875 5654 1889 5680 ,

313 5666 666 5739 Ποιήσωμεν
681 5691 700 5738 ;
743 5677 1036 5747 Ἀγγέλοις,
1088 5666 1270 5756 φησίν,
1323 5692 1559 5765 Ἐρωτῶ,
1589 5697 1729 5763 τίνες
1771 5666 1892 5770 μείἐ

378 5857 404 5885 ⁸
429 5856 539 5907 Sav.
574 5861 733 5911 αὐτόν.
755 5864 1010 5919 Combeﬁs.
1036 5871 1198 5924 αὐτοῦ.

1448 448 1538 503 DE
1571 448 1787 506 MUNDI
1825 446 2223 505 CREATIONE
2262 450 2520 512 ORATIO
2558 456 2646 512 IV.

3503 476 3616 533 464

2045 560 2190 626 ζους,
2224 563 2272 615 οἰ
2297 563 2544 634 ἄγγελοι,
2581 568 2614 638 ἦ
2647 567 2697 620 οί
2723 568 3028 639 ἀνθρωποι;
3064 571 3288 639 Πάντως
3315 577 3362 630 οἰ
3393 577 3634 649 ἄγγελοι.

2047 643 2213 698 ὐταν
2254 648 2362 716 γὰρ
2406 651 2548 703 πάνυ
2581 652 2879 722 φθάσωμεν
2913 655 2994 718 εἰς
3024 656 3224 728 ἀρετῆς
3260 643 3490 732 μέτρον,
3515 667 3636 721 τότε

2045 728 2289 793 ἐκείνους
2340 733 2436 802 οὐχ
2490 735 2922 807 ὑπερϐαίνομεν,
2957 738 3071 790 ἀλλ’
3098 728 3326 806 ἐκείνοις
3353 728 3634 816 ίσούμεθα.

2042 809 2155 862 Νῦν
2181 810 2236 864 δέ
2282 814 2413 869 πολὺ
2465 817 2564 887 τήν
2603 818 2825 872 ἐκείνων
2857 821 3280 892 ῦποϐεϐήκαμεν
3323 826 3504 892 φύσιν.
3543 834 3636 885 καί

2041 892 2297 958 ἐλάττους
2344 897 2444 966 τῆς
2492 899 2785 971 ἀσωμάτου
2839 903 2948 958 τῶν
3000 905 3251 974 ἀγγέλων
3294 909 3636 985 τυγχάνομεν

2041 979 2451 1044 καταστάσεως.

2113 1060 2187 1125 ς’.
2225 1064 2428 1116 ’Λκουε
2456 1066 2585 1138 περὶ
2631 1067 2822 1122 τούτου
2877 1069 3047 1124 Δαυῒδ
3089 1075 3530 1148 μαρτυροῦντος’
3576 1081 3637 1133 Τί

2038 1142 2212 1197 ἐστιν
2250 1145 2582 1215 ἅνθρωπος,
2614 1150 2701 1204 ὅτι
2718 1152 3036 1222 μιμνήσκῃ
3064 1142 3334 1227 αὐτοῦ,’ῆ
3370 1161 3500 1227 υἱὸς
3529 1162 3636 1216 ἀνα

2039 1226 2274 1295 θρώπου
2296 1268 2310 1292 ,
2345 1229 2434 1283 ὅτι
2471 1231 2806 1303 ἐπισκέπτῃ
2854 1238 3079 1302 αὑτόν;
3134 1226 3508 1310 Ἠλάττωσαζ
3527 1248 3636 1299 αὐ·-

2038 1309 2144 1362 τὸν
2185 1311 2388 1379 ,βραχύ
2423 1330 2476 1397 τι
2535 1316 2672 1382 παρ’
2709 1317 3024 1386 ἀγγέλους.
3057 1321 3207 1385 Τέως
3260 1309 3632 1397 ἠλαττωμένοι

2038 1393 2203 1478 ἐσμέν
2239 1397 2370 1466 παρ’
2423 1396 2687 1465 ἀγγέλους
2716 1415 2729 1429 ’
2761 1403 2925 1471 ἡμεῖς
2981 1403 3258 1470 ἐλάττους.
3288 1393 3350 1461 οἰ
3410 1393 3631 1478 ἄγγελοι

2042 1475 2284 1544 μείζους.
2311 1478 2374 1532 Εἰ
2394 1480 2493 1563 τὸν
2516 1481 2800 1552 ἄνθρωπον
2826 1485 2917 1538 τὸν
2947 1487 3204 1542 ἐλάττονα
3231 1491 3423 1555 ποιῶν,
3441 1475 3632 1563 χρείαν

2036 1558 2163 1629 ἔσχε
2198 1560 2515 1630 συμϐούλων
2543 1564 2652 1618 τῶν
2688 1567 2935 1635 ἀγγέλων
2962 1569 2994 1640 ἢ
3030 1574 3327 1641 συνεργῶν,
3351 1579 3377 1620 δ
3397 1558 3631 1641 ὅτε-τοὺς

2039 1641 2254 1709 μείζους
2292 1644 2487 1710 ἐποίει,
2519 1647 2616 1730 ούχ
2651 1648 2745 1700 ἕνα
2786 1649 3039 1718 ἄγγελον,
3067 1653 3183 1705 ἀλλ’
3230 1655 3365 1724 όμοῦ
3397 1659 3496 1721 τὰς
3536 1677 3630 1730 μυ-

2037 1724 2228 1792 ριάδας
2269 1727 2484 1792 ἐκείνας
2519 1729 2617 1794 τὰς
2641 1732 3044 1805 ἀναριθμήτους
3069 1751 3084 1769 ο
3120 1735 3266 1809 [475]
3304 1739 3493 1810 ῶσπερ
3519 1724 3627 1813 γὰρ

2033 1807 2158 1870 τοὺς
2180 1810 2471 1880 φωστῆρας
2494 1813 2628 1882 όμοῦ
2661 1815 2866 1880 πάντας
2891 1807 3165 1888 ἐποίησεν,
3192 1807 3335 1875 οὓτω
3360 1807 3625 1892 ἀγγέλους

2034 1891 2126 1942 καὶ
2149 1892 2688 1978 ἀρχαγγέλουςόμοῦ
2711 1914 2723 1929 ·
2758 1901 2852 1954 καὶ
2881 1901 3125 1956 τοσοῦτοί
3152 1906 3256 1957 εἰσι
3285 1906 3367 1958 ὃτι
3392 1906 3491 1978 τὴν
3517 1909 3625 1961 τῶν

2032 1972 2285 2044 ἀριθμῶν
2309 1976 2721 2060 ὑπερϐεϐήκασι
2743 1982 2922 2051 φύσιν,
2953 1987 3044 2038 καὶ
3090 1986 3186 2057 βοᾷ
3223 1972 3459 2060 Δανιήλζ
3496 1993 3622 2047 Μύ-

2023 2072 2148 2122 ριαι
2180 2058 2467 2125 μυριάδες
2515 2061 2934 2135 ἐλειτούργουν
2971 2067 3150 2132 αὐτῷ,
3185 2071 3282 2123 καί
3325 2058 3512 2142 χίλιαι
3538 2092 3624 2143 χι-

2029 2138 2236 2206 λιάδες
2287 2145 2797 2213 παρειστήκεισαν
2847 2150 3026 2216 αὐτῷ.
3085 2138 3625 2227 Μυρίας”μυριάδας

2030 2222 2287 2292 ἐποίησεν
2313 2225 2581 2293 ἀγγέλων,
2616 2230 2710 2283 καὶ
2748 2230 2924 2300 χιλίας
2966 2222 3209 2303 χιλιάδας
3243 2222 3622 2307 ἀρχαγγέλων,

2031 2307 2124 2360 καὶ
2158 2308 2218 2360 οὗ
2254 2310 2411 2379 χρεία
2443 2312 2750 2381 συμϐούλου
2782 2315 2814 2386 ἢ
2848 2317 3134 2388 συνεργοῦ,
3178 2321 3272 2375 καὶ
3311 2322 3407 2376 ἕνα
3451 2324 3623 2378 ποιῶν

2031 2391 2254 2477 πήλινον
2305 2395 2590 2464 ἄνθρωπον
2635 2397 2797 2470 βουλῇ
2839 2401 3135 2472 κέχρηται,
3167 2404 3326 2474 λόγον
3370 2409 3620 2477 εἰσάγει,

2031 2474 2344 2562 συμϐουλὴν
2378 2477 2647 2548 λαμϐάνει
2679 2498 2696 2548 ;
2737 2483 2798 2536 Τί
2847 2484 3019 2537 ἐστιν
3051 2486 3360 2556 ἄνθρωπος
3387 2507 3407 2554 ;
3437 2474 3516 2545 ούν
3547 2494 3617 2562 γῆ

2030 2557 2123 2610 καὶ
2153 2557 2261 2610 ἀπὸ
2308 2559 2446 2629 γῆς;
2483 2563 2542 2646 οὐ
2595 2563 2744 2627 κόνις
2794 2565 2953 2635 μόνον
3002 2569 3097 2623 καὶ
3127 2570 3341 2641 τέφρα;
3379 2575 3488 2626 Kal
3522 2557 3622 2646 βὸᾷ

2041 2639 2293 2712 ’Δϐραάμ
2335 2643 2436 2713 τὴν
2487 2645 2679 2699 ἐαυτοῦ
2711 2647 2992 2718 κηρύττων
3023 2639 3329 2706 εὐτέλειαν·
3380 2639 3619 2725 Ἐγὼ-δὲ

2026 2724 2140 2792 εἰμι
2171 2724 2246 2792 γῆ
2278 2725 2374 2778 καί
2401 2727 2655 2796 σποδός.
2697 2731 2761 2784 Τί
2789 2733 2929 2785 είσιν
2968 2735 3187 2802 ἄγγελοι
3221 2737 3314 2803 ;ού
3362 2724 3615 2809 πνεῦμας

2026 2806 2087 2858 οὐ
2142 2807 2294 2878 πῦρ;
2333 2810 2441 2862 Kal
2489 2811 2653 2865 ἄκουε
2698 2813 2791 2866 τοῦ
2837 2815 3002 2868 Δαυῒδ
3042 2817 3303 2887 βοῶντος*
3348 2821 3409 2874 '0
3431 2822 3619 2877 ποιῶν

2026 2891 2169 2957 τοὺς
2216 2893 2514 2963 ἀγγέλους
2558 2896 2746 2952 αὑτοῦ
2793 2901 3119 2968 πνεύματα,
3151 2902 3250 2956 καί
3301 2905 3444 2973 τοὺς
3497 2910 3614 2960 λει-

2025 2977 2314 3058 τουργοὺς
2335 2978 2522 3033 αὑτοῦ
2552 2979 2672 3047 πῦρ
2698 2981 2949 3050 φλέγον.
2982 2984 3093 3055 Τὴν
3122 2985 3216 3038 τοῦ
3251 2989 3422 3056 πυρὸς
3452 2991 3616 3058 φύσιν

2025 3056 2412 3128 ἐργαζόμενος,
2446 3060 2517 3113 τὰ
2563 3063 2725 3132 νοερὰ
2767 3066 2858 3118 καὶ
2893 3065 3158 3136 ἀσώματα
3201 3056 3506 3140 πνεύματα,
3550 3075 3613 3125 οὐ

2025 3140 2216 3210 χρείαν
2247 3140 2373 3211 ἔσχε
2398 3144 2724 3213 συμϐούλου,
2743 3147 2803 3199 ού
2829 3148 3112 3220 συνεργοῦ,
3132 3151 3228 3220 ούχ
3256 3153 3446 3223 ἐτέρου
3471 3156 3614 3219 τινος

2025 3225 2169 3295 πρὸς
2221 3229 2540 3297 συμμαχίαν
2569 3229 2676 3282 τῶν
2720 3232 3026 3302 γενομένων
3059 3251 3072 3264 ·
3109 3235 3203 3289 καὶ
3243 3236 3334 3288 τὸν
3376 3239 3483 3291 ἀπὸ
3511 3244 3614 3311 γῆς

2025 3315 2219 3380 ποιῶν,
2247 3317 2337 3370 τὸν
2362 3320 2600 3391 οἰκτρὸν,
2630 3321 2721 3375 τὸν
2758 3323 2973 3393 εὐτελῆ,
3013 3325 3104 3378 τὸν
3154 3328 3348 3398 μικρὸν
3384 3329 3612 3403 ὕστερον

2023 3399 2124 3452 οὐκ
2157 3400 2432 3470 ἐσόμενον,
2474 3404 2571 3486 ,τὸν
2621 3406 2776 3478 τάφῳ
2828 3407 3196 3479 διαλυόμενον,
3250 3413 3342 3465 τὸν
3391 3399 3606 3486 καιροῖς

2022 3480 2429 3554 δαπανώμενον,
2462 3485 2657 3558 βουλὴν
2687 3490 2918 3559 εἰσάγει,
2953 3493 3143 3562 σκέψιν
3170 3499 3440 3562 ποιεῖται;
3477 3499 3605 3562 Ναὶ,

2024 3567 2219 3634 φησιν,
2264 3567 2539 3638 ἐνδέχεται
2582 3572 2859 3643 Δεσπότην
2911 3574 2998 3628 διὰ
3043 3576 3244 3647 πολλὴν
3297 3580 3609 3652 ἀγαθότητα

2022 3651 2192 3702 εἰπεῖν
2220 3650 2426 3715 δούλοις
2459 3655 2801 3724 παρεστῶσιο
2829 3658 2893 3711 Τί
2923 3659 3004 3713 δεῖ
3035 3661 3317 3729 γενέσθαι;
3348 3664 3402 3716 τί
3438 3650 3607 3719 ποι-ῶ-

2025 3747 2156 3802 μεν;
2200 3733 2476 3804 Συγχωρῶ
2521 3739 2615 3790 καὶ
2657 3738 2835 3804 τοῦτο,
2882 3742 2973 3794 καὶ
3030 3745 3168 3814 μετά
3217 3746 3308 3798 τδν
3352 3750 3610 3804 τοσοῦτον

2019 3815 2240 3882 ἀγῶνα,
2271 3817 2461 3886 δίδωμι
2505 3819 2585 3883 τὸ,
2636 3823 3010 3892 Ποιήσωμεν,
3055 3828 3191 3898 πρὸς
3222 3830 3489 3897 ἀγγέλους
3529 3835 3605 3885 εἰσ

2023 3899 2235 3967 ρῆσθαι.
2265 3900 2358 3964 Τὸ,
2385 3901 2754 3969 Ποιήσωμεν,
2797 3908 3062 3976 ἤκουσας·
3112 3910 3192 3974 τὸ,
3239 3913 3378 3966 Κατ’
3401 3918 3606 3969 εἰκόνα

2017 3980 2113 4033 καὶ
2143 3983 2444 4049 ὁμοίωσιν,
2473 3986 2571 4037 οὐκ
2598 3983 2764 4052 εἷδες;
2799 3990 2983 4060 Τούτῳ
3007 3993 3114 4061 γάρ
3134 3991 3328 4062 ὀφείλω
3356 3998 3434 4067 τῷ
3461 3998 3605 4070 λόγῳ

2017 4065 2110 4117 καί¹
2164 4065 2432 4120 Ἰουδαίων
2479 4071 2574 4122 καὶ
2627 4072 2919 4143 αἰρετικῶν
2967 4075 3279 4147 ἀπορράψαι
3336 4065 3598 4151 στόματα..

2016 4146 2152 4200 Οὔτε
2208 4149 2314 4219 γάρ
2351 4151 2621 4214 Ἰουδαῖος.
2660 4153 2782 4207 οὔτε
2837 4156 2998 4210 πάλιν
3047 4146 3324 4228 αἰρετικδς
3363 4165 3391 4216 ό
3433 4146 3600 4228 αὐτὸς

2015 4233 2134 4282 κατ’
2178 4231 2437 4301 ἀλήθειαν
2484 4236 2764 4302 Ἰουδαῖος,
2814 4241 3013 4308 μᾶλλον
3047 4242 3102 4294 δὲ
3138 4245 3231 4297 κα)⁸
3278 4247 3510 4317 χείρωνο
3549 4252 3600 4303 οί

2017 4313 2116 4382 μὲν
2147 4314 2255 4384 γὰρ
2276 4315 2335 4367 τὸ
2360 4317 2515 4385 σῶμα
2546 4319 2898 4392 ἐσταύρωσαν
2927 4323 2988 4376 τὸ
3018 4313 3312 4397 ὁρώμενον,
3340 4313 3388 4383 οἰ
3417 4333 3472 4384 δέ
3499 4333 3600 4404 τὴν

2013 4398 2239 4468 θεότητα
2277 4400 2375 4468 τὴν
2405 4401 2633 4486 ἀόρατον
2665 4405 2988 4475 πολεμοῦσι·
3031 4411 3229 4477 μᾶλλον
3256 4413 3311 4466 δέ
3343 4414 3440 4486 τήν
3470 4398 3598 4469 ἐαυ-

2011 4481 2118 4533 τῶν
2146 4483 2434 4554 σωτηρίαν.
2477 4485 2636 4540 Ἀλλά
2666 4489 2908 4543 κάκεῖνοι
2942 4492 3285 4564 ἠλέγχθησάν
3313 4481 3598 4565 ἀδυνάτοις

2011 4565 2454 4634 ἐπιχειρήσαντες
2489 4570 2828 4654 πράγμασιν.
2875 4574 2965 4625 Διὸ
3014 4578 3106 4628 καὶ
3157 4578 3312 4647 δίκην
3365 4583 3596 4654 μερικὴν

2009 4646 2210 4716 ταύτης
2239 4647 2338 4714 τῆς
2371 4647 2572 4718 τόλμης
2599 4651 2690 4702 ἐπὶ
2721 4653 2814 4704 τοῦ
2851 4656 3112 4724 παρόντος
3143 4646 3456 4725 δεδώκασιν,
3489 4646 3592 4719 ἀνά

2008 4729 2188 4779 πᾶσαν
2221 4729 2320 4798 τὴν
2348 4729 2674 4802 οἰκουμένην
2699 4734 2759 4786 τὸ
2791 4736 2998 4790 ἑαυτῶν
3036 4739 3433 4814 διεσπαρμένον
3467 4747 3590 4802 Oea-

2010 4813 2234 4880 σάμενοι
2281 4812 2457 4878 γένος.
2498 4814 2763 4887 ’Ύστερον
2810 4820 2919 4891 γάρ
2966 4822 3148 4886 αὐτοῖς
3188 4812 3244 4897 ή-
3273 4812 3452 4882 τελεία
3494 4832 3592 4883 ἐπ-

2006 4896 2303 4964 αχθήσεται
2333 4895 2488 4964 δίκη,
2517 4898 2606 4982 ότε
2649 4900 2711 4953 τὸ
2745 4902 3025 4974 πάνδημον
3062 4895 3240 4976 μέλλει
3264 4917 3584 4982 συγκροτεῖ-

2008 4976 2128 5027 σθαι
2175 4978 2475 5063 κριτήριον.
2512 4981 2620 5034 Kal
2662 4983 2815 5037 αὐτοὶ
2860 4986 2916 5039 δέ
2951 4987 3030 5057 τῷ
3061 4989 3228 5043 δέοντι
3271 4976 3447 5063 καιρῷ
3487 4997 3586 5059 τὰς

2005 5059 2161 5124 ἀξίας
2196 5060 2346 5130 παρά
2377 5061 2469 5113 τοῦ
2509 5063 2673 5116 αὑτοῦ
2700 5067 3165 5138 ἀπαιτηθήσονται
3199 5074 3374 5135 δίκας.
3413 5077 3587 5131 Τοῦτο

2003 5143 2055 5194 τί
2084 5138 2176 5194 οὖν
2205 5143 2342 5207 ἐστι,
2382 5142 2461 5195 διὸ
2498 5146 2706 5210 πάντας
2746 5149 2873 5219 ὑμῖν
2901 5152 3124 5218 τούτους
3157 5157 3472 5230 παρεθέμην
3505 5161 3585 5216 λό-

2004 5244 2166 5296 γους;
2200 5227 2469 5298 Βούλομαι
2502 5231 2610 5301 γὰρ
2638 5233 2799 5287 πάλιν
2827 5235 2926 5304 τῆς
2956 5238 3272 5306 ἀκολουθίας
3305 5227 3577 5310 γενέσθαι.

2004 5312 2076 5364 00
2125 5311 2296 5382 τολμᾷ
2338 5311 2460 5365 οὔτε
2492 5316 2794 5385 αἰρετικδς,
2840 5318 2962 5372 οῦτε
3005 5321 3253 5389 Ἰουδαῖος
3284 5330 3456 5381 εἰπεῖν
3501 5333 3580 5383 ὅτι

2006 5395 2103 5464 μία
2131 5394 2292 5448 εἰκὼν
2319 5397 2412 5448 καὶ
2435 5398 2691 5466 ὁμοίωσις
2714 5401 2847 5454 Θεοῦ
2876 5405 2968 5456 καὶ
2997 5406 3263 5474 ἀγγέλων.
3297 5422 3316 5449 ο
3348 5413 3437 5482 Μὴ
3469 5415 3580 5484 γὰρ

2001 5478 2242 5548 ἄγγελοι,
2274 5480 2323 5530 οἰ
2356 5481 2654 5550 γενόμενοι,
2689 5488 2940 5557 συνεργοὶ
2967 5485 3108 5562 ἦσαν
3137 5492 3229 5547 τοῦ
3256 5495 3388 5547 Θεοῦ
3411 5478 3436 5559 ;⁷
3458 5478 3580 5548 Λει-

2000 5563 2218 5634 τουργοὶ
2265 5565 2444 5632 μόνον,
2476 5564 2801 5636 ὑμνοῦντες,
2851 5571 3331 5646 εὐχαριστοῦντες,
3380 5578 3579 5643 εἰδότες

2060 5707 2089 5746 ὶ)
2113 5707 2293 5777 SavI‘ip
2321 5720 2490 5777 marg._
2508 5709 2834 5777 s_upplendum
2866 5715 3058 5777 conjici!
3081 5718 3241 5763 πολλῶ
3278 5720 3471 5777 μᾶλλον,
3494 5722 3576 5771 νει

1998 5770 2137 5830 πόσῳ
2163 5769 2358 5830 μᾶλλον.
2392 5769 2491 5818 Sed
2527 5769 2801 5836 intercepta
2823 5769 2982 5826 serie's
3019 5780 3250 5827 orationis
3273 5769 3394 5830 infra
3420 5769 3551 5832 σοι)ιί

1999 5839 2108 5879 nual
2120 5845 2144 5877 ιι
2154 5844 2191 5878 l'.

2060 5895 2082 5923 ε
2110 5893 2226 5942 Hace
2249 5896 2373 5946 aoud
2395 5895 2609 5947 Cosmum
2631 5897 2911 5959 Egyptium
2933 5899 3178 5950 habentur
3201 5915 3246 5965 ρ.
3279 5903 3384 5953 5:25.
