4102 6534
296 536 416 591 465

308 637 613 701 laudantes,
644 631 843 705 gratias
872 638 1112 702 agentes,
1142 628 1294 699 gnari
1321 641 1383 681 se
1410 625 1579 681 factos
1607 635 1751 687 esse,
1784 621 1801 651 ¹
1830 617 1913 689 let

312 737 471 785 antea
516 740 623 781 non
671 725 869 789 fuisse,
897 736 961 778 ac
990 730 1121 776 nutu
1155 717 1450 773 voluntatis
1498 716 1643 770 illius
1684 718 1897 767 creatos

318 817 547 890 fuisse]:
598 815 918 884 stabantque
948 810 1404 879 contemplantes,
1449 805 1801 873 videntesque
1843 813 1908 855 ea

316 927 439 982 quae
478 916 599 980 post
637 908 783 977 ipsos
832 909 968 960 facta
1020 903 1255 959 fuerant.
1304 899 1570 955 Videbant
1608 896 1799 951 ctelum
1846 910 1913 949 ex

318 1003 489 1060 nihilo
516 1001 731 1063 factum,
754 1007 809 1054 et
833 997 1158 1066 stupebant;
1188 1009 1335 1050 mare
1354 999 1712 1063 segregatum,
1740 997 1794 1043 et
1816 989 1916 1042 mi-

318 1096 615 1155 rabantur:
648 1091 1147 1162 contemplabantur
1174 1099 1371 1144 terram
1413 1094 1690 1147 ornatam,
1740 1093 1792 1138 et
1818 1098 1918 1135 cx-

317 1186 725 1243 ltorrcscebant.
756 1183 908 1251 Quod
939 1193 1116 1237 autem
1144 1181 1319 1251 angeli
1362 1194 1466 1233 non
1494 1178 1764 1246 adjutores
1797 1172 1913 1226 fue-

318 1282 451 1342 rint,
504 1278 595 1333 sed
638 1276 1024 1341 admiratores,
1058 1276 1133 1328 ait
1178 1274 1317 1328 Dens
1361 1272 1553 1327 Jobum
1595 1270 1913 1338 alloquens:

324 1370 549 1437 Quando
576 1368 673 1439 feci
698 1367 890 1424 stellas.
922 1366 1253 1419 laudauerunt
1276 1380 1355 1417 me
1375 1380 1546 1419 omnes
1570 1360 1738 1431 angeli
1766 1368 1813 1414 et
1838 1373 1918 1411 ce—

342 1460 673 1514 lebraverunt
720 1456 853 1524 (Job.
890 1454 977 1509 58.
1029 1455 1102 1523 7).

416 1549 575 1612 Illud,
601 1547 901 1607 Faciamus,
928 1545 1236 1599 Trinitatem
1260 1553 1306 1597 et
1326 1544 1578 1596 unitatem
1601 1540 1914 1593 subindicat.

338 1670 415 1684 -—
451 1639 737 1693 Faciamus
777 1639 1054 1692 hominem.
1089 1638 1297 1692 Dictum
1349 1636 1477 1689 illud
1518 1643 1572 1687 et
1607 1634 1916 1700 loquentem

340 1732 613 1803 signiﬁcat
653 1739 706 1783 et
758 1729 1089 1783 audientem.
1141 1727 1275 1781 Vide
1320 1726 1630 1781 orthodoxa:
1664 1721 1785 1776 ﬁdei
1832 1735 1918 1773 ra-

342 1823 495 1877 dium
547 1835 762 1891 semper
799 1820 1217 1890 splendentem:
1261 1827 1315 1872 et
1353 1818 1431 1872 sol
1477 1817 1666 1872 lucens
1706 1813 1917 1868 radium

340 1927 505 1966 suum
545 1910 806 1978 adjunxit.
857 1910 1133 1963 Faciamus
1162 1910 1419 1963 hominem
1454 1907 1734 1960 secundum
1776 1905 1917 1956 ima-

339 2003 517 2069 ginem
550 2010 597 2053 et
636 2000 1033 2055 similitudinem
1076 2010 1329 2053 nostram.
1376 1998 1735 2051 Personarum
1771 1992 1919 2047 ordi-

310 2110 454 2165 Incm
501 2097 751 2161 servavit,
781 2105 835 2150 et
863 2096 1174 2151 substantia:
1202 2096 1483 2150 unitatem.
1524 2092 1800 2147 Faciamus
1827 2094 1918 2145 ho-

323 2185 513 2239 minem
532 2187 806 2239 secundum
834 2186 1126 2257 imaginem.
1157 2184 1273 2241 Non
1303 2185 1594 2240 secundum
1625 2184 1918 2250 imagines:

324 2291 501 2346 neque
530 2277 673 2331 enim
698 2277 799 2332 alia
830 2286 914 2333 est
942 2278 1116 2348 imago
1155 2277 1351 2343 Patris,
1394 2277 1497 2330 alia
1540 2276 1681 2332 Filii.
1732 2275 1921 2329 Facia—

325 2383 442 2421 mus
475 2385 487 2420 :
516 2376 573 2422 ut
600 2383 949 2437 personarum
982 2368 1283 2439 pluritatem
1316 2368 1595 2432 ostendat;
1632 2367 1922 2422 Secundum

324 2459 598 2529 imaginem
631 2469 853 2514 nostram
879 2476 901 2511 .'
932 2469 990 2514 ut
1018 2461 1622 2515 consubstantialitatcm
1666 2459 1921 2514 declaret.

325 2550 583 2617 Quisnam
614 2565 745 2605 vero
779 2560 861 2605 est
885 2552 1060 2621 magni
1094 2552 1249 2621 hujus
1275 2553 1539 2606 sermonis
1569 2560 1625 2606 et
1650 2550 1924 2603 admiran-

324 2645 411 2697 dae
434 2645 720 2699 creationis
749 2646 964 2699 socius?
989 2645 1158 2700 Judmi
1189 2647 1582 2709 contradicunt,
1611 2661 1674 2701 ac
1698 2647 1778 2701 vel
1804 2661 1926 2700 con-

329 2732 483 2789 futati
516 2736 853 2806 impudenter
883 2750 942 2792 se
966 2746 1197 2808 gerunt;
1233 2737 1469 2793 hmretici
1505 2739 1793 2803 insaniunt,
1827 2753 1924 2792 ve-

328 2825 462 2878 ritas
509 2825 866 2894 impugnatur,
910 2828 1125 2898 pietatis
1169 2828 1412 2883 doctrina
1442 2829 1692 2884 invictam
1726 2844 1836 2899 pra:
1866 2845 1925 2886 se

326 2912 432 2967 fert
455 2912 866 2969 confessionem.

404 3005 456 3058 7.
500 3004 653 3061 Unde
688 3007 847 3077 igitur
886 3008 1231 3065 ostendemus
1258 3012 1343 3065 cui
1386 3011 1601 3077 dixerit,
1652 3011 1924 3068 Faciamus

328 3097 579 3151 hominem
603 3098 628 3152 .9
652 3109 744 3153 aut
773 3100 891 3170 quis
914 3111 999 3157 est
1022 3101 1138 3171 ejus
1165 3104 1542 3159 consiliarius?
1574 3105 1706 3160 illud
1741 3106 1884 3161 enim
1905 3147 1921 3169 ,

329 3188 628 3255 Faciamus,
671 3192 1009 3261 prmsentiam
1045 3196 1337 3251 consiliarii
1378 3198 1559 3268 exigit.
1618 3198 1705 3252 Ait
1748 3199 1926 3268 itaque

328 3279 516 3333 beatus
542 3280 702 3334 lsaias
727 3282 793 3337 de
824 3284 1096 3353 unigenito
1122 3284 1254 3341 Filio
1277 3288 1391 3355 Dei,
1440 3288 1529 3358 qui
1570 3299 1787 3358 propter
1826 3304 1926 3344 nos

327 3369 562 3425 humana
595 3372 738 3427 venit
767 3372 935 3429 forma
971 3394 985 3431 :
1016 3375 1157 3431 Puer
1196 3387 1345 3432 natus
1392 3389 1465 3434 est
1502 3380 1664 3445 nobis,
1699 3380 1836 3447 ﬁlius
1880 3390 1925 3435 et

326 3463 523 3532 juvenis
550 3464 699 3518 datus
728 3475 801 3519 est
825 3464 982 3532 (lsai.
1005 3466 1058 3523 9.
1079 3468 1155 3539 6).
1189 3468 1290 3537 Qui
1321 3484 1426 3525 non
1458 3481 1575 3527 erat
1606 3487 1737 3541 puer
1766 3483 1921 3527 natus

326 3561 449 3618 est;
484 3554 571 3624 qui
603 3566 718 3611 erat
749 3555 936 3621 Filius,
968 3557 1125 3615 datus
1170 3570 1273 3616 est.
1329 3560 1400 3615 Et
1438 3562 1697 3617 vocabitur
1742 3579 1923 3618 nomen

327 3647 461 3715 ejus,
506 3648 679 3719 magni
698 3650 897 3703 consilii
923 3652 1154 3721 angelus,
1186 3668 1378 3723 nempe
1419 3655 1589 3724 pueri,
1618 3656 1708 3726 qui
1744 3654 1922 3732 Filius

326 3748 446 3793 erat
472 3749 688 3809 propter
712 3741 1065 3810 divinitatem,
1109 3760 1239 3815 puer
1268 3756 1445 3801 autem
1470 3757 1687 3817 propter
1731 3749 1923 3802 Imma-

328 3829 569 3884 nitatem.
606 3829 785 3901 Magni
805 3834 1002 3887 consilii
1048 3837 1279 3905 angelus,
1328 3838 1644 3892 admirabilis
1686 3841 1923 3894 consilia-

325 3922 454 3976 s‘ius.
491 3920 545 3977 Si
585 3937 747 3994 porro
775 3925 1135 3981 consiliarium
1159 3928 1245 3983 cui
1270 3928 1422 3993 dixit,
1455 3928 1729 3985 Faciamus
1758 3931 1923 3985 Itami-

326 4029 445 4067 nem
493 4016 767 4069 secundum
810 4016 1082 4088 imaginem
1128 4030 1174 4073 et
1218 4020 1599 4075 similitudinem
1652 4031 1919 4087 nostram,

328 4106 507 4175 magni
538 4107 743 4162 consilii
770 4109 1031 4179 Angelum
1062 4124 1242 4177 vocas,
1287 4112 1547 4179 nondum,
1580 4128 1613 4167 o
1640 4113 1921 4183 propheta,

327 4196 644 4265 dignitatem
684 4198 801 4267 ejus
829 4200 975 4268 quia
1006 4208 1058 4255 te
1096 4202 1431 4258 consiliarius
1472 4214 1694 4258 vocatur
1738 4204 1921 4259 decla-

326 4287 482 4341 rasti.
518 4287 638 4341 Fuit
682 4291 822 4343 enim
865 4299 920 4345 et
959 4291 1168 4361 Moyses
1195 4295 1531 4350 consiliarius
1583 4312 1596 4348 :
1644 4296 1925 4351 videbatur

326 4380 474 4434 enim
502 4380 780 4435 consilium
806 4382 934 4437 dare
962 4398 1085 4439 cum
1112 4383 1311 4440 diceret
1336 4404 1348 4439 :
1376 4386 1460 4442 Ne
1486 4390 1688 4442 occidas
1728 4406 1829 4455 eos,
1863 4405 1925 4443 ne

327 4470 464 4539 forte
503 4472 673 4525 dicant
704 4482 871 4541 gentes
920 4488 940 4528 :
988 4472 1069 4528 Eo
1105 4477 1240 4546 quod
1285 4494 1385 4530 non
1426 4488 1589 4547 posset
1638 4480 1751 4533 illos
1785 4480 1926 4547 prole

326 4577 534 4631 augere,
573 4564 755 4616 occidit
791 4580 894 4618 eos.
932 4564 1131 4621 Verum
1159 4583 1227 4623 ne
1257 4570 1570 4624 miraculum
1590 4571 1653 4624 ad
1675 4573 1924 4627 consilia-

327 4652 468 4707 rium
496 4668 661 4721 usque
700 4655 950 4709 statueris
985 4674 997 4710 :
1031 4672 1097 4711 ne
1135 4673 1421 4716 commune
1463 4677 1657 4717 nomen
1709 4663 1921 4730 feceris,

326 4742 433 4796 etsi
478 4742 628 4796 multi
654 4744 943 4800 consiliarii
984 4750 1112 4814 sint,
1146 4764 1213 4803 ne
1239 4753 1560 4807 contumelia
1589 4753 1851 4810 afficiatur
1877 4756 1923 4811 is

326 4834 424 4903 qui
454 4836 600 4889 solus
636 4843 736 4891 est.
770 4838 841 4891 At
869 4837 1127 4904 nondum,
1159 4840 1350 4911 inquit,
1384 4844 1499 4912 ejus
1541 4847 1627 4911 qui
1662 4848 1922 4913 praedica-

326 4934 421 4978 tur
454 4922 762 4994 dignitatem
790 4928 951 4984 nosti.
997 4930 1133 4986 Audi
1157 4932 1224 4987 de
1252 4933 1550 4990 admirabili
1578 4939 1921 5007 c0usiliario;

325 5017 496 5073 Isaias
527 5020 669 5074 enim
711 5021 761 5075 id
805 5022 946 5093 quod
983 5025 1229 5095 sequitur
1256 5028 1325 5082 ab
1364 5045 1449 5091 eo,
1478 5030 1616 5099 quod
1644 5032 1921 5105 praecedit,

329 5111 712 5179 interpretatur
744 5129 757 5166 :
784 5112 1133 5183 Admirabilis,
1176 5119 1366 5188 inquit,
1402 5122 1740 5188 consiliarius,
1787 5124 1925 5179 Deus

328 5202 502 5271 fortis.
563 5202 728 5259 Recte
780 5204 888 5260 Deo
942 5206 1308 5264 fortitudinem
1369 5213 1629 5280 adjnnxit.
1696 5214 1926 5281 Quare?

326 5293 791 5359 Quemadmodum
818 5296 961 5352 enim
1001 5300 1155 5354 multi
1201 5301 1350 5357 fuere
1394 5306 1704 5373 consiliarii,
1751 5322 1925 5376 neque

328 5393 511 5439 tamen
538 5385 657 5440 ideo
682 5387 837 5441 unius
858 5388 1148 5446 consiliarii
1179 5392 1409 5464 dignitas
1440 5396 1557 5449 laedi
1583 5396 1802 5463 debuit,
1848 5400 1924 5455 sic

322 5475 456 5542 quia
494 5476 646 5531 multi
680 5474 833 5534 fuere
870 5479 943 5535 dii
986 5480 1149 5550 (nam
1178 5486 1288 5539 ait:
1328 5485 1435 5556 Ego
1458 5488 1580 5552 dixi,
1604 5492 1692 5544 Dii
1714 5492 1847 5552 estis,
1878 5502 1923 5546 et

326 5566 430 5633 ﬁlii
480 5565 726 5624 Altissimi
772 5585 943 5624 omnes
990 5570 1182 5643 [Psal.
1215 5576 1302 5630 81.
1334 5576 1445 5649 6];
1510 5595 1573 5634 ac
1608 5596 1818 5636 rursum
1850 5585 1924 5637 ait

324 5661 473 5716 Deus
499 5661 695 5735 Moysi,
730 5662 862 5719 Ecce
897 5666 1043 5736 posui
1070 5676 1116 5720 te
1140 5667 1193 5721 in
1216 5670 1362 5723 deum
1393 5672 1681 5728 Pharaonis
1725 5674 1920 5748 [E.rod.

316 5754 385 5808 7.
410 5752 461 5825 l]
483 5753 521 5825 ),
572 5754 657 5810 hic
686 5756 775 5826 qui
806 5757 1126 5828 praedicatur
1154 5776 1261 5817 non
1286 5763 1466 5820 debuit
1494 5770 1811 5824 contumelia
1839 5770 1918 5825 af-

393 5953 408 5985 ¹
447 5952 637 6004 t'lirasis
657 5955 888 6007 articulus
908 5958 991 6021 qui
1016 5961 1202 6011 uncinis
1224 5960 1459 6013 clauditur
1476 5965 1620 6017 deest
1644 5968 1692 6016 in
1719 5968 1859 6018 Savil.

1306 511 1393 568 DE
1430 504 1643 567 MUNDI
1679 496 2069 562 CREATIONE
2105 496 2362 557 ORATIO
2399 500 2484 559 IV.

3492 510 3605 566 466

2020 615 2127 672 ﬁci.
2156 618 2235 671 Ac
2263 631 2333 671 ne
2363 626 2517 687 putes
2544 632 2669 674 eum
2694 617 2763 673 ita
2790 618 2951 674 deum
2978 631 3120 685 esse,
3153 624 3211 673 ut
3236 626 3353 673 erat
3378 616 3613 691 Moyses,

2019 720 2078 766 ut
2106 720 2261 766 erant
2285 713 2537 781 apostoli,
2588 712 2812 778 addidit,
2843 712 2980 767 Deus
3019 714 3182 784 fortis.
3216 707 3428 786 Moyses
3472 712 3616 767 Dens

2020 811 2155 868 erat,
2186 818 2292 858 non
2339 801 2514 871 fortis,
2559 803 2655 860 sed
2701 803 3013 860 fortitudine
3056 806 3306 860 donatus.
3345 804 3503 859 Aliud
3533 814 3618 859 est

2022 892 2336 950 fortitudine
2383 894 2630 961 donatus,
2685 904 2739 949 et
2789 895 2929 950 aliud
2977 894 3151 951 fortis.
3201 894 3360 949 Aliud
3391 896 3614 965 gratiam

2020 988 2387 1055 commodans,
2415 989 2559 1044 aliud
2576 988 2861 1059 accipiens.
2896 988 3032 1043 Deus
3060 987 3224 1060 fortis.
3252 986 3461 1059 Moyses
3484 986 3619 1042 deus

2022 1090 2135 1134 erat
2166 1080 2475 1135 fortitudine
2495 1080 2742 1143 donatus,
2776 1079 2983 1133 etiamsi
3013 1078 3294 1149 grandium
3334 1079 3623 1133 miraculo-

2024 1185 2140 1223 rum
2171 1178 2408 1239 patrator
2434 1187 2449 1235 ;
2488 1185 2673 1224 verum
2702 1170 2925 1239 gratiam
2955 1170 3163 1240 accipit.
3214 1169 3329 1223 Sub
3353 1178 3618 1238 potestate

2022 1270 2176 1315 erant
2201 1261 2450 1330 apostoli,
2500 1273 2688 1331 potens
2717 1272 2800 1317 est
2826 1262 3097 1327 Servatur,
3127 1270 3182 1317 et
3219 1262 3423 1318 tribuit.
3480 1261 3622 1319 Deus

2024 1353 2188 1422 fortis.
2236 1352 2419 1423 Neque
2461 1353 2564 1407 hoc
2603 1363 2807 1409 tantum
2850 1355 2980 1409 satis
3027 1353 3233 1417 habuit,
3274 1354 3366 1408 sed
3399 1354 3621 1424 adjicit,

2024 1454 2220 1513 potens,
2272 1453 2328 1498 ut
2370 1453 2424 1499 et
2466 1458 2565 1499 nos
2606 1453 2660 1499 et
2702 1445 2983 1500 haereticos
3012 1445 3250 1511 doceret,
3284 1462 3352 1501 ne
3390 1447 3490 1501 sub
3526 1462 3624 1516 po-

2025 1544 2215 1590 testate
2266 1536 2568 1593 diceremus
2614 1552 2738 1592 eum
2796 1538 2886 1607 qui
2934 1538 3033 1607 ipsi
3074 1539 3324 1609 potestati
3371 1539 3619 1608 imperat.

2023 1627 2179 1683 Aliud
2219 1637 2301 1682 est
2344 1628 2444 1683 sub
2488 1637 2751 1698 potestate
2791 1629 3147 1693 constitutus,
3213 1629 3355 1685 aliud
3400 1639 3615 1701 potens.

2024 1720 2116 1774 Vis
2146 1736 2305 1776 nosse
2338 1720 2625 1777 discrimen
2665 1722 2805 1777 inter
2831 1737 2953 1777 eum
2975 1723 3064 1791 qui
3093 1738 3163 1778 ex
3194 1736 3253 1777 se
3293 1732 3482 1793 potens
3523 1724 3616 1791 sit,

2025 1822 2079 1865 et
2122 1827 2243 1867 eum
2274 1815 2365 1883 qui
2385 1813 2487 1868 sub
2511 1822 2775 1883 potestate
2796 1814 2904 1869 sit?
2929 1814 3167 1883 Apostoli
3198 1814 3299 1869 sub
3332 1824 3617 1885 potestate,

2026 1902 2285 1959 Servator
2315 1920 2443 1960 vero
2473 1915 2663 1976 potens
2692 1916 2828 1961 erat.
2852 1906 3046 1962 Paulus
3071 1905 3202 1962 vidit
3228 1907 3282 1962 in
3312 1907 3619 1965 Macedonia

2028 1992 2255 2061 puellam
2316 1995 2562 2062 spiritum
2604 1996 2863 2067 Pythonis
2905 1996 3220 2063 habentem,
3267 1998 3621 2069 omnibusque

2028 2084 2295 2143 dicentem
2329 2104 2344 2142 :
2374 2087 2447 2142 Hi
2473 2089 2701 2144 homines
2724 2091 2852 2144 servi
2885 2089 2984 2144 Dei
3023 2091 3260 2145 altissimi
3286 2102 3424 2146 sunt.
3453 2092 3623 2164 ngre

2027 2186 2195 2230 autem
2228 2178 2392 2247 ferens
2428 2180 2647 2244 Paulus,
2676 2196 2941 2236 conversus
2966 2181 3095 2237 dixit
3122 2182 3323 2252 spiritui
3362 2184 3497 2254 (Act.
3528 2183 3618 2240 16.

2030 2269 2118 2324 17.
2150 2269 2239 2341 18)
2263 2286 2278 2335 ;
2325 2286 2432 2327 non
2458 2281 2635 2327 autem
2661 2273 2876 2344 puellae,
2905 2273 3000 2329 sed
3030 2275 3262 2344 puellam
3296 2276 3575 2346 occupanti
3599 2316 3618 2343 ,

2029 2359 2288 2417 Denuntio
2312 2363 2400 2418 tibi
2438 2368 2494 2422 in
2521 2366 2722 2420 nomine
2748 2365 2953 2420 Domini
2974 2365 3098 2421 Jesu
3122 2364 3330 2433 Christi,
3380 2376 3435 2422 ut
3469 2384 3621 2424 exeas

2030 2455 2093 2507 ab
2132 2454 2242 2509 illa.
2306 2455 2475 2512 Vocat
2524 2457 2843 2528 Dominum,
2890 2466 2950 2514 ut
2986 2458 3233 2515 ostendat
3274 2475 3334 2515 se
3380 2475 3618 2515 servum.

2030 2544 2162 2611 Quia
2192 2560 2351 2616 supra
2383 2546 2653 2604 hominem
2686 2549 2788 2605 hoc
2824 2551 3141 2606 miraculum
3168 2559 3305 2617 erat,
3333 2551 3474 2621 quod
3505 2551 3619 2607 da:-

2030 2652 2217 2694 mones
2268 2639 2549 2696 obedirent
2594 2641 2915 2709 hominibus,
2969 2659 3037 2700 ne
3080 2644 3225 2700 visus
3256 2659 3443 2699 vocem
3466 2660 3621 2715 rape-

2029 2740 2133 2797 ret,
2178 2747 2312 2789 neve
2355 2733 2420 2800 ii,
2462 2735 2553 2805 qui
2598 2735 2690 2791 Dei
2730 2737 2959 2792 ministri
3006 2746 3193 2801 erant,
3241 2737 3314 2792 dii
3359 2753 3479 2793 esse
3523 2752 3620 2807 pu-

2034 2830 2290 2887 tarentur,
2348 2823 2622 2893 Denuntio,
2671 2827 2863 2899 inquit,
2913 2828 3002 2882 tibi
3048 2829 3100 2881 in
3145 2829 3346 2883 nomine
3389 2828 3617 2883 Domini.

2032 2914 2184 2971 Servi
2210 2924 2295 2973 est
2321 2917 2663 2986 denuntiare,
2698 2920 2792 2976 Dei
2821 2935 2945 2976 cum
2981 2929 3246 2991 potestate
3290 2936 3472 2991 agere.
3523 2922 3619 2976 Vi-

2032 3009 2153 3064 disti
2186 3009 2439 3066 famulum
2482 3012 2906 3079 denuntiantem,
2948 3013 3068 3067 vide
3115 3014 3397 3067 Dominum
3441 3019 3615 3084 impe-

2032 3111 2258 3156 rantem.
2308 3102 2531 3159 Oblatus
2556 3113 2639 3158 est
2684 3104 2907 3158 Domino
2949 3102 3161 3172 quidam
3214 3102 3613 3167 daemoniacus.

2029 3191 2222 3247 surdus
2250 3204 2304 3248 et
2333 3204 2528 3249 mutus.
2576 3194 2691 3249 Non
2730 3194 2863 3250 dixit
2892 3195 3164 3258 Dominus,
3216 3194 3476 3249 Denuntio
3522 3194 3619 3250 tibi

2032 3283 2198 3338 surdo
2227 3293 2280 3339 et
2306 3294 2455 3340 muto
2483 3285 2784 3352 daemonio;
2816 3285 2931 3350 sed,
2962 3284 3073 3356 Ego
3110 3286 3199 3339 tibi
3226 3285 3484 3353 principio.
3518 3285 3622 3341 ile-

2029 3375 2293 3431 nuntiatio
2345 3386 2427 3431 est
2472 3376 2643 3442 Pauli,
2699 3378 2932 3447 potentis
2978 3387 3158 3431 autem
3201 3386 3283 3432 est
3327 3376 3618 3447 imperare.

2032 3463 2144 3536 Ego
2186 3467 2277 3520 tibi
2324 3468 2584 3536 prarcipio,
2630 3470 2710 3523 exi
2759 3470 2822 3522 ab
2870 3485 2948 3534 eo,
2998 3485 3086 3522 nec
3110 3468 3331 3535 amplius
3355 3468 3619 3522 intraveris

2032 3554 2223 3624 (Marc.
2243 3556 2294 3613 9.
2316 3555 2427 3619 24).
2449 3557 2697 3612 Obedivit
2725 3558 2956 3624 daemon,
2975 3557 3121 3613 novit
3141 3559 3283 3613 enim
3309 3560 3617 3626 potentiam.

2028 3647 2179 3701 Dicat
2204 3647 2391 3703 beatus
2408 3647 2657 3705 Ezechiel
2678 3648 2744 3704 ad
2765 3664 3090 3721 synanogam
3110 3650 3413 3703 haereticam
3448 3666 3463 3704 :
3495 3649 3621 3703 Vivo

2028 3754 2141 3809 ego,
2173 3738 2293 3792 dicit
2320 3738 2569 3794 Dominus
2592 3780 2607 3803 ,
2628 3741 2915 3809 justiﬁcata
2959 3751 3031 3793 est
3075 3756 3219 3793 soror
3262 3751 3349 3792 tua
3391 3739 3619 3793 Sodoma

2026 3846 2182 3900 supra
2208 3840 2255 3884 te
2299 3829 2512 3899 (Ezech.
2539 3832 2625 3886 16.
2659 3831 2772 3900 52).
2796 3830 2931 3898 Quid
2972 3841 3054 3887 est
3098 3830 3225 3887 illud
3270 3832 3410 3901 quod
3449 3832 3618 3887 dicit?

2028 3922 2139 3976 Nisi
2170 3923 2313 3977 enim
2341 3923 2470 3977 illud
2499 3922 2772 3989 didiceris,
2821 3939 2925 3978 non
2956 3924 3157 3993 peteris
3186 3925 3371 3980 deduci
3401 3924 3467 3980 ad
3507 3926 3617 3995 spi-

2030 4016 2236 4071 ritualis
2283 4030 2472 4072 sensus
2516 4016 2941 4085 intelligentiam.
3005 4016 3296 4072 Sodomita:
3348 4017 3621 4087 desperati

2028 4115 2219 4169 erant;
2254 4108 2306 4161 in
2332 4108 2536 4162 scelere
2568 4108 2711 4163 enim
2742 4110 2900 4162 vitam
2932 4108 3295 4178 transigebant
3338 4125 3352 4161 :
3388 4109 3616 4179 ideoque

2030 4198 2279 4253 divinitus
2306 4199 2546 4254 immisso
2576 4201 2873 4269 consumpti
2905 4210 3023 4253 sunt
3056 4200 3194 4268 igne.
3246 4199 3477 4269 Eratque
3523 4199 3618 4255 Je-

2030 4292 2261 4345 rusalem
2289 4300 2410 4360 post
2446 4306 2631 4346 eorum
2660 4292 2901 4358 exitium,
2938 4292 3189 4360 urbisque
3214 4307 3400 4345 eorum
3432 4291 3619 4346 incen-

2029 4383 2197 4447 dium,
2240 4383 2424 4437 multis
2450 4382 2904 4453 generationibus,
2955 4383 3133 4453 specie
3158 4382 3371 4451 quidem
3396 4383 3616 4445 ﬂorens,

2030 4475 2230 4545 majora
2254 4484 2429 4530 tamen
2454 4476 2654 4532 scelera
2678 4484 3013 4546 perpetrans.
3063 4474 3195 4529 Cum
3234 4475 3389 4544 igitur
3428 4474 3481 4527 hi
3521 4475 3621 4529 So-

2029 4567 2351 4622 domitarum
2400 4567 2689 4637 nequitiam
2741 4573 3091 4636 superarent,
3134 4565 3279 4633 jurat
3336 4564 3474 4618 Deus
3523 4580 3619 4632 per

2030 4658 2367 4713 Ezechielem
2410 4658 2492 4713 his
2540 4659 2719 4713 verbis
2773 4676 2787 4713 :
2842 4676 2860 4709 ε
2899 4656 3029 4711 Vivo
3072 4672 3171 4727 ego
3209 4656 3447 4720 Adonai,
3488 4655 3621 4709 dicit

2031 4750 2309 4815 Dominus,
2331 4749 2418 4805 dic
2441 4750 2806 4819 incompositze
2832 4749 2955 4803 ﬁlia:
2978 4748 3275 4804 Jerusalem
3305 4766 3316 4801 :
3344 4747 3459 4802 Non
3490 4762 3617 4815 pec-

2029 4843 2170 4899 cavit
2211 4857 2366 4899 soror
2421 4856 2509 4897 tua
2554 4842 2786 4898 Sodoma
2829 4842 2911 4897 vel
2958 4842 3234 4897 dimidium
3277 4848 3617 4905 peccatorum

2034 4946 2265 5002 tuorum,
2307 4947 2357 4993 et
2380 4935 2665 5007 iustiﬁcata
2697 4946 2779 4990 est
2805 4935 3035 4989 Sodoma
3063 4950 3125 4987 ex
3159 4942 3209 4987 te
3235 4951 3255 4984 ι
3282 4931 3491 5003 (Ezech.
3526 4931 3615 4987 16.

2032 5030 2122 5086 48.
2156 5028 2282 5099 52),
2330 5044 2393 5083 ac
2436 5029 2480 5082 si
2520 5029 2746 5093 diceret,
2794 5026 3023 5081 Sodoma
3078 5022 3478 5092 comparatione
3535 5025 3609 5077 tui

2026 5121 2167 5192 justa
2212 5129 2325 5182 est;
2371 5135 2432 5174 ac
2475 5121 2517 5173 si
2562 5120 2679 5187 quis
2736 5117 2997 5170 hmreticis
3044 5114 3250 5168 diceret
3286 5132 3299 5169 :
3335 5113 3617 5170 Justiﬁcati

2032 5223 2156 5268 stunt
2196 5225 2246 5267 ct
2271 5212 2439 5267 Judaei
2470 5228 2534 5266 ex
2568 5212 2761 5281 ingenti
2796 5210 3167 5262 lt:t‘l‘U|lCOl‘llm
3197 5205 3413 5273 furore;
3455 5207 3616 5276 justi-

2033 5307 2171 5362 ﬁeati
2220 5314 2343 5359 sunt
2387 5306 2677 5366 dzemoncs,
2727 5304 2847 5373 quia
2878 5302 2930 5355 bi
2964 5300 3153 5355 Filium
3198 5301 3370 5371 ipsum
3400 5308 3613 5364 vocant,

2032 5403 2105 5459 illi
2136 5418 2262 5458 vero
2288 5399 2579 5469 opilicium.
2620 5396 2913 5465 Justiﬁcata
2952 5405 3024 5450 est
3073 5394 3301 5450 Sodoma
3340 5412 3401 5449 ea:
3430 5406 3493 5449 te.
3521 5394 3617 5447 llic

2032 5506 2209 5551 autem
2256 5495 2429 5551 obiter
2454 5510 2635 5565 quzero
2664 5508 2877 5548 causam
2909 5506 3004 5544 cur
3034 5490 3068 5543 ii
3097 5490 3184 5559 qui
3217 5488 3615 5543 Sodomitarum

2031 5591 2231 5645 scelera
2272 5596 2669 5658 perpetrarent,
2711 5600 2815 5639 non
2868 5584 3137 5652 perierunt
3179 5594 3237 5636 ut
3283 5578 3614 5640 Sodomitte;

2032 5682 2138 5737 imo
2178 5684 2357 5747 etiam,
2409 5681 2454 5736 si
2494 5679 2654 5749 duplo
2699 5677 2900 5745 majora
2954 5681 3325 5744 peccaverunt,
3366 5686 3463 5725 cur
3507 5686 3615 5723 non

2030 5777 2287 5833 devastati
2317 5787 2436 5829 sunt
2466 5785 2522 5828 ut
2551 5773 2660 5827 illi?

2100 5869 2154 5923 8.
2199 5870 2335 5923 Deus
2376 5869 2550 5935 itaque
2601 5882 2705 5918 non
2754 5864 2914 5917 modo
2962 5861 3175 5916 videbat
3218 5860 3485 5929 ingentem
3516 5855 3615 5911 Ju-

2036 5964 2272 6017 dacorum
2302 5958 2647 6028 impietatem,
2672 5953 2765 6012 scd
2794 5956 2953 6010 etiam
2980 5967 3119 6017 eam,
3146 5966 3263 6022 qua:
3295 5958 3412 6021 post
3441 5947 3615 6007 futura
