4102 6480
571 462 686 518 467

561 573 696 626 erat,
740 558 972 615 ﬁdelium
1017 556 1299 626 pietatem;
1346 547 1671 621 praevidchat
1713 539 2039 614 proditurum
2083 550 2151 590 ex

562 655 744 710 Jndzna
773 667 894 708 esse
925 658 1162 705 sanctam
1192 646 1472 715 Deiparam
1499 641 1756 710 virginem
1790 654 1803 691 :
1834 630 2157 705 praevidebat

563 750 788 804 chorum
836 743 1226 814 apostolorum,
1271 753 1476 794 necnon
1517 733 1731 789 ordines
1766 727 2155 788 confessornm,

560 850 615 897 ct
646 839 810 894 multa
841 813 1000 890 millia
1023 833 1328 889 Iudaeorum
1348 829 1437 899 qui
1456 823 1708 882 credituri
1735 828 1908 875 erant.
1934 813 2159 884 Quando

562 934 705 987 enim
730 929 972 984 ascendit
1000 925 1198 981 Paulus
1226 923 1278 978 in
1309 918 1606 977 Jerusalem
1627 957 1643 979 ,
1665 915 1846 969 dicunt
1885 911 1931 963 ei
1960 922 2160 975 coapo-

562 1025 685 1080 stoli
720 1041 733 1076 :
759 1021 934 1086 Vides,
960 1017 1125 1074 Paule
1157 1012 1346 1080 frater,
1371 1020 1488 1080 quot
1511 1008 1670 1062 millia
1699 1014 1817 1060 sunt
1849 997 2164 1052 Juda’orum

564 1117 653 1186 qui
692 1112 1010 1168 crediderunt
1058 1110 1196 1178 (Act.
1226 1103 1458 1172 21.20).
1508 1096 1817 1154 Prmvidens
1861 1092 2022 1161 igitur
2065 1101 2160 1142 eos

561 1209 650 1279 qui
682 1204 934 1260 credituri
965 1210 1140 1264 erant,
1169 1198 1408 1268 pepercit
1439 1191 1755 1250 incredulis;
1796 1202 1900 1241 non
1924 1186 2160 1252 ipsorum

568 1277 759 1370 gratia,
807 1295 900 1350 sed
943 1303 1157 1364 propter
1201 1290 1452 1349 fructum,
1495 1285 1582 1355 qui
1615 1298 1679 1337 ex
1713 1280 1818 1333 illis
1860 1277 2160 1331 nasciturus

563 1363 698 1446 erat.
728 1389 783 1444 ld
826 1363 1140 1444 testificatur
1167 1383 1329 1439 Isaias
1355 1400 1365 1434 :
1397 1380 1492 1433 «Et
1522 1376 1622 1430 nisi
1652 1372 1907 1427 Dominus
1927 1363 2159 1422 Sabaoth

568 1483 875 1552 reliquisset
904 1479 1059 1533 nobis
1089 1490 1295 1540 semen,
1327 1470 1479 1541 quasi
1507 1468 1737 1524 Sodoma
1761 1464 2067 1524 fuissemus,
2109 1465 2163 1511 et

566 1549 715 1646 quasi
757 1571 1055 1628 Gomorrha
1087 1569 1292 1624 similes
1319 1566 1439 1619 facli
1464 1575 1707 1619 essemus
1739 1576 1756 1607 ι
1817 1555 1967 1628 (Isai.
2081 1549 2158 1622 9).

570 1668 766 1721 \‘crum
816 1662 952 1718 forte
995 1675 1092 1715 nos
1131 1660 1276 1714 dicto
1326 1658 1431 1710 vim
1481 1653 1777 1709 intulimus.
1808 1646 1952 1703 etde
1974 1645 2072 1698 alia
2104 1658 2163 1697 re

567 1757 805 1830 loquitur
835 1754 1041 1810 Isaias?
1087 1755 1156 1807 At
1203 1749 1423 1804 Paulum
1464 1743 1610 1806 andi.
1641 1739 2023 1812 prophetarum
2053 1734 2160 1788 fra-

569 1829 706 1906 trem
736 1859 788 1905 ct
821 1850 1169 1917 interpretem
1196 1843 1460 1898 dicentem
1491 1857 1503 1888 :
1541 1856 1560 1890 ι
1589 1835 1823 1893 Fratres,
1877 1848 1983 1885 non
2039 1829 2160 1884 zeli-

568 1941 711 2012 quia:
768 1938 1062 1994 secundum
1107 1935 1420 1991 electionem
1470 1929 1656 1999 gratia:
1706 1926 1860 1979 facta:
1900 1930 2057 1979 sunt;
2108 1926 2165 1973 ut

566 2032 809 2103 reliquiae
837 2031 997 2084 salvae
1020 2037 1221 2084 essent.
1257 2025 1324 2079 Et
1352 2023 1488 2078 sicut
1514 2019 1647 2075 dixit
1683 2016 1861 2080 Isaias,
1906 2013 2016 2068 Nisi
2056 2012 2163 2065 Do-

567 2125 749 2181 minus
778 2121 1016 2178 Sabaoth
1050 2118 1352 2189 reliquisset
1381 2113 1536 2168 nobis
1564 2125 1773 2172 semen,
1811 2106 1960 2177 quasi
1989 2103 2161 2159 Sodo-

566 2231 656 2272 ma
705 2215 828 2269 facti
880 2227 1124 2269 essemus
1180 2229 1199 2262 ι
1259 2207 1434 2279 (Rom.
1469 2206 1554 2259 Μ.
1583 2203 1636 2257 5.
1666 2212 1712 2256 et
1740 2200 1796 2256 9.
1827 2197 1941 2268 29).
1973 2194 2164 2250 Omnia

565 2306 830 2377 siquidem
851 2300 1178 2374 praevidebat
1203 2300 1364 2364 Dens,
1384 2306 1439 2351 et
1469 2311 1575 2350 non
1608 2290 1827 2362 perinde
1855 2299 2016 2358 atque
2043 2300 2162 2347 nos,

566 2401 657 2471 qui
688 2409 931 2469 tempore
956 2397 1234 2458 docemur,
1279 2393 1359 2446 sic
1386 2391 1526 2444 Deus
1552 2402 1648 2457 per
1671 2381 2058 2452 experientiam
2085 2378 2166 2430 di-

565 2493 688 2549 scit.
720 2491 928 2545 Rursus
957 2489 1098 2552 dico,
1134 2495 1190 2541 ut
1216 2500 1359 2556 saepe
1387 2481 1519 2548 dixi,
1559 2478 1880 2534 smcuiorum
1920 2473 2054 2527 ﬁnes
2084 2471 2164 2524 vi-

565 2591 729 2647 debat
761 2605 775 2643 :
805 2587 1068 2643 Adamum
1100 2584 1232 2638 vidit
1277 2587 1606 2651 peccantem,
1648 2569 1975 2644 przevidebat
2002 2567 2165 2621 etiam

566 2697 664 2738 eos
691 2680 781 2752 qui
813 2695 882 2735 ex
917 2677 1010 2732 illo
1051 2674 1212 2730 futuri
1253 2679 1435 2727 essent
1470 2666 1623 2739 justi,
1654 2662 1870 2721 videbat
1916 2673 2038 2714 eum
2068 2656 2166 2727 eji-

566 2773 817 2830 ciendum
845 2787 912 2826 ex
954 2767 1201 2840 paradiso
1230 2783 1242 2819 :
1286 2777 1470 2817 verum
1500 2757 1829 2829 prawidebat
1857 2765 2076 2820 regnum
2117 2747 2167 2800 ei

567 2880 689 2921 esse
733 2838 998 2934 paratum.
1027 2857 1287 2927 Quodque
1315 2849 1630 2908 admirabile
1656 2857 1758 2907 est,
1792 2855 1917 2897 ante
1953 2838 2165 2910 paradi-

567 2970 687 3012 sum
716 2931 941 3023 regnum
975 2957 1217 3020 paratum
1244 2945 1360 2998 fuit.
1386 2941 1594 2997 Miraris
1621 2937 1763 3008 quod
1781 2934 1950 2989 Adam
1967 2931 2168 3000 ejectus

569 3048 732 3104 fuerit
774 3062 839 3101 ex
887 3041 1178 3114 paradiso?
1227 3039 1454 3102 Mirare,
1504 3033 1646 3103 quod
1689 3039 1816 3085 ante
1862 3026 2166 3098 paradisum

569 3152 812 3214 paratum
857 3140 954 3208 ipsi
1000 3138 1162 3192 fuerit
1192 3149 1414 3204 regnum
1441 3129 1719 3185 caelorum.
1751 3125 1840 3179 Ait
1869 3123 2123 3177 Servatur
2151 3135 2164 3171 :

582 3235 772 3295 Venite,
797 3233 1040 3286 benedicti
1094 3229 1269 3282 Patris
1313 3227 1407 3279 mei
1432 3267 1445 3287 ,
1479 3221 1730 3295 possidete
1769 3226 2004 3288 paratum
2032 3213 2169 3267 vobis

568 3341 780 3398 regnum
819 3340 851 3375 a
900 3322 1255 3376 constitutione
1296 3316 1473 3370 mundi
1525 3313 1735 3384 (Matth.
1766 3312 1856 3367 25.
1891 3309 2006 3378 54).

641 3420 831 3477 Contra
859 3417 1098 3470 Arianos.
1142 3409 1476 3481 Primogeniti
1505 3419 1552 3462 et
1583 3406 1827 3477 unigeniti
1861 3405 2166 3472 differentia.

567 3510 996 3567 —Erubescant
1039 3503 1305 3568 haeretici,
1351 3516 1474 3555 cum
1521 3498 1741 3551 audiunt
1785 3513 1848 3551 ea
1887 3512 2008 3566 qua:
2048 3511 2169 3550 san-

568 3607 670 3660 ctis
714 3612 894 3674 parata
944 3608 1086 3662 sunt,
1132 3605 1258 3650 ante
1300 3592 1738 3648 constitutionem
1771 3590 1979 3652 mundi,
2009 3598 2063 3644 et
2091 3588 2171 3643 di-

572 3704 720 3760 cunt,
765 3694 890 3747 Erat
925 3687 1210 3758 aliquando
1251 3701 1373 3739 cum
1406 3683 1574 3739 Filius
1613 3695 1719 3735 non
1770 3690 1934 3734 esset.
1980 3680 2172 3749 Specie

572 3797 778 3843 tantum
833 3779 1176 3851 Unigenitum
1233 3776 1591 3835 conﬁtentur,
1651 3771 1774 3842 quia
1835 3770 2170 3838 St-riptttram

571 3877 753 3934 delere
783 3889 888 3927 non
919 3877 1181 3940 possunt;
1226 3880 1410 3919 vocem
1455 3862 1774 3932 largiuntur,
1816 3869 1870 3915 et
1896 3875 2009 3914 rem
2045 3860 2172 3914 sub-

573 3968 810 4023 trahunt.
860 3963 916 4018 Si
958 3961 1255 4014 dixerimus
1309 3953 1639 4022 unigenitum
1693 3951 1886 4005 Filium
1918 3991 1932 4015 ,
1989 3951 2169 4004 statim

572 4062 758 4116 dicunt
790 4075 802 4111 :
836 4056 1103 4123 Scriptum
1135 4062 1216 4106 est
1242 4050 1423 4113 etiam,
1453 4046 1832 4115 Primogenitns
1862 4045 2014 4097 totius
2040 4043 2172 4098 orbis

572 4163 823 4206 terrarum
853 4146 989 4216 (Cof.
1028 4146 1079 4199 l.
1112 4143 1221 4212 15).
1260 4141 1402 4210 Ergo
1432 4136 1723 4192 secundum
1750 4135 2030 4189 lnereticos
2058 4133 2173 4188 hmo

573 4249 680 4301 duo
707 4246 846 4299 inter
873 4257 933 4297 se
961 4247 1217 4309 pugnant.
1241 4235 1372 4289 Nam
1399 4233 1442 4287 si
1477 4230 1880 4302 primogenitus,
1913 4245 2018 4282 non
2051 4227 2172 4282 uni-

573 4337 786 4409 genitus
812 4343 894 4387 est
928 4351 941 4387 :
973 4329 1358 4402 primogenitus
1379 4326 1544 4388 enim,
1596 4337 1716 4377 cum
1746 4321 1938 4375 fratres
1969 4319 2171 4373 habue-

577 4432 666 4493 rit,
703 4424 1087 4496 primogenitus
1115 4419 1312 4472 dicitur
1344 4435 1357 4469 :
1391 4415 1695 4484 unigenitus
1723 4428 1870 4475 vero,
1909 4411 1951 4464 si
1983 4409 2174 4464 fratres

581 4521 794 4582 habeat,
848 4515 957 4585 jam
1013 4509 1318 4578 unigenitus
1383 4521 1488 4558 non
1558 4504 1752 4557 dicitur
1804 4522 1817 4556 :
1875 4499 2175 4567 unigenitus

578 4613 778 4686 quippe
816 4619 900 4663 est
928 4607 971 4660 is
1011 4603 1099 4673 qui
1138 4617 1276 4656 unus
1316 4615 1379 4653 cx
1413 4598 1591 4665 aliquo
1625 4604 1781 4646 natus
1821 4602 1937 4654 est;
1986 4605 2174 4659 quem-

579 4683 867 4762 admodum
913 4710 966 4755 et
1005 4697 1283 4765 Scriptura
1331 4691 1652 4746 testificatur
1689 4685 2054 4740 Abrahamutn
2097 4683 2176 4737 al-

587 4800 810 4868 loquens
842 4812 855 4848 :
883 4793 1028 4848 Tolle
1055 4791 1220 4858 ﬁlium
1252 4799 1394 4839 tuum
1435 4780 1752 4852 unigenitum
1795 4776 1950 4847 (Gen.
1974 4776 2065 4830 22.
2093 4775 2172 4844 2).

585 4887 974 4958 I‘rimogenilns
1032 4883 1227 4936 dicitur
1277 4879 1353 4941 is,
1402 4876 1489 4946 qui
1555 4873 1750 4927 fratres
1803 4870 1999 4932 habet;
2057 4869 2178 4923 ideo

583 4983 727 5039 enim
777 4979 980 5049 primus
1007 4986 1107 5034 est.
1165 4971 1304 5042 quod
1354 4971 1498 5038 prior
1535 4975 1688 5018 natus
1733 4965 1818 5017 sit.
1867 4961 2179 5030 Unigenitus

584 5089 736 5139 vero,
785 5070 909 5125 ideo
949 5066 1142 5121 dicitur
1183 5062 1504 5132 unigenitus,
1552 5055 1694 5128 quod
1734 5055 1925 5109 fratres
1954 5069 2057 5108 non
2087 5051 2180 5106 ha-

587 5166 729 5221 heat.
751 5163 896 5216 Alias
922 5172 1130 5228 quoque
1156 5154 1460 5224 unigenitus
1490 5148 1703 5219 est,qui
1733 5147 1879 5202 solus
1909 5161 1973 5200 ex
2003 5145 2181 5213 aliquo

589 5265 749 5312 natus
776 5262 878 5317 est,
907 5267 1012 5304 non
1045 5249 1132 5319 qui
1164 5248 1309 5301 solus
1341 5244 1510 5297 factus
1537 5250 1637 5304 est,
1693 5249 1748 5293 ut
1776 5245 2042 5309 nuganlur
2072 5233 2180 5288 hae-

589 5349 764 5405 retici.
793 5345 1129 5414 unigeniius,
1163 5340 1285 5410 quia
1321 5340 1466 5391 solus
1497 5334 1615 5387 talis
1633 5333 1801 5386 factus
1826 5343 1925 5387 cst.
1961 5331 2101 5400 Ergo
2130 5337 2183 5382 ei

591 5443 736 5499 Elias
781 5439 1103 5509 unigenitus,
1137 5438 1257 5506 quia
1304 5433 1451 5485 solus
1494 5427 1648 5489 talis;
1696 5427 1836 5494 quod
1886 5442 2013 5481 sane
2059 5439 2182 5478 cum

592 5538 803 5594 ratione
851 5540 1068 5602 pugnat.
1103 5533 1172 5581 At
1201 5529 1250 5579 in
1283 5541 1434 5579 more
1455 5522 1747 5590 Scriptura:
1776 5529 1876 5580 est,
1910 5529 1967 5570 ut
1997 5519 2182 5585 unige-

593 5634 763 5685 nitum
791 5626 933 5682 dient.
961 5637 1105 5686 eum,
1138 5618 1226 5688 qui
1253 5619 1401 5670 solus
1425 5615 1493 5669 ab
1521 5614 1700 5682 aliquo
1728 5610 1938 5680 genitus
1968 5617 2068 5669 est,
2097 5621 2185 5660 se-

597 5721 829 5776 cundum
872 5718 1017 5788 prius
1064 5713 1485 5769 demonstratam
1530 5706 1678 5759 vocis
1723 5699 2185 5771 significationem.

597 5812 846 5876 Attende,
884 5823 1083 5880 qumso.
1116 5801 1530 5872 Primogenitus,
1555 5798 1598 5852 si
1631 5797 1817 5850 fratres
1841 5808 1941 5846 non
1975 5791 2186 5855 habeat,

598 5904 907 5976 unigenitus
945 5911 1049 5956 est.
1085 5899 1195 5969 Ego
1225 5911 1329 5953 non
1358 5905 1544 5954 unum,
1578 5904 1682 5943 non
1722 5888 1874 5951 duos,
1909 5899 2012 5940 non
2045 5893 2152 5938 tres
2173 5924 2187 5952 ,

2022 412 2394 472 SEVERIANI

3765 439 3880 494 468

2261 530 2355 586 sed
2400 528 2661 600 plurimos
2707 531 2918 600 reperio
2963 529 3372 601 pritnogcnitos.
3437 528 3572 586 Rem
3630 536 3863 586 novant!

2263 621 2606 692 Primogeniti
2638 622 2912 691 quomodo
2943 622 3163 692 plures?
3193 622 3366 678 Unum
3390 624 3533 678 enim
3558 638 3682 678 esse
3709 639 3872 693 opor-

2265 722 2360 767 tet.
2389 713 2708 768 Sermonem
2741 712 2995 782 produxi,
3026 714 3095 768 ob
3123 715 3238 769 illas
3269 730 3452 777 voces,
3481 716 3874 786 primogenitus

2265 817 2318 860 ct
2370 806 2676 874 unigenitus
2728 824 2738 860 :
2783 804 3160 860 difﬁcultatem
3188 823 3319 861 vero
3361 809 3656 864 solvamus.
3713 809 3870 873 Eum,

2257 897 2352 966 qui
2385 897 2586 964 primus
2626 896 2813 952 credat
2841 898 2892 951 in
2925 912 3020 952 sua
3047 907 3228 964 aetate,
3266 899 3405 954 Dens
3451 901 3874 970 primogenitum

2266 999 2441 1052 vocat,
2485 1004 2590 1042 non
2632 989 2774 1058 quod
2819 992 2889 1043 sit
2936 989 3140 1059 primus
3186 991 3324 1046 inter
3367 995 3498 1047 alios
3527 993 3737 1060 ﬁdeles,
3779 996 3875 1051 sed

2267 1079 2406 1149 quod
2461 1080 2512 1133 in
2564 1079 2677 1136 suis
2724 1083 3054 1150 temporibus
3107 1084 3254 1152 prius
3322 1087 3672 1153 apparuerit;
3721 1089 3878 1141 verbi

2266 1173 2470 1242 gratia,
2532 1174 2582 1227 in
2639 1174 2874 1246 {Egypto
2921 1186 3037 1230 erat
3085 1178 3350 1246 poyulus,
3405 1178 3532 1232 dicit
3589 1179 3730 1234 Deus
3782 1196 3880 1249 per

2268 1265 2499 1337 Moyscm
2539 1286 2551 1320 :
2584 1267 2753 1322 Filius
2798 1271 3162 1340 printogenitus
3190 1287 3327 1324 meus
3357 1269 3545 1325 Israel.
3596 1271 3716 1326 Dixi
3749 1289 3766 1326 :
3797 1274 3880 1326 di-

2269 1360 2408 1411 mitte
2456 1360 2580 1412 milti
2629 1363 2877 1431 populant
2919 1380 3086 1417 meum
3129 1362 3326 1435 (Exod.
3360 1365 3413 1418 6.
3444 1363 3537 1418 22.
3570 1365 3687 1433 25).
3737 1365 3880 1420 Ecce

2269 1452 2522 1522 pupulum
2578 1455 2990 1525 primogenitum
3040 1474 3052 1509 :
3107 1457 3230 1525 quia
3279 1457 3372 1512 illo
3424 1468 3670 1526 tempore
3725 1460 3879 1528 prior

2267 1553 2385 1598 erat
2438 1547 2704 1614 populus,
2761 1549 2851 1618 qui
2902 1549 3068 1603 Deum
3111 1559 3358 1604 noverat.
3410 1549 3645 1604 Emersit
3694 1563 3880 1618 postea

2270 1635 2458 1701 David,
2490 1647 2610 1708 post
2635 1638 2828 1709 legem,
2863 1648 2986 1710 post
3021 1639 3218 1694 multas
3248 1649 3454 1705 aetates,
3487 1657 3550 1695 ac
3586 1642 3880 1711 pollicetur

2272 1725 2321 1780 ei
2358 1726 2518 1791 Deus,
2551 1744 2616 1782 ex
2649 1729 2853 1784 semine
2882 1730 2999 1799 ejus
3025 1730 3300 1785 Christum
3348 1732 3612 1784 oriturum
3656 1747 3800 1793 esse.
3829 1745 3882 1786 et

2269 1819 2347 1873 sic
2390 1820 2464 1874 ait
2509 1838 2522 1873 :
2567 1820 2744 1876 Inveni
2773 1821 2938 1877 David
2966 1839 3164 1877 servum
3192 1840 3380 1888 meum,
3418 1825 3528 1876 oleo
3558 1835 3732 1878 sancto
3756 1826 3885 1878 ωκεὶ

2269 1927 2402 1965 eum.
2429 1910 2551 1980 Ipse
2576 1914 2826 1968 invocabit
2873 1932 2974 1982 me,
3023 1927 3167 1986 pater
3191 1933 3330 1970 meus
3371 1932 3439 1970 es.
3470 1915 3538 1970 Et
3573 1933 3663 1986 ego
3691 1919 3887 1987 primo-

2270 2006 2494 2075 genitum
2521 2023 2708 2076 ponam
2739 2008 2885 2063 illum
2929 2008 3100 2080 (Psal.
3132 2010 3221 2066 88.
3252 2010 3342 2065 2i.
3376 2010 3466 2064 27.
3498 2011 3618 2080 28).
3657 2012 3812 2079 Quod
3839 2013 3882 2065 si

2273 2098 2658 2168 primogenitus
2684 2099 2755 2155 sit
2777 2101 2962 2168 David,
2998 2101 3385 2173 primogenitus
3414 2119 3629 2173 quoque
3653 2108 3886 2173 pepulus

2271 2197 2374 2242 est.
2431 2189 2599 2244 Adam
2647 2193 3036 2262 primogenitus
3085 2194 3136 2248 in
3182 2195 3534 2264 generatione
3575 2210 3694 2256 sua.
3745 2195 3882 2259 Noe,

2271 2278 2395 2333 Sem
2424 2282 2786 2351 primogeniti,
2817 2286 3090 2340 Abraham
3121 2287 3515 2357 primogenitus
3555 2289 3607 2341 in
3650 2303 3883 2357 genera-

2275 2372 2418 2428 tione
2448 2390 2567 2434 sua.
2599 2375 2830 2446 Moyses,
2864 2378 3048 2442 Isaias,
3097 2379 3221 2449 quia
3264 2380 3377 2433 suis
3408 2383 3740 2450 temporibus
3772 2385 3886 2452 pie-

2276 2469 2368 2520 tati
2396 2482 2456 2523 se
2482 2468 2824 2524 dediderunt.
2875 2472 2951 2525 Ex
3000 2471 3084 2527 his
3133 2474 3314 2527 multis
3349 2474 3720 2543 printogrnitis
3754 2490 3887 2528 con-

2271 2569 2484 2630 gregata
2525 2573 2609 2614 est
2639 2561 2879 2618 Ecclesia
2911 2578 3124 2633 magna,
3157 2579 3276 2634 qua:
3303 2574 3385 2620 est
3416 2565 3468 2619 in
3513 2566 3666 2618 cmlo.
3708 2565 3885 2618 Testi-

2273 2656 2463 2707 ficatur
2492 2653 2687 2708 Paulus
2718 2671 2731 2707 :
2771 2673 2790 2706 ‹
2815 2656 3135 2711 Accessistis
3177 2656 3244 2712 ad
3271 2655 3398 2712 Sion
3423 2667 3685 2721 montem,
3732 2666 3789 2712 et
3816 2657 3883 2712 ad

2274 2747 2542 2800 civitatem
2585 2747 2677 2800 Dei
2723 2747 2948 2801 viventis
2995 2748 3326 2814 Jerusalem,
3381 2757 3436 2802 et
3479 2750 3545 2802 ad
3593 2748 3884 2803 multorum

2277 2838 2504 2890 millium
2548 2839 2861 2907 angelorum
2895 2837 3290 2908 frequentiam,
3335 2854 3389 2895 et
3430 2841 3726 2894 Ecclesiam
3776 2843 3886 2910 pri-

2275 2929 2602 2994 mitivorum,
2649 2934 2738 3001 qtti
2765 2932 3053 3001 conscripti
3084 2942 3209 2987 sunt
3234 2935 3284 2986 in
3313 2934 3455 2988 czelis
3486 2953 3503 2985 ι
3561 2932 3746 3000 (Hebr.
3791 2935 3883 2989 l2.

2274 3020 2390 3089 22).
2466 3023 2948 3092 Primogcnitorum
2997 3026 3206 3080 illorqu
3261 3040 3397 3080 unus
3447 3036 3532 3080 est
3584 3026 3883 3081 secundmn

2274 3131 2491 3171 carnem
2536 3116 2802 3184 Christus,
2832 3119 3128 3174 secundum
3168 3119 3500 3174 divinitatem
3533 3119 3881 3188 Unigenitus.

2275 3212 2408 3279 Quia
2457 3213 2601 3266 enim
2646 3227 2742 3268 eos
2777 3214 2866 3283 qui
2912 3227 3007 3282 per
3053 3215 3290 3283 singulas
3321 3223 3507 3266 aetates
3534 3213 3886 3281 profecerunt

2274 3307 2518 3369 assumit,
2564 3322 2689 3361 cum
2726 3307 2976 3362 omnibus
3003 3317 3055 3362 et
3092 3307 3205 3376 ipse
3235 3305 3620 3375 primogenitus
3662 3304 3882 3358 dicitur.

2278 3399 2404 3453 Ideo
2447 3401 2522 3453 ait
2571 3400 2769 3454 Paulus
2819 3419 2831 3453 :
2891 3400 3274 3472 Primogenitus
3317 3401 3371 3452 in
3418 3399 3589 3451 multis
3637 3399 3884 3466 fratribus

2278 3489 2656 3561 (Rom.8.29).
2690 3491 2884 3546 Verum
2923 3491 2991 3547 de
3020 3492 3236 3546 homine
3265 3491 3430 3544 multa
3461 3489 3564 3543 dici
3598 3498 3881 3559 poterant:

2277 3591 2523 3636 servatur
2549 3592 2730 3636 autem
2757 3583 3028 3638 enarratio
3060 3584 3112 3637 in
3139 3583 3284 3636 diem
3304 3593 3509 3636 sextam
3539 3592 3882 3652 sequentem,

2279 3675 2333 3728 in
2371 3691 2476 3744 qua
2518 3674 2783 3730 formatus
2827 3686 2931 3742 est,
2977 3685 3053 3740 ut,
3093 3685 3418 3746 cooperante
3457 3675 3634 3730 divina
3665 3677 3839 3746 gratia
3866 3717 3882 3739 ,

2279 3766 2497 3831 clarior,
2529 3782 2626 3836 pro
2654 3769 2794 3822 virili
2824 3777 3031 3834 nostra,
3073 3769 3246 3822 oratio
3277 3767 3497 3830 evadat;
3547 3781 3652 3820 non
3701 3782 3765 3820 ex
3821 3768 3887 3821 iis

2278 3872 2397 3926 qua:
2423 3858 2672 3928 cogitatio
2704 3870 2884 3913 nostra
2913 3858 3292 3930 suppeditabit,
3331 3860 3427 3912 sed
3457 3874 3521 3912 ex
3562 3859 3626 3911 iis
3651 3874 3769 3927 qu:e
3799 3859 3887 3912 di-

2278 3946 2522 4004 dicimus.
2574 3949 2888 4004 Communis
2916 3952 3111 4020 quippe
3141 3949 3260 4004 fons
3285 3959 3402 4011 est;
3430 3950 3736 4002 communia
3763 3963 3886 4002 oin-

2280 4039 2365 4092 nia
2405 4042 2677 4109 proposita
2721 4041 2885 4106 dona,
2927 4041 2972 4094 si
3016 4041 3177 4094 modo
3210 4055 3306 4095 nos
3333 4040 3560 4094 velimus
3586 4053 3706 4093 cum
3734 4040 3885 4094 omni

2279 4135 2556 4189 alacritate
2582 4131 2817 4187 studium
2849 4133 3128 4187 adhibere.
3178 4131 3497 4187 Sermonem
3539 4141 3722 4185 autem
3761 4145 3885 4186 vcr-

2282 4238 2454 4280 tamns
2480 4226 2547 4280 ad
2575 4242 2783 4280 morum
2817 4227 3224 4282 institutionem.

2352 4319 2404 4374 9.
2448 4318 2573 4373 lleri
2608 4319 2941 4373 ostendimus
2972 4318 3242 4388 quomodo
3283 4330 3405 4372 esse
3432 4315 3626 4369 debeat
3654 4316 3886 4370 elevatio

2281 4429 2534 4468 manuum
2565 4415 2746 4484 pietati
2772 4413 3069 4466 fidentium.
3093 4411 3192 4477 Qui
3220 4410 3310 4463 dat
3332 4406 3675 4478 pauperibus,
3701 4407 3844 4461 dicat
3869 4426 3881 4460 :

2282 4506 2510 4560 Elevatio
2536 4522 2779 4558 manuum
2813 4519 3040 4558 mearum
3067 4501 3242 4572 (Psal.
3274 4501 3396 4556 140.
3428 4499 3508 4568 2).
3541 4499 3642 4566 Qui
3675 4499 3885 4568 lapsum

2283 4599 2457 4667 erigit,
2503 4598 2664 4657 dicat,
2712 4596 2939 4650 Elevatio
2983 4611 3225 4647 manuum
3266 4608 3512 4645 mearum.
3565 4590 3886 4657 Quteramns

2285 4689 2479 4744 Psalmi
2507 4688 2840 4757 promtnium,
2869 4685 3298 4756 quandoquidem
3323 4697 3418 4752 par
3437 4690 3520 4736 est
3537 4696 3598 4735 ea
3626 4695 3726 4735 nos
3746 4682 3886 4735 scire

2283 4796 2402 4850 quae
2433 4781 2725 4850 psallimus.
2757 4777 2866 4832 Cur
2891 4777 3139 4840 dicimus,
3159 4774 3429 4843 Dirigatur
3458 4772 3621 4825 oratio
3651 4787 3761 4823 mea
3787 4771 3887 4824 sic-

2285 4884 2336 4925 ut
2382 4874 2635 4925 incensum
2674 4870 2725 4923 in
2770 4877 3041 4938 conspectu
3085 4866 3214 4919 tuo?
3256 4863 3372 4918 Non
3412 4863 3554 4917 enim
3603 4862 3884 4916 incensum

2283 4981 2443 5023 omne
2470 4979 2575 5018 non
2603 4962 2883 5030 dirigitur:
2922 4960 3062 5014 Deus
3103 4957 3302 5028 quippe
3333 4963 3728 5025 unguentorum
3772 4951 3886 5004 fra-

2285 5057 2491 5127 grantia
2533 5071 2636 5107 non
2677 5053 2994 5106 delectatur.
3027 5048 3163 5116 Quid
3197 5047 3356 5118 igitur
3384 5055 3465 5101 est
3493 5046 3646 5109 illud,
3676 5043 3889 5113 Dirigu-

2289 5159 2370 5202 tur
2399 5149 2560 5203 oratio
2584 5145 2732 5198 mea?
2761 5141 3033 5197 Articulus
3052 5140 3226 5202 deest,
3259 5140 3330 5193 ita
3360 5147 3418 5192 ut
3443 5150 3636 5192 sensus
3662 5135 3788 5188 dicti
3817 5137 3890 5188 sit

2288 5242 2409 5297 talis
2449 5262 2461 5297 :
2495 5238 2759 5308 Dirigatur
2775 5235 2936 5287 oratio
2958 5249 3068 5286 mea
3099 5232 3228 5285 sicut
3260 5233 3518 5283 incensum
3544 5229 3596 5280 in
3614 5238 3888 5294 conspectu

2290 5344 2397 5389 tuo.
2429 5332 2595 5401 Quale
2625 5327 2939 5384 incensum?
2970 5326 3081 5380 Duo
3111 5324 3296 5380 erant‘
3325 5322 3507 5376 altaria
3537 5320 3588 5374 in
3633 5318 3888 5372 taberna-

2356 5451 2372 5479 ί
2411 5445 2533 5496 Illud
2558 5445 2832 5494 membrum
2870 5440 3091 5502 phrasis,
3120 5433 3362 5502 Ar‘tt'cyl‘us
3387 5434 3617 5502 deest..."
3743 5427 3886 5502 talis,

2290 5524 2386 5560 non
2411 5491 2664 5570 legitur—in
2691 5504 2828 5570 savii.
2857 5491 2954 5570 nec.
2983 5503 3031 5549 ia
3057 5491 3343 5568 Combeﬁsio
3364 5536 3377 5551 ,
3401 5492 3692 5570 quihabcnt
3709 5504 3729 5570 με
3753 5491 3892 5570 Piri.

2290 5559 2434 5646 ratur
2780 5566 2903 5646 δίσειι
2938 5559 3890 5646 assemsaansaan.me:

2291 5614 2598 5686 3,1255%"?
2615 5614 2874 5680 baberent
2894 5667 2906 5683 .
2937 5634 3034 5676 etc.
3061 5634 3239 5674 Sensus
3265 5631 3356 5677 est,
3384 5614 3432 5665 ni
3455 5614 3891 5686 fallor_,_articulunt

2293 5677 2592 5755 33137;...
2613 5677 2795 5741 deesse
2814 5727 2827 5749 ,
2852 5677 2906 5739 ut
2931 5689 3167 5755 indicetur
3192 5687 3454 5755 incensum
3464 5677 3891 5755 quodat-imperii.

2296 5759 2442 5812 liare,
2468 5746 2597 5819 quod
2641 5757 2668 5814 ii
2688 5767 2756 5819 se
2783 5746 2948 5819 pbstea
2992 5749 3182 5818 indicat.
3218 5746 3583 5819 Verum-etiam.
3609 5749 3895 5819 st-emsenans

2296 5799 2830 5873 ὲιθιῖιιίέέιῐζὶτῖίὸιὶιιῖέ
2845 5799 2975 5863 enim
3001 5803 3435 5873 potiuspeculiare
3468 5799 3716 5873 quidpiam
3760 5799 3889 5850 indi-

2293 5866 2590 5934 caretivttem
2616 5893 2712 5928 non
2737 5878 2902 5938 majori
2929 5866 3283 5936 perquisitiune
3305 5866 3498 5927 dignam
3525 5866 3781 5911 mittimus-
