4158 6512
252 469 371 527 467

284 575 590 648 μελλόντων
627 572 923 627 πιστεύειν.
954 572 1029 627 Οὐ
1066 571 1175 644 γάρ
1208 571 1441 641 ἀνῆλθεν
1479 574 1506 625 6
1535 569 1743 632 Παῦλος
1788 566 1869 627 είς

293 659 685 731 Ἰερουσαλὴμ,
738 658 988 725 λέγουσιν
1041 658 1090 709 οἱ
1140 655 1562 710 συναπόστυλοι’
1604 651 1869 720 Θεωρεῖς,

281 742 512 810 ἀδελφέ
546 739 765 803 Παῦλε,
796 740 980 792 πόσαι
1010 739 1296 807 μυριάδες
1324 740 1442 792 εἰσὶ
1472 737 1590 791 τῶν
1628 750 1874 789 matav-

282 826 526 879 σάντων
564 822 890 876 Ἰουδαίων.
922 822 1163 891 Προῖδὼν
1201 817 1295 876 οὖν
1332 822 1459 884 τοὺς
1498 819 1872 879 πιστεύοντας,

282 910 539 977 ἐφείσατο
571 904 680 958 τῶν
716 906 1161 974 ἀπιστησάντων⁸
1208 905 1269 957 ού
1305 904 1371 957 δι’
1418 904 1696 968 ἐκείνους,
1738 899 1876 955 ἀλλά

280 992 370 1045 διὰ
408 990 558 1063 [476]
584 987 675 1041 τὸν
703 987 761 1053 ἐξ
803 987 984 1040 αὐτῶν
1016 988 1278 1057 μέλλοντα
1310 987 1592 1041 τίκτεσθαι
1641 985 1871 1057 καρπόν.

282 1075 391 1127 Καὶ
429 1073 696 1143 μαρτυρεί
730 1071 955 1131 Ἡσαΐας
976 1086 990 1099 ·
1024 1070 1134 1123 Καὶ
1167 1073 1219 1123 εἰ
1258 1068 1345 1139 μὴ
1389 1071 1606 1137 Κύριος
1634 1068 1877 1123 Σαϐαὼθ

278 1157 671 1229 ἐγκατέλιπεν
707 1155 853 1224 ἡμῖν
881 1153 1139 1223 σπέρμα,
1167 1155 1247 1219 ὡς
1286 1153 1521 1222 Σόδομα
1555 1152 1632 1207 ἂν
1667 1154 1876 1221 ἐγενή-

280 1247 493 1311 θημεν,
544 1239 643 1292 καὶ
691 1239 771 1303 ὡς
824 1237 1102 1306 Γόμορρα
1149 1236 1226 1291 ἂν
1277 1236 1680 1306 ὡμοιώθημεν.
1736 1234 1875 1287 Ἀλλ’

282 1322 396 1396 ἆρα
434 1323 506 1394 μὴ
538 1324 696 1393 ἡμεῖς
740 1319 1079 1389 ὲδιασάμεθα
1110 1319 1172 1372 τὸ
1209 1319 1382 1389 ῥῆμα,
1422 1319 1516 1371 καὶ
1548 1318 1675 1389 περὶ
1716 1316 1875 1370 ἄλλου

283 1405 441 1461 εἷπεν
479 1406 732 1467 ’Πσαῖας;
782 1402 921 1455 Ἀλλ’
963 1403 1128 1456 ἄκουε
1176 1403 1347 1455 ταῦτα
1401 1400 1609 1455 Παύλου
1641 1400 1735 1453 τοῦ
1769 1399 1877 1453 τῶν

283 1489 579 1562 προφητῶν
618 1486 847 1554 ἀδελφοῦ
891 1487 984 1539 καὶ
1023 1486 1311 1556 ἑρμηνέως
1367 1485 1646 1552 λέγοντος’
1689 1482 1880 1537 Ἀδελ·

280 1576 407 1644 φοὶ,
444 1574 562 1627 νῦν
602 1570 821 1640 λεῖμμα
848 1571 975 1622 κατ’
1006 1567 1273 1638 ἐκλογὴν
1308 1569 1551 1638 χάριτος
1606 1565 1875 1636 γέγονεν,

285 1660 390 1711 ἵνα
447 1653 613 1722 σωθῇ
682 1652 748 1706 τὸ
814 1650 1207 1721 κατάλειμμα.
1273 1651 1383 1705 Καὶ
1456 1650 1653 1714 καθὼς
1711 1645 1880 1704 εἶπεν

293 1742 561 1806 Ἡσαΐας⁶
593 1741 661 1792 El
686 1736 775 1807 μὴ
804 1737 1019 1805 Κύριος
1045 1736 1289 1790 Σαϐαὼθ
1314 1734 1710 1804 ἐγκατέλιπεν
1735 1732 1881 1803 ἡμῖν

280 1823 540 1891 σπέρμα,
574 1822 651 1887 ὡς
683 1819 919 1889 Σόδομα
958 1818 1036 1873 ἂν
1072 1818 1461 1888 ἐγενήθημεν.
1493 1818 1743 1871 ’Ἃπαντα
1771 1816 1881 1889 γὰρ

282 1907 529 1979 προεῖδεν
566 1906 594 1956 6
638 1903 790 1965 Θεὸς,
826 1902 920 1955 καὶ
954 1902 1053 1972 ούχ
1099 1902 1175 1965 ὼς
1215 1904 1376 1973 ἡμεῖς
1410 1901 1587 1973 χρόνῳ
1633 1900 1881 1953 διδασκό-

286 1991 431 2062 μεθα
458 1990 524 2042 τὰ
555 1988 879 2060 πράγματα,
902 1984 1047 2038 οῦτοι)
1088 1987 1181 2039 καὶ
1214 1988 1241 2039 6
1274 1986 1407 2049 Θεὸς
1436 1985 1524 2038 διὰ
1552 1986 1651 2056 τῆς
1686 1984 1881 2056 πείρας

284 2074 573 2145 μανθάνει.
618 2070 807 2133 Πάλιν,
854 2069 928 2131 ὼς
962 2068 1223 2133 πολλάκις
1262 2064 1435 2133 εἶπον,
1481 2068 1551 2120 τά
1598 2068 1727 2138 τέλη
1773 2067 1882 2119 τῶν

281 2157 497 2211 αἰώνων
525 2154 780 2207 ἔϐλεπεν
813 2152 903 2205 τὸν
940 2153 1113 2222 Ἀδὰμ
1145 2147 1286 2205 εἶδεν
1318 2153 1723 2222 ἁμαρτάνοντα,
1756 2166 1886 2218 προ-

282 2241 435 2312 εώρα
482 2239 577 2293 καὶ
623 2239 749 2301 τοὺς
783 2236 839 2303 ἐξ
880 2236 1047 2289 αὑτοῦ
1088 2236 1380 2307 μέλλοντας
1426 2234 1692 2301 δικαίους,
1728 2234 1881 2287 ἔϐλε-

282 2342 387 2379 πεν
422 2339 444 2362 ⁸
494 2322 657 2376 αὑτὸν
720 2320 1115 2391 ὲκὸαλλόμενον
1176 2318 1271 2372 τοῦ
1330 2318 1699 2392 παραδείσου’
1745 2317 1882 2372 ἀλλά

284 2406 572 2477 προεώρα,
600 2406 680 2459 ὃτι
706 2404 1035 2475 ἡτοίμασται
1065 2402 1215 2473 αύτῷ
1250 2401 1542 2473 βασίλειον.
1570 2402 1644 2455 Τὸ
1670 2401 1727 2455 δὲ
1761 2400 1884 2456 θαυ-

289 2491 516 2559 μαστὸν,
550 2487 658 2558 πρὸ
705 2486 799 2539 τοῦ
852 2486 1184 2557 παραδείσου
1237 2487 1270 2556 ή
1325 2484 1574 2555 βασιλεία
1640 2484 1877 2551 ἐγένετο·

283 2571 603 2637 Θαυμάζεις
629 2570 712 2622 ότι
742 2568 915 2639 Ἀδὰμ
941 2568 1204 2639 ὲξεὸλήθη
1235 2567 1330 2621 τοῦ
1360 2567 1719 2639 παραδείσους
1752 2566 1886 2621 Θαύ-

289 2673 462 2727 μασον
492 2656 571 2707 ὅτι
606 2655 711 2723 πρὸ
741 2653 835 2707 τοῦ
870 2648 1206 2724 παραδείσου
1241 2654 1273 2723 ἡ
1311 2652 1559 2722 βασιλεία
1588 2651 1697 2705 τῶν
1722 2652 1886 2721 ούρα-

287 2739 396 2791 νῶν
434 2736 582 2808 αύτῷ
618 2735 933 2807 ἡτοίμαστο.
964 2734 1127 2803 Λέγει
1157 2736 1184 2787 6
1219 2736 1430 2806 Σωτήρ·
1468 2733 1667 2797 Δεῦτε,
1698 2736 1752 2788 οἱ
1788 2736 1886 2787 εὐ-

285 2821 609 2892 λογημένοι
655 2820 760 2873 τοῦ
796 2820 1028 2887 Πατρός
1054 2836 1195 2888 μου,
1238 2818 1737 2888 κληρονομήσατε
1772 2818 1886 2884 τὴν

286 2904 741 2976 ἡτοιμασμένην
793 2903 937 2974 ὑμῖν
986 2902 1316 2968 ,ϐασιλείαν
1374 2903 1494 2956 ἀπὸ
1546 2902 1887 2971 καταϐολῆς

288 2995 527 3060 κόσμου
538 3031 549 3043 .

364 3130 823 3203 Αἰσχυνθήτωσαν
863 3129 1152 3199 αἱρετικοὶ,
1188 3130 1256 3183 τά
1304 3128 1735 3201 ἡτοιμασμέναδ
1775 3129 1887 3188 τοῖς

290 3219 470 3286 ἁγίοις
510 3217 615 3287 πρὸ
660 3214 963 3285 καταϐολῆς
995 3216 1225 3285 κόσμου,
1272 3216 1364 3267 καὶ
1404 3217 1432 3265 6
1470 3214 1593 3276 Υἱὸς
1640 3208 1706 3281 ἦν
1756 3228 1885 3263 ποτε

287 3303 377 3354 ὅτε
411 3300 509 3352 οὐκ
539 3295 625 3367 ἦν.
673 3300 923 3367 Σχήματι
970 3296 1293 3366 ὁμολογοῦσι
1350 3298 1650 3365 Μονογενῆ,
1700 3292 1886 3363 ἐπειδὴ

289 3382 587 3450 ἀπαλεῖψαι
622 3380 683 3433 τὸ
734 3382 969 3451 γράμμα
1014 3380 1073 3432 οὐ
1112 3379 1404 3433 δύνανται·
1452 3380 1513 3430 τὸ
1548 3379 1697 3449 ῥῆμα
1727 3378 1885 3447 χαρί-

290 3466 508 3530 ζονται,
556 3464 650 3517 καὶ
681 3463 741 3515 τὸ
787 3464 1019 3531 πρᾶγμα
1069 3462 1415 3515 κλέπτουσιν.
1470 3463 1596 3514 Ἐάν
1646 3460 1886 3529 εἴπωμεν

294 3548 560 3619 μονογενῆ
616 3547 771 3607 Υίὸν,
820 3546 1026 3607 εὐθέως
1074 3543 1331 3611 λέγουσι·
1384 3545 1701 3614 Γέγραπται
1756 3542 1884 3606 καὶ,

290 3631 673 3699 Πρωτότοκος
703 3627 907 3695 πάσης
948 3627 1058 3695 τῆς
1095 3627 1471 3697 οἰκουμένης.
1505 3626 1711 3680 Οὐκοῦν
1748 3625 1887 3678 κατά

292 3715 419 3777 τοὺς
466 3714 777 3785 αἱρετικοὺς
812 3713 879 3765 τὰ
913 3711 1006 3764 δύο
1044 3711 1296 3782 μάχεται.
1349 3713 1410 3763 Et
1464 3710 1574 3781 γὰρ
1607 3708 1886 3780 πρωτότο-

292 3815 419 3861 κος,
454 3797 515 3848 ού
555 3796 878 3865 μονογενής·
915 3795 943 3847 6
983 3793 1090 3866 γάρ
1143 3794 1521 3865 πρωτότοκος,
1564 3794 1693 3845 ὅταν
1735 3791 1888 3844 ἀδελ-

294 3882 429 3949 φοὺς
482 3879 616 3949 ἔχῃ,
672 3877 1020 3947 πρωτότοκος
1063 3877 1318 3944 λέγεται·
1365 3879 1393 3929 6
1434 3876 1491 3929 δὲ
1554 3873 1883 3945 μονογενὴς,

294 3963 391 4016 ἐὰν
436 3960 697 4027 ἀδελφοὺς
743 3960 877 4029 ἔχῃ,
930 3958 1222 4028 μονογενὴς
1269 3959 1329 4010 ού
1362 3959 1614 4025 λέγεται’
1663 3974 1886 4027 μονογε-

296 4046 392 4114 νὴς
424 4045 529 4115 γάρ
579 4046 726 4096 ὲστιν
757 4045 785 4095 6
826 4042 988 4110 μόνος
1037 4040 1099 4094 ἐκ
1148 4059 1292 4105 τινος
1344 4041 1622 4110 γεννηθείς
1648 4059 1659 4070 θ
1704 4039 1885 4101 καθὼς

298 4128 394 4181 καὶ
454 4128 487 4196 ἡ
542 4124 733 4196 Γραφὴ
802 4127 1071 4196 μαρτυρεῖ
1128 4125 1263 4197 πρὸς
1323 4126 1414 4176 τὸν
1489 4123 1739 4195 ’Λόραὰμ
1796 4122 1886 4175 λέ-

297 4224 505 4278 γουσα’
539 4208 693 4263 Λάϐε
734 4208 842 4261 τὸν
882 4210 1016 4262 υίόν
1049 4224 1166 4262 σου
1217 4209 1325 4261 τὸν
1367 4205 1687 4275 μονογενῆ.
1731 4208 1889 4277 Πρω-

295 4295 515 4356 τότοκος
542 4292 757 4360 λέγεται
786 4292 814 4345 6
846 4291 1109 4359 ἀδελφοὺς
1148 4290 1315 4360 ἔχων·
1364 4289 1635 4362 πρωτεύει
1669 4288 1775 4359 γὰρ
1810 4287 1888 4357 τῷ

299 4378 549 4445 γενέσθαι
607 4375 845 4446 πρῶτος.
900 4376 960 4427 ’0
1010 4374 1067 4426 δὲ
1124 4374 1417 4443 μονογενὴς
1472 4374 1552 4442 τῷ
1608 4372 1683 4442 μὴ
1743 4372 1888 4442 ἔχειν

297 4460 561 4528 ἀδελφοὺς
618 4458 837 4526 λέγεται
887 4458 1203 4527 μονογενής.
1260 4458 1371 4509 Καὶ
1426 4456 1631 4526 ἑτέρως
1677 4455 1734 4508 δὲ
1788 4473 1888 4525 μο-

299 4544 522 4611 νογενής
568 4544 735 4607 ἐστιν,
771 4541 800 4593 6
833 4540 1128 4611 μονογενὴς
1167 4538 1228 4591 ἔκ
1260 4556 1402 4602 τινος
1446 4539 1748 4610 γεννηθεὶς,
1791 4539 1888 4608 ούχ

298 4628 326 4677 ό
356 4626 514 4695 μόνος
551 4624 877 4692 γενόμενος,
912 4624 986 4685 ὡς
1019 4622 1435 4694 ῥᾳδιουργοῦσιν
1464 4623 1751 4694 αἱρετικοί.
1776 4623 1889 4675 Μο-

300 4711 545 4781 νογενὴς,
587 4711 671 4763 ὅτι
719 4711 877 4780 μόνος
922 4711 1137 4778 ἐγένετο
1175 4709 1437 4772 τοιοῦτος.
1486 4709 1695 4764 Οὐκοῦν
1736 4710 1830 4762 καὶ
1859 4708 1889 4760 6

312 4800 497 4863 ’Πλίας
528 4800 844 4870 μονογενὴς,
875 4799 955 4851 ὃτι
990 4799 1153 4869 μόνος
1183 4800 1424 4863 τοιοῦτος
1447 4814 1458 4827 ⁸
1486 4800 1623 4869 ὅπερ
1650 4798 1749 4852 ούκ
1776 4798 1887 4868 ἔχει

298 4889 475 4955 λόγον.
522 4885 682 4940 ’Λλλά
732 4886 995 4956 μονογενῆ
1049 4887 1169 4949 ἔθος
1223 4887 1407 4955 λέγειν
1455 4889 1521 4956 τῇ
1558 4887 1750 4959 Γραφῇ
1795 4885 1889 4937 τὸν

302 4977 463 5047 μόνον
488 4974 550 5027 ἔκ
587 4992 731 5037 τινος
766 4974 1114 5045 γεννηθέντα,
1146 4974 1287 5027 κατὰ
1314 4974 1412 5045 τὴν
1451 4972 1885 5043 προπαρατεθεῖ-

300 5082 400 5118 σαν
442 5063 713 5126 ἀπόδειξιν
739 5063 815 5134 τῷ
846 5064 1072 5134 ῥήματι.
1108 5062 1371 5133 Πρόσεχε.
1411 5061 1471 5117 Ὀ
1518 5062 1884 5133 πρωτότοκος,

298 5154 396 5207 ἐὰν
436 5150 699 5217 ἀδελφοὺς
737 5152 811 5220 μὴ
846 5151 973 5221 ἔχῃ,
1028 5150 1321 5219 μονογενής
1371 5150 1539 5201 ἐστιν.
1602 5148 1743 5216 Ἐγὼ
1789 5149 1887 5218 οὐχ

300 5242 420 5306 ἱνα,
449 5239 509 5291 οὐ
539 5238 651 5301 δύο,
681 5240 739 5290 οὐ
769 5243 937 5309 τρεῖς,
966 5239 1099 5291 ἀλλά
1129 5238 1356 5299 πολλοὺς
1385 5236 1769 5310 πρωτοτόκους
1794 5238 1888 5290 εύ-

302 5331 497 5401 ρίσκω.
539 5325 699 5379 Ξένον
740 5328 991 5396 πρᾶγμα.
1026 5327 1364 5397 Πρωτότοκοι
1395 5325 1510 5390 πῶς
1548 5325 1764 5388 πολλοί;
1793 5320 1890 5388 Εἷς

298 5417 409 5485 γάρ
442 5414 645 5483 ὀφείλει
686 5408 846 5465 εἶναι.
895 5412 1163 5479 Ἐξέτεινα
1192 5413 1281 5466 τὸν
1315 5412 1470 5480 λόγον
1509 5412 1596 5465 διὰ
1626 5410 1715 5464 τὸν
1742 5427 1891 5480 πρω-

299 5506 521 5556 τότοκον
551 5503 645 5556 καὶ
673 5504 764 5555 τὸν
800 5502 1061 5571 μονογενῆ
1080 5518 1092 5530 ο
1118 5501 1335 5571 λύωμεν
1366 5501 1422 5554 δὲ
1452 5500 1513 5553 τὸ
1534 5500 1758 5570 ἄπορον.
1786 5498 1889 5549 Τὸν

365 5715 391 5742 ⁸
426 5711 548 5767 Τοὺς
567 5712 614 5767 ἐξ
636 5711 782 5759 αὐτοῦ
808 5709 1275 5772 δικαιοπραγοῦντας,
1313 5712 1518 5759 ἔϐλεπεν.

370 5778 398 5816 b
421 5772 511 5821 Hic
536 5779 672 5821 locus
696 5786 794 5822 non
817 5781 951 5820 vacat
979 5775 1259 5833 suspicione
1282 5774 1466 5822 mendi.
1492 5774 1603 5821 Sav.
1624 5776 1732 5834 post
1756 5772 1888 5834 ἡτοι-

371 5834 539 5896 σμένα,
563 5835 761 5895 supplet
788 5834 1039 5888 ἀκούοντες
1071 5831 1251 5895 ἀγαθά,
1276 5850 1316 5883 8.
1373 5836 1608 5895 ϐασίλεια,
1626 5831 1762 5895 ’ροει
1785 5831 1885 5889 καί,

449 5896 676 5957 λέγοντες.

598 5995 873 6054 Ρλτιιοι..
924 5992 1041 6050 Gn.
1096 5987 1249 6049 LVI.

1350 451 1439 508 DE
1469 448 1685 508 MUNDI
1718 444 2118 504 CREATIONE
2164 445 2426 500 ORATIO
2467 450 2555 505 IV.

1976 564 2194 635 πρῶτον
2231 566 2561 620 πιστεύοντα
2590 566 2725 630 Θεὸς
2765 575 2823 620 tv
2858 579 2923 639 τῃ
2963 569 3066 642 ἰδίᾳ
3099 571 3260 641 γενεᾷ
3291 571 3565 641 πρωτότοο

1976 669 2071 705 κον
2110 652 2296 717 καλεῖ,
2331 654 2429 724 οὐχ
2471 654 2547 717 ὡς
2580 654 2798 728 πρῶτον
2839 655 3017 710 ἄλλων
3057 657 3288 721 πιστῶν,
3323 657 3460 710 ἀλλά
3506 660 3565 711 tv

1976 742 2089 803 τοῖς
2135 740 2286 804 ἰδίοις
2333 742 2548 811 χρόνοις
2586 742 2804 813 πρῶτον
2852 743 3122 812 φανένταο
3161 738 3294 808 οἷον,
3329 745 3386 796 tv
3411 742 3565 816 [47η

1975 829 2242 900 Αἰγύπτῳ
2287 825 2358 901 ἦν
2400 832 2429 884 6
2465 829 2624 897 λαὸς,
2674 831 2822 900 λέγει
2860 834 2888 885 6
2945 832 3077 896 Θεὸς
3126 833 3213 887 διά
3256 832 3566 896 Μωῦσέως’

1989 919 2124 983 Υἱὸς
2172 918 2551 986 πρωτότοκός
2599 936 2718 987 μου
2772 918 3032 987 Ἰσραήλ.
3076 916 3265 972 Εἷπα·
3320 920 3569 984 Ἑξαπύ-

1978 1009 2227 1062 στειλόν
2249 1025 2351 1077 μοι
2380 1007 2487 1063 τὸν
2514 1010 2669 1061 λαόν
2689 1026 2829 1077 μου.
2874 1008 3002 1061 Ἰδοὺ
3032 1007 3156 1070 λαὸς
3188 1010 3531 1079 πρωτότοκος
3550 1024 3566 1039 ·

1980 1097 2167 1167 ἐπειδὴ
2199 1098 2256 1149 tv
2285 1096 2364 1167 τῷ
2393 1096 2569 1168 καιρῷ
2592 1097 2788 1168 ἐκείνῳ
2824 1097 3035 1167 πρῶτος
3061 1089 3128 1168 ἧν
3159 1096 3285 1160 λαὸς
3325 1099 3569 1164 ἐπεγνω-

1980 1185 2091 1247 κὼς
2122 1184 2214 1236 τὸν
2253 1184 2408 1237 Θεόν.
2456 1182 2718 1251 Ἀνέκυψε
2769 1183 2907 1253 μετά
2959 1182 3133 1237 ταῦτα
3188 1182 3378 1248 Δαυῒδ,
3433 1182 3571 1254 μετὰ

1980 1272 2071 1324 τὸν
2106 1272 2291 1342 νόμον,
2339 1271 2478 1341 μετά
2530 1270 2732 1333 πολλὰς
2764 1270 2956 1339 γενεάς
2983 1312 2997 1334 ,
3042 1272 3135 1323 καὶ
3170 1270 3567 1339 ἐπαγγέλλεται

1980 1358 2155 1427 λέγων
2184 1361 2212 1411 6
2246 1358 2379 1420 Θεὸς
2402 1399 2417 1422 ,
2453 1359 2517 1410 ὲκ
2542 1357 2635 1410 τοῦ
2672 1358 2986 1429 σπέρματος
3015 1358 3178 1411 αὐτοῦ
3210 1358 3299 1411 τὸν
3331 1359 3566 1430 Χριστὸν

1982 1447 2345 1517 ἀναστήσειν,
2406 1448 2501 1499 καὶ
2546 1447 2697 1514 λέγει
2747 1447 2953 1511 οὕτως·
2995 1443 3193 1515 Εὗρον
3240 1448 3419 1502 Δαυῒδ
3462 1449 3572 1502 τὸν

1980 1535 2209 1589 δοῦλόν
2233 1553 2374 1603 μου,
2404 1535 2475 1587 ἐν
2502 1534 2684 1601 ἐλαίῳ
2709 1534 2855 1604 ἁγίῳ
2887 1534 3105 1603 ἐχρισα
3137 1536 3343 1588 αὐτόν.
3377 1536 3572 1599 Αὐτὸς

1979 1622 2405 1677 ἐπικαλέσεταί
2431 1639 2509 1691 με
2532 1663 2547 1686 ,
2594 1620 2796 1689 Πατήρ
2825 1640 2943 1690 μου
2970 1618 3029 1676 εἷ
3064 1623 3167 1676 σύ.
3208 1622 3380 1693 Κάγὼ
3412 1639 3571 1691 πρωι-

1982 1712 2234 1765 τότοκον
2258 1709 2517 1778 θήσομαι
2537 1711 2744 1763 αὐτόν.
2776 1710 2838 1761 El
2868 1710 2925 1762 δὲ
2959 1709 3306 1780 πρωτότοκος
3331 1711 3360 1763 6
3383 1708 3568 1771 Δαυῒδ,

1984 1798 2328 1871 πρωτότοκος
2355 1798 2450 1851 καὶ
2474 1800 2503 1849 6
2533 1798 2683 1860 λαός.
2734 1798 2793 1849 '0
2836 1796 3009 1866 Ἀδὰμ
3042 1800 3386 1867 πρωτότοκος
3416 1798 3473 1848 tv
3502 1798 3568 1867 τῇ

1988 1890 2093 1961 ἰδίᾳ
2118 1889 2301 1959 γενεᾷ,
2327 1887 2473 1953 Νῶε,
2507 1886 2630 1956 Σὴμ
2666 1886 3023 1957 πρωτότοκοι,
3071 1884 3322 1957 Ἀϐραὰμ
3357 1886 3572 1955 πρωτό-

1982 1994 2140 2040 τοκος
2171 1978 2228 2029 tv
2271 1979 2338 2047 τῇ
2387 1977 2495 2047 [δίᾳ
2537 1977 2731 2047 γενεᾷ,
2762 1976 3039 2046 Μωῦσῆς,
3082 1975 3344 2037 Ἡσαΐας,
3385 1975 3571 2047 ἐπειδὴ

1984 2064 2127 2118 κατὰ
2153 2066 2278 2127 τοὺς
2312 2064 2521 2118 ἑαυτῶν
2550 2064 2777 2135 χρόνους
2815 2064 3131 2134 προέκυψαν
3156 2066 3235 2126 είς
3264 2062 3568 2117 εὐσέϐειαν.

1998 2153 2093 2205 Ἐκ
2134 2152 2340 2207 τούτων
2395 2154 2607 2206 πολλῶν
2653 2154 3019 2225 πρωτοτόκων
3067 2152 3308 2224 συνήχθη
3360 2152 3570 2224 μεγάλη

1997 2241 2315 2313 Ἐκκλησία,
2343 2242 2439 2297 καὶ
2476 2241 2624 2295 ἐστιν
2658 2244 2716 2296 tv
2747 2240 2983 2313 οὐρανῷ.
3011 2243 3301 2314 Μαρτυρεῖ
3326 2240 3568 2305 Παῦλοςο

1985 2330 2492 2397 Προσεληλύθστε
2517 2330 2673 2384 Σιὼν
2700 2330 2822 2398 ὄρει
2855 2330 2951 2382 καὶ
2976 2331 3150 2382 πόλει
3176 2329 3326 2383 Θεοῦ
3357 2328 3573 2396 ζῶντος

1998 2417 2417 2487 Ἰερουσαλὴμ,
2451 2418 2551 2471 καὶ
2579 2417 2871 2487 μυριάσιν
2912 2419 3184 2487 ἀγγέλων
3222 2419 3571 2488 πανηγύρει,

1985 2506 2084 2558 καὶ
2121 2504 2448 2573 Ἐκκλησία
2491 2506 2880 2572 πρωτοτόκων
2920 2504 3462 2573 ἀπογεγραμμένων
3502 2505 3575 2558 ἐν

1988 2591 2288 2660 οὐρανοῖς.
2331 2592 2586 2645 Ἐκείνων
2622 2591 2729 2644 τῶν
2766 2590 3127 2662 πρωτοτόκων
3160 2584 3238 2654 εἷς
3272 2592 3388 2644 ἐστι
3432 2595 3574 2645 κατὰ

1990 2683 2168 2749 σάρκα
2196 2678 2453 2749 Χριστὸς,
2478 2679 2619 2732 κατὰ
2653 2680 2753 2749 τὴν
2778 2677 3009 2749 θεότητα
3036 2678 3369 2748 Μονογενής.
3403 2678 3577 2731 Ἐπειο

1986 2768 2050 2835 δὴ
2092 2766 2200 2834 γὰρ
2230 2767 2358 2829 τοὺς
2403 2769 2463 2818 tv
2510 2769 2717 2840 ἑκάστη
2747 2768 2912 2837 γενεᾷ
2953 2767 3364 2837 προκόπτοντας
3407 2783 3575 2838 προσ·-

1987 2853 2348 2923 λαμϐάνεται,
2390 2853 2529 2924 μετὰ
2563 2855 2783 2907 πάντων
2812 2855 2904 2906 καί
2935 2853 3097 2917 αὐτὸς
3121 2854 3465 2925 πρωτότοκος
3487 2855 3574 2907 λέ-

1986 2959 2161 3011 γεται.
2212 2944 2310 2998 Διά
2356 2943 2517 2997 τοῦτο
2564 2944 2712 3013 λέγει
2770 2943 3018 3009 Παῦλος
3072 2944 3451 3013 Πρωτότοκος
3505 2946 3578 2998 ὲν

1987 3030 2241 3098 πολλοῖς
2286 3030 2595 3101 ἀδελφοῖς.
2652 3031 2794 3085 Ἀλλ’
2842 3030 2922 3084 ἔνι
2967 3030 3097 3101 περὶ
3141 3029 3236 3083 τοῦ
3284 3030 3574 3103 ἀνθρώπου

1987 3123 2159 3176 πολλὰ
2187 3126 2359 3177 εἰπεῖν
2381 3140 2393 3153 ·
2428 3127 2679 3196 τηρεῖται
2707 3124 2764 3177 δὲ
2792 3123 2852 3178 τὸ
2888 3124 3132 3194 διήγημα
3159 3126 3226 3193 τῇ
3261 3124 3392 3193 ἑξῆς
3419 3124 3476 3175 tv
3504 3125 3573 3194 τῇ

1988 3214 2121 3283 ἕκτῃ
2155 3212 2359 3284 ἡμέρα,
2409 3214 2468 3265 tv
2587 3213 2680 3266 καὶ
2726 3211 2995 3282 ἐπλάσθη,
3032 3214 3138 3279 ἵνα,
3185 3212 3283 3281 τῆς
3312 3212 3407 3264 τοῦ
3436 3211 3573 3265 Θεοῦ

1988 3304 2209 3373 χάριτος
2258 3302 2659 3373 συνεργούσης,
2691 3301 3065 3373 ὲντελέστερον
3090 3301 3394 3372 σαφηνισθῇ
3435 3300 3575 3355 κατά

1988 3389 2219 3460 δύναμιν
2239 3388 2337 3461 τὴν
2359 3389 2635 3460 ἡμετέραν
2656 3391 2684 3441 6
2701 3389 2856 3458 λόγος
2878 3406 2889 3419 ·
2914 3390 3014 3442 οὐκ
3041 3389 3099 3456 ἐξ
3122 3383 3196 3443 ὧν
3223 3389 3573 3460 λογιζόμεθα,

1987 3478 2103 3533 ἀλλ’
2136 3479 2194 3545 ἒξ
2227 3472 2303 3533 ὧν
2339 3479 2731 3549 παιδευόμεθα.
2780 3478 2952 3548 Κοινὴ
3000 3478 3110 3548 γὰρ
3140 3480 3172 3548 ἡ
3206 3480 3381 3549 πηγὴ,
3418 3479 3575 3531 κοινά

1990 3567 2166 3620 πάντα
2187 3568 2256 3620 τὰ
2276 3566 2617 3637 προκείμενα
2637 3566 2804 3634 δῶρα,
2823 3566 2919 3619 ἐὰν
2953 3566 3114 3635 μόνον
3140 3566 3382 3635 θέλωμεν
3410 3567 3575 3635 ἡμεῖς

1993 3653 2132 3723 μετά
2162 3654 2343 3722 πάσης
2364 3652 2675 3723 προθυμίας
2707 3652 3049 3717 σπουδάζειν.
3071 3652 3373 3724 Τρέψωμεν
3396 3652 3453 3707 δὲ
3479 3652 3572 3707 τὸν

1988 3739 2146 3808 λόγον
2175 3741 2266 3793 ἐπὶ
2289 3740 2388 3811 τὴν
2419 3738 2529 3793 τῶν
2556 3740 2700 3809 ἡθῶν
2730 3739 3070 3810 ἐπιμέλειαν.

2060 3867 2125 3925 θ’.
2163 3865 2304 3929 Χθὲς
2335 3865 2549 3936 ἐδείχθη
2574 3864 2689 3928 πῶς
2705 3865 2785 3918 δεῖ
2824 3860 3212 3934 εἷναιὲπαρσιν
3256 3864 3452 3933 χειρῶν
3486 3881 3571 3916 πε-

1990 3952 2493 4024 παρῤησιασμένων
2522 3954 2581 4004 ὲν
2615 3952 2888 4022 εὐσεϐείᾳ.
2928 3952 2987 4004 Ὀ
3035 3951 3208 4013 διδοὺς
3256 3950 3448 4020 πένησι
3487 3949 3575 4003 λε-

1990 4044 2154 4109 γέτω,
2194 4042 2490 4108 Ἔπαρσις
2526 4038 2645 4094 τῶν
2684 4039 2901 4110 χειρῶν
2935 4059 3077 4109 μου.
3112 4041 3171 4093 '0
3207 4040 3437 4111 ἐγείρων
3482 4039 3574 4092 τὸν

1992 4131 2229 4183 πεσόντα
2255 4129 2493 4197 λεγέτω,
2528 4130 2825 4195 Ἔπαρσις
2852 4127 2970 4181 τῶν
2994 4127 3212 4197 χειρῶν
3232 4145 3374 4195 μου.
3403 4128 3575 4198 Ζητή-

1994 4235 2175 4287 σωμεν
2204 4217 2262 4270 δὲ
2294 4216 2355 4269 τὸ
2384 4217 2673 4286 προοίμιον
2698 4216 2793 4268 τοῦ
2823 4214 3066 4285 ψαλμοῦ,
3100 4216 3288 4286 ἐπειδὴ
3316 4215 3350 4268 ἃ
3374 4215 3573 4283 ψάλλο-

1995 4322 2093 4372 μεν
2133 4303 2351 4363 πάντως
2411 4302 2611 4354 εἰδέναι
2661 4303 2788 4371 χρή.
2841 4302 2993 4353 Διατί
3036 4301 3301 4371 λέγομεν,
3348 4301 3574 4355 Κατευ-

1992 4389 2263 4454 θυνθήτω
2312 4391 2350 4457 ἡ
2397 4388 2710 4457 προσευχὴ
2750 4407 2871 4457 μου
2898 4390 2978 4454 ὡς
3017 4390 3279 4459 θυμίαμα
3318 4390 3576 4442 ἐνώπιόν

1991 4495 2145 4543 σου;
2169 4481 2285 4533 Πάν
2304 4479 2415 4549 γὰρ
2443 4480 2699 4550 θυμίαμα
2723 4480 3115 4534 κατευθύνεται
3136 4491 3157 4518 ο
3182 4497 3194 4509 ·
3225 4481 3285 4533 ού
3316 4481 3423 4551 γάρ
3442 4479 3577 4543 Θεὸς

1991 4568 2189 4638 εὐωδίᾳ
2231 4568 2487 4639 τέρπεται
2543 4570 2751 4639 μύρων.
2795 4570 2860 4622 Τί
2908 4565 3001 4622 οὖν
3049 4570 3186 4631 ὲστι,
3240 4572 3577 4625 Κατευθυν-

1992 4656 2149 4722 θήτω
2187 4658 2224 4725 ἡ
2257 4657 2567 4725 προσευχὴ
2615 4674 2771 4726 μους
2812 4659 2886 4711 Τὸ
2924 4657 3125 4729 ἄρθρον
3166 4658 3379 4721 λείπει,
3418 4658 3502 4711 ἵνα

1990 4745 2051 4797 τὸ
2089 4745 2379 4813 λεγόμενον
2413 4744 2653 4798 τοιοῦτον
2676 4762 2690 4776 ⁶
2738 4745 3206 4809 Κατευθυνθήτω
3241 4746 3279 4813 ἠ
3320 4758 3577 4813 προσευ-

1992 4832 2069 4900 χὴ
2096 4848 2216 4900 μου
2243 4832 2322 4897 ὡς
2351 4832 2613 4900 θυμίαμα
2642 4831 2900 4885 ἐνώπιόν
2928 4849 3066 4885 σου.
3095 4833 3252 4885 Ποῖον
3290 4833 3574 4903 θυμίαμα;

1991 4918 2095 4971 Δύο
2125 4914 2191 4989 ἦν
2222 4919 2585 4991 θυσιαστήρια
2611 4922 2668 4971 ἐν
2704 4922 2768 4987 τῇ
2800 4924 2971 4991 σκηνῇ
2998 4936 3011 4949 ⁸
3036 4921 3095 4974 ἓν
3128 4922 3185 4974 ὲν
3208 4922 3271 4991 τῇ
3301 4921 3437 4991 αὐλῇ
3472 4921 3577 4984 ἔξω

1994 5008 2052 5059 ἐν
2100 5006 2352 5077 ὑπαίθρῳ
2374 5023 2386 5036 ’
2426 5008 2610 5077 ἕτερον
2641 5006 2698 5060 δὲ
2727 5009 2809 5071 είς
2841 5008 2909 5060 τά
2943 5008 3075 5076 ἆγια
3111 5010 3214 5063 ὑπὸ
3244 5010 3461 5078 στέγην.
3504 5010 3576 5061 Τὸ

1993 5093 2101 5147 ἔσω
2135 5094 2521 5165 θυσιαστήριον
2564 5094 2925 5165 θυμιαμάτων
2964 5092 3032 5165 ἦν
3064 5096 3245 5165 μόνον,
3284 5097 3381 5165 οὐχ
3409 5096 3576 5167 αἱμά-

1991 5201 2102 5236 των
2129 5183 2339 5253 χύσεως
2360 5201 2373 5213 °
2415 5185 2475 5237 τὸ
2512 5184 2570 5236 δὲ
2614 5185 2719 5250 ἔξω
2750 5185 3133 5253 θυσιαστήριον
3161 5184 3270 5235 τῶν
3301 5183 3578 5255 θυομένων

1993 5271 2149 5334 ζώων
2184 5273 2279 5325 καὶ
2330 5272 2509 5343 ἄρτων
2542 5272 2856 5342 προσφοράς
2896 5271 2989 5323 καί
3035 5289 3197 5324 τινων
3226 5270 3421 5325 ἄλλων.
3467 5272 3578 5323 Καὶ

1992 5365 2083 5418 τὸν
2118 5364 2217 5435 μὲν
2264 5361 2367 5425 ἔξω
2410 5360 2590 5430 βωμὸν
2627 5359 2839 5413 κελεύει
2884 5362 2912 5413 6
2953 5360 3085 5423 Θεὸς
3128 5360 3205 5431 τῷ
3250 5362 3479 5414 Μωῦσεῖ
3514 5362 3577 5411 ἐκ

1996 5451 2147 5523 [478]
2192 5451 2357 5503 λίθων
2399 5449 2754 5517 ἀπελεκήτων
2797 5447 3059 5517 ποιῆσαι·
3091 5448 3183 5501 τὸν
3227 5448 3282 5501 δὲ
3326 5448 3473 5500 ἔνδον
3518 5448 3577 5498 tv

2058 5655 2080 5682 ο
2109 5650 2259 5698 Savil.
2282 5654 2423 5709 putat
2447 5648 2714 5709 legendum
2734 5650 2834 5703 πῶς
2857 5648 2946 5709 γὰρ
2974 5649 3197 5710 θυμίαμα.
3230 5648 3379 5697 Forte
3401 5650 3579 5698 melius

1996 5715 2193 5779 l_egalur_
2226 5718 2318 5779 πᾶν
2343 5712 2431 5772 γὰρ
2454 5710 2663 5779 θυμίαμα
2702 5711 2756 5779 ού
2782 5710 3137 5779 κατευθύνεται.
3174 5710 3482 5779 Ιξ-Ιυόιροξτο,
3523 5713 3579 5779 τρ

1992 5770 2161 5837 ἄρθρον
2182 5774 2390 5821 λείπει...
2411 5770 2416 5772 ἡ
2435 5770 2651 5837 τοιοῦτον
2683 5776 2827 5837 ᾳεθει
2855 5773 2903 5819 in
2932 5772 3063 5837 βεεν.
3085 5778 3147 5837 _el
3186 5770 3428 5837 Combgﬁs
3448 5810 3464 5837 ν,
3491 5770 3578 5834 qui

1993 5832 2180 5883 hixb'ent
2200 5850 2308 5884 κατ.
2332 5837 2362 5889 ἡ
2482 5848 2590 5893 μου,
2605 5835 2669 5887 ὡς
2690 5833 2900 5894 θυμίαμα
2925 5832 3123 5899 ἐνῴπιόν
3142 5848 3256 5888 σου;
3279 5834 3414 5880 ποῖσν
3439 5832 3580 5897 θυμά

1994 5898 2077 5944 δύο
2099 5897 2156 5952 ἦν
2181 5902 2278 5945 etc.
2302 5922 2363 5932 —
2433 5892 2471 5954 Ῑ.
2509 5900 2670 5943 nolam
2691 5892 3067 5953 inlerprclauoni
3096 5892 3276 5944 Latina:
3294 5896 3575 5955 subiectam.

2460 5933 2471 5943 .
2509 5908 2670 5943 natam
2691 5908 3067 5945 mwrvrclauom
3096 5908 3276 5944 uuma:
3294 5908 3575 5945 sumecm.

3160 5986 3240 6045 29

1994 5898 2077 5944 δύο
2099 5897 2156 5952 ἦν
2181 5902 2278 5945 etc.
2302 5922 2363 5932 —
