4102 6542
215 512 329 567 469

217 620 368 685 culo;
413 630 577 672 unum
610 615 662 669 iu
707 614 844 670 atrio
883 610 1133 667 exteriori
1178 610 1279 663 sub
1321 607 1439 672 dio;
1487 602 1631 659 aliud
1669 602 1806 656 intra

217 720 398 766 sancta
426 707 527 764 sub
555 716 713 761 tecto.
747 704 971 760 Interius
1010 704 1176 757 altare
1206 700 1272 754 ad
1316 701 1588 753 iueensmn
1635 695 1809 749 solum

217 812 351 867 erat,
396 815 500 855 non
541 799 606 853 ad
650 797 963 853 elTusionem
1011 793 1301 864 sanguinis.
1342 788 1590 843 Exterius
1632 794 1807 839 autem

216 896 384 949 altare
412 890 478 945 ad
507 889 753 945 animalia
780 902 898 959 qua:
926 884 1351 946 immolabantur,
1382 880 1449 934 ad
1491 891 1653 949 panes
1682 891 1809 946 pro—

217 986 516 1058 positionis,
547 992 602 1039 et
639 983 705 1037 ad
748 991 944 1037 caetera
988 980 1253 1050 quaedam.
1285 974 1618 1030 Exteriorem
1659 984 1807 1025 aram

216 1080 373 1153 jussit
403 1077 657 1133 Dominus
687 1074 850 1144 Moysi
882 1088 945 1127 ex
989 1069 1243 1139 impolitis
1272 1064 1535 1135 lapidibus
1565 1073 1805 1153 strueret

218 1150 525 1227 interiorem
555 1180 682 1221 vero
713 1166 763 1219 in
793 1161 1156 1225 tabernaculo,
1186 1174 1252 1214 ex
1289 1170 1421 1211 auro
1448 1154 1633 1225 polito.
1671 1150 1808 1217 Quid

217 1268 393 1321 divina
422 1262 591 1334 gratia
627 1275 720 1330 per
748 1258 863 1312 haec
884 1254 1206 1317 subindicet,
1230 1265 1409 1321 opera:
1435 1248 1666 1318 pretium
1697 1245 1810 1300 fne-

216 1360 286 1415 rit
325 1357 626 1427 explorare.
662 1353 803 1406 Duos
833 1363 1025 1418 nempe
1055 1344 1282 1414 populos
1312 1342 1402 1397 Dei
1433 1341 1618 1412 gloria:
1650 1338 1810 1392 mini-

218 1457 471 1511 strantes,
502 1457 727 1515 quorum
764 1454 903 1494 unus
943 1436 1258 1498 ineruditus,
1290 1433 1426 1487 alter
1464 1429 1631 1500 probe
1662 1427 1813 1482 iusti-

220 1550 363 1595 tutus
407 1538 494 1592 sit.
540 1536 639 1601 Qui
672 1535 723 1588 in
765 1532 1086 1586 dictionibus
1114 1528 1416 1582 soluacissat
1458 1534 1513 1579 et
1550 1521 1813 1577 barbarus

219 1642 317 1696 est,
347 1644 627 1686 sermones
652 1626 855 1699 profert
898 1632 954 1677 ut
987 1622 1192 1691 lapides
1233 1618 1536 1689 impolitos;
1575 1626 1808 1670 attamen

220 1726 251 1779 ii
298 1725 367 1779 ad
410 1722 596 1777 altaris
640 1729 961 1774 structuram
1015 1716 1318 1769 conferunt.
1365 1712 1571 1765 Rursus
1621 1723 1809 1762 aurum

219 1818 508 1889 expolitum
539 1816 803 1886 pretiosus
830 1812 1022 1866 dicitur
1053 1809 1223 1878 lapis;
1253 1817 1305 1859 at
1333 1818 1504 1873 neque
1527 1802 1613 1856 hic
1636 1802 1811 1856 extol-

220 1915 363 1980 litur,
397 1927 573 1982 neque
612 1910 701 1965 ille
740 1909 968 1977 ejicitur.
1002 1905 1132 1959 Nam
1164 1913 1217 1957 et
1248 1902 1353 1956 illic
1383 1901 1554 1955 altare
1601 1898 1714 1965 Dei,
1758 1906 1812 1951 et

222 2006 303 2059 hic
329 2006 497 2057 altare
526 2004 639 2057 Dei.
672 2002 906 2070 Eratque
932 2014 998 2053 ex
1026 2011 1253 2067 quatuor
1274 1991 1553 2062 speciebus
1575 2004 1814 2057 unguen-

221 2109 327 2150 tum
355 2096 736 2165 compositum,
778 2108 841 2148 ex
872 2100 1062 2156 stacte,
1092 2105 1159 2144 ex
1189 2102 1381 2158 onyee,
1412 2101 1477 2139 ex
1504 2084 1734 2154 galbano
1760 2090 1815 2136 et

221 2190 391 2244 thure.
424 2189 554 2256 Quia
592 2187 751 2257 igitur
779 2194 1103 2255 unguentum
1126 2181 1288 2235 variis
1310 2195 1374 2234 ex
1406 2179 1565 2232 rebus
1590 2191 1813 2244 compo-

222 2284 382 2344 nitur,
428 2281 703 2349 virtusque
752 2279 877 2332 item
924 2292 989 2330 ex
1031 2274 1195 2328 variis
1238 2278 1470 2333 constat,
1506 2269 1624 2322 ideo
1664 2267 1809 2331 dicit,

220 2373 485 2442 Dii-igatur
514 2373 677 2425 oratio
707 2387 813 2423 mea
843 2370 969 2422 sicut
998 2369 1255 2420 incensum
1293 2366 1345 2418 in
1390 2372 1656 2431 conspectu
1684 2370 1767 2413 tuo
1795 2376 1813 2411 :

218 2468 666 2537 quemadmodum
702 2465 828 2519 illttd
868 2480 931 2518 ex
966 2462 1148 2516 multis
1174 2459 1549 2528 compositum,
1580 2464 1633 2510 et
1656 2469 1812 2507 unam

218 2562 559 2631 fragrantiam
589 2561 860 2615 emittens.
909 2559 1042 2626 Quia
1081 2572 1202 2611 cum
1244 2555 1483 2609 oratione
1520 2549 1813 2620 ingreditur

217 2658 335 2725 quis
356 2655 562 2726 jejunio
596 2665 840 2715 ornatus,
885 2653 1245 2721 eleemosyna,
1287 2649 1410 2714 iide,
1444 2647 1643 2702 Similis
1673 2654 1809 2707 esto,

219 2750 411 2817 inquit,
441 2747 736 2818 quadrupla
768 2747 937 2799 virtus
985 2745 1202 2798 incenso
1248 2742 1345 2803 illi,
1395 2740 1535 2809 quod
1580 2739 1630 2791 in
1681 2753 1812 2791 con-

217 2852 401 2911 spectu
436 2852 526 2895 tuo
563 2839 827 2908 dirigitur.
873 2838 961 2893 Sic
1001 2846 1050 2889 et
1095 2835 1277 2889 beatus
1322 2833 1481 2886 David
1519 2831 1642 2885 alibi
1683 2830 1755 2883 ait
1795 2845 1808 2883 :

218 2934 351 2989 Ecce
377 2950 529 3005 quam
557 2934 740 2985 bonum
770 2941 815 2985 et
854 2947 1002 2997 quam
1023 2928 1332 2999 jucu'tdum,
1368 2925 1593 2977 habitare
1630 2924 1813 2992 fratres

216 3030 267 3082 in
295 3046 478 3095 unum,
514 3028 642 3081 sicut
668 3035 976 3096 unguentum
1013 3026 1062 3075 iu
1108 3024 1289 3089 capite,
1320 3020 1456 3090 quod
1482 3019 1734 3072 descendit
1760 3018 1813 3071 in

216 3119 443 3181 barbam,
475 3117 680 3171 barbam
710 3118 879 3169 Aaron
912 3114 1080 3184 (Psal.
1114 3114 1232 3167 1'52.
1266 3115 1315 3166 1.
1340 3110 1396 3182 ‘2)
1422 3112 1433 3164 !
1462 3109 1702 3163 Similem
1735 3108 1814 3161 di-

216 3211 286 3265 cit
323 3212 603 3264 caritatem
653 3216 927 3279 unguento
966 3205 1318 3271 sacerdotali,
1374 3203 1672 3257 orationem
1727 3200 1811 3253 in-

215 3317 380 3357 eenso
410 3300 753 3356 sacerdotali.

284 3393 609 3447 Continentia
644 3390 911 3445 sacerdotii
940 3406 1084 3444 soror
1109 3398 1199 3442 est.
1218 3418 1287 3429 —-
1304 3386 1640 3442 Continentia
1667 3400 1809 3454 prin-

213 3485 355 3540 ditus
410 3486 509 3539 es?
561 3484 747 3538 Frater
790 3497 850 3537 es
902 3482 1218 3536 sacerdotis.
1262 3478 1629 3535 Sacerdotium
1676 3477 1813 3533 forte

216 3591 318 3629 nou
354 3576 547 3639 habeo,
573 3575 958 3630 continentiam
992 3574 1182 3627 habeo.
1210 3571 1377 3628 Soror
1410 3580 1492 3625 est
1535 3570 1813 3624 continen-

213 3670 282 3724 tia
321 3685 442 3723 mea
474 3668 759 3725 sacerdotii
794 3668 889 3722 tui.
921 3668 1071 3722 Unde
1099 3667 1239 3721 hoc?
1279 3664 1486 3720 Etenim
1518 3664 1667 3718 illum
1694 3676 1813 3717 esse

214 3771 420 3814 castum
455 3770 689 3829 oportet,
720 3761 807 3829 qui
838 3760 1143 3815 sacerdotio
1173 3760 1426 3828 fungitur,
1471 3768 1525 3811 et
1565 3772 1673 3823 me,
1722 3755 1813 3826 qui

214 3852 382 3905 Deum
411 3854 607 3907 colam.
641 3852 693 3907 Si
726 3853 1026 3905 castitatem
1056 3852 1301 3916 habeam,
1333 3850 1691 3905 sacerdotium
1725 3864 1814 3903 ac-

213 3943 371 4011 cipio.
407 3942 685 3998 Undenam
721 3941 865 3994 hoc?
894 3942 1053 3993 David
1090 3942 1295 4011 fugiens
1325 3956 1353 3993 τι
1383 3941 1544 3995 Sainle
1576 3940 1723 3994 venit
1748 3939 1813 3993 ad

212 4034 569 4089 Abiatharum
613 4034 687 4105 (a)
737 4048 1001 4087 summum
1047 4032 1413 4093 sacerdotem,
1455 4031 1635 4099 aitque
1679 4030 1753 4083 illi
1800 4049 1811 4082 :

212 4127 294 4181 Da
326 4128 454 4181 milii
483 4144 636 4197 panes
663 4127 737 4197 (Ι.
772 4126 901 4196 Reg.
928 4124 1018 4179 21.
1052 4125 1105 4179 5.
1133 4125 1212 4192 4),
1238 4125 1356 4193 quia
1382 4132 1600 4191 repente
1623 4122 1816 4174 missus

211 4238 330 4277 sum
362 4238 394 4276 a
420 4236 567 4291 rege,
593 4229 645 4274 et
675 4219 860 4273 viatica
889 4234 994 4273 non
1024 4217 1211 4271 habeo.
1246 4217 1552 4284 Respondet
1574 4229 1814 4267 summus

210 4316 476 4370 sacerdos
510 4316 681 4384 legum
722 4314 925 4384 peritus
969 4328 982 4363 :
1018 4309 1141 4365 Non
1180 4324 1252 4364 est
1283 4310 1421 4362 nobis
1469 4310 1614 4376 punis
1657 4307 1813 4369 alius,

210 4411 310 4464 uisi
340 4410 496 4479 panis
523 4418 747 4469 sanctus,
778 4421 924 4474 quem
952 4421 1051 4457 non
1080 4405 1192 4456 licet
1223 4404 1330 4465 alii,
1364 4419 1515 4470 quant
1544 4401 1811 4464 sacerdoti,

212 4502 499 4556 comedere.
544 4499 680 4567 Quia
710 4498 870 4567 igitur
916 4496 1289 4550 necessitatem
1326 4494 1561 4554 videbat,
1596 4492 1818 4545 timebat

213 4611 341 4649 vero
371 4608 543 4663 panes
574 4591 947 4661 propesitiouis
974 4589 1203 4654 tradere,
1228 4588 1417 4657 quaerit
1441 4588 1505 4640 ab
1531 4587 1593 4639 iis
1615 4585 1705 4655 qui
1734 4600 1819 4638 sa-

212 4688 472 4741 cerdotes
520 4700 627 4739 non
675 4694 847 4748 erant,
892 4699 957 4736 an
1010 4683 1126 4753 puri
1172 4690 1371 4743 essent,
1421 4680 1655 4748 dicitque
1700 4696 1712 4732 :
1758 4677 1818 4731 Si

213 4780 394 4833 mundi
422 4788 544 4832 sunt
571 4778 714 4847 pueri
751 4777 838 4846 qui
878 4786 1040 4828 tecum
1079 4786 1199 4828 sunt
1240 4775 1301 4827 ab
1348 4772 1607 4837 uxoribus,
1653 4787 1814 4826 sume.

211 4866 618 4923 Continentiani
660 4868 801 4923 enim
831 4867 1051 4936 putabat
1080 4881 1200 4920 esse
1238 4865 1521 4919 sacerdOtii
1551 4878 1814 4917 sororem.

214 4964 289 5019 Ac
338 4979 408 5017 ne
457 4965 581 5032 quis
628 4964 678 5016 in
725 4961 1045 5016 Calumniam
1096 4960 1389 5014 sacerdOIis
1436 4958 1609 5011 trahat
1656 4958 1815 5022 illud,

214 5055 355 5126 quod
392 5069 565 5123 panes
587 5055 784 5107 dederit
815 5055 896 5115 iis,
922 5053 1007 5119 qui
1036 5052 1341 5106 sacerdotes
1368 5066 1470 5103 non
1494 5058 1667 5115 erant,
1695 5050 1818 5103 audi

214 5149 495 5220 quomodo
525 5147 782 5201 Set-valor
811 5148 858 5200 id
885 5148 1031 5215 quasi
1062 5147 1226 5215 probe
1261 5144 1453 5197 laetum
1487 5158 1819 5198 commemo-

214 5253 317 5299 ret.
347 5241 677 5298 lncusabant
706 5241 992 5309 aliquando
1019 5241 1293 5310 apostolos
1319 5237 1510 5299 Judzei,
1543 5237 1682 5305 quod
1712 5238 1821 5305 spi-

213 5349 304 5391 cas
348 5333 635 5392 vellerent,
683 5339 736 5382 et
774 5332 1016 5384 manibus
1052 5330 1409 5385 conlricantes
1442 5328 1815 5391 eoinederent;

214 5427 413 5494 quibus
454 5423 534 5476 ait
573 5421 826 5473 Senator
859 5439 871 5473 :
909 5421 1029 5474 Non
1070 5423 1258 5491 legistis
1288 5422 1409 5489 quid
1439 5422 1608 5489 fecerit
1655 5419 1821 5473 David

216 5535 328 5571 cum
354 5514 620 5571 esuriret?
649 5529 801 5581 panes
834 5514 1193 5580 propositionis
1217 5514 1452 5573 comedit,
1486 5529 1611 5581 quos
1641 5528 1740 5565 non
1768 5511 1822 5563 li-

217 5609 357 5663 cebat
388 5610 436 5661 ei
478 5606 761 5667 comedere,
795 5620 883 5655 nec
910 5606 970 5656 iis
996 5608 1082 5671 qui
1112 5622 1224 5657 eum
1255 5604 1345 5658 illo
1374 5616 1536 5669 erant,
1570 5605 1659 5657 sed
1700 5603 1821 5656 solis

217 5698 571 5754 sacerdotibus
601 5692 749 5764 (Luc.
782 5696 832 5750 6.
861 5696 912 5749 3.
946 5695 1024 5762 4).
1055 5696 1296 5750 Vidistin‘
1320 5712 1558 5751 sororem
1591 5710 1708 5751 esse
1733 5710 1821 5748 sa-

221 5881 372 5996 δῶαλ
394 5879 632 5930 )tcmoria
660 5876 835 5927 labitur
857 5876 1164 5925 Severianus.
1190 5878 1274 5926 uie
1297 5878 1427 5927 enim
1460 5889 1557 5928 non
1575 5875 1821 5938 Ablatbar,

234 5959 242 5967 ’
372 5939 629 5996 cbimelee
655 5942 762 5996 ejus
786 5946 922 5996 pater
946 5943 1067 5987 erat.

234 5939 306 5995 sed
328 5939 629 5996 Acbimelee
655 5942 762 6003 ejus
786 5946 922 6000 pater
946 5943 1067 5987 erat.

1250 493 1335 548 DE
1372 484 1585 546 MUNDI
1623 475 2018 539 CREATIONE
2058 479 2313 540 ORATIO
2352 484 2439 539 ιν.

3392 493 3507 551 470

1922 598 2143 654 eerdotii
2172 599 2510 656 castitatem?
2539 599 2769 655 vidistin'
2794 599 3061 671 quomodo
3086 600 3222 656 Deus
3250 615 3508 671 personas

1919 705 2023 744 non
2042 678 2293 762 recipiat,
2325 691 2417 745 sed
2448 692 2722 747 veritatem
2752 690 3033 761 exploret?

1991 782 2078 837 -l0.
2120 782 2492 853 Prmparemus
2523 797 2620 838 nos
2649 799 2780 854 ergo
2807 784 2870 837 ad
2904 783 3332 845 beneﬁcentiam,
3359 794 3412 840 et
3441 785 3508 837 ad

1914 874 2194 943 justitiam,
2229 884 2285 930 nt
2306 876 2564 945 jejunium
2614 878 2725 931 alas
2764 876 3007 945 accipiat.
3050 856 3510 944 Quemadmodum

1918 968 2061 1022 enim
2092 970 2204 1023 avis
2233 970 2443 1024 nonnisi
2476 971 2677 1024 alarum
2716 984 2819 1039 0pc
2851 971 3030 1026 volare
3069 980 3244 1041 potest
3282 990 3294 1025 :
3338 971 3416 1026 sic
3458 984 3513 1027 et

1913 1058 2174 1129 jejunium
2200 1061 2331 1116 duas
2353 1062 2511 1117 habet
2533 1063 2666 1131 alas,
2693 1064 2989 1118 orationem
3012 1073 3065 1118 et
3084 1063 3510 1135 eleemosynam.

1917 1155 2108 1223 quibus
2135 1156 2445 1210 destitutum
2476 1170 2686 1210 sursum
2722 1170 2939 1210 currere
2970 1154 3171 1224 nequit.
3209 1156 3340 1211 Vide
3375 1156 3515 1211 Cor-

1920 1250 2115 1306 nelium
2141 1265 2260 1305 cum
2288 1249 2492 1318 jejunio
2521 1249 2601 1303 his
2627 1263 2839 1318 quoque
2864 1248 2964 1303 alis
2992 1251 3342 1314 instructum;
3376 1265 3516 1318 qua-

1922 1352 2138 1412 propter
2162 1352 2215 1396 et
2242 1358 2425 1397 vocem
2454 1342 2653 1395 audivit
2683 1341 2750 1395 de
2784 1341 2917 1395 czclo
2956 1359 2972 1395 :
3005 1340 3225 1406 Corneli,
3257 1343 3518 1396 orationes

1920 1445 2022 1488 tua:
2045 1445 2093 1487 et
2121 1436 2451 1504 eleemosyna:
2477 1445 2576 1487 tuta
2600 1433 2933 1487 ascenderunt
2959 1435 3027 1485 ad
3054 1432 3218 1486 Deum
3254 1433 3386 1503 (Act.
3419 1434 3509 1487 lli.

1918 1530 1998 1599 4).
2032 1530 2198 1599 Finge
2227 1529 2422 1583 animal
2469 1543 2588 1584 esse
2626 1528 2909 1598 jejunium,
2952 1526 3247 1593 carissime,
3290 1527 3515 1596 ejusque

1918 1627 2030 1678 alas
2075 1639 2197 1680 esse
2236 1624 2629 1692 eleemosynain
2681 1630 2734 1674 et
2778 1622 3113 1685 orationem;
3166 1620 3278 1673 sine
3323 1619 3514 1690 quibus

1919 1732 2129 1771 sursum
2163 1715 2287 1770 ferri
2318 1731 2421 1768 non
2454 1714 2639 1783 possit.
2669 1713 2768 1780 Qui
2796 1712 2913 1765 talis
2941 1721 3040 1776 est,
3078 1712 3174 1764 etsi
3200 1726 3305 1764 non
3331 1712 3515 1780 loqua-

1921 1821 2024 1870 tur,
2059 1809 2321 1879 justitiam
2350 1822 2536 1875 magna
2569 1821 2699 1859 voce
2731 1805 2944 1858 clamat.
2979 1804 3161 1873 Magna
3194 1804 3389 1873 quippe
3424 1804 3516 1872 juc

1919 1903 2077 1955 stitia:
2101 1912 2319 1971 patrona
2354 1900 2519 1953 virtus
2544 1908 2644 1954 est.
2682 1897 2803 1951 Ideo
2830 1897 2959 1951 dicit
2982 1916 2995 1950 :
3024 1898 3248 1961 Exaudi,
3275 1897 3511 1961 Domine,

1918 1995 2165 2063 iustitiam
2196 2009 2380 2045 meam.
2416 1992 2651 2045 Primum
2684 1992 2859 2060 itaque
2884 1990 3282 2058 maximumque
3314 1990 3511 2043 bonum

1920 2097 2002 2141 est
2026 2084 2218 2147 oratio,
2248 2085 2584 2154 cleetnnsyna
2617 2093 2672 2138 ct
2694 2085 2931 2152 justitia;
2964 2082 3105 2153 quod
3137 2093 3313 2137 autem
3340 2094 3513 2137 tutum

1921 2194 2003 2240 est
2032 2194 2085 2239 et
2116 2185 2491 2239 inconcussum
2524 2186 2868 2254 omniumque
2913 2184 3084 2249 radix,
3119 2184 3211 2238 Dei
3254 2186 3510 2255 cognitio,

1924 2278 2189 2347 Unigeniti
2240 2277 2513 2341 adoratio,
2567 2276 2797 2344 Spiritus
2848 2277 3018 2331 sancti
3070 2275 3368 2343 confessio,
3410 2294 3515 2333 una

1922 2373 2053 2428 lides
2079 2373 2324 2436 indivisa,
2349 2387 2558 2434 secura,
2585 2380 2715 2437 tuta,
2742 2372 2900 2426 nullis
2925 2373 3162 2442 partibus
3182 2374 3367 2429 scissa.
3396 2374 3513 2429 Jant

1920 2467 2117 2520 dictum
2150 2476 2233 2519 est
2270 2466 2410 2535 quod
2443 2466 2682 2519 dicturus
2726 2480 2865 2529 sum,
2911 2476 3144 2521 attamen
3192 2482 3400 2521 rursum
3434 2466 3516 2521 di-

1919 2572 2055 2610 cam.
2104 2556 2243 2610 Deus
2283 2558 2497 2625 sapiens
2526 2572 2645 2609 cum
2692 2557 2779 2621 sit,
2829 2559 3068 2625 permisit
3111 2568 3169 2612 ut
3212 2560 3440 2613 lia-reses
3482 2574 3512 2612 a

1920 2647 2034 2700 suis
2059 2647 2368 2700 auctoribus
2409 2648 2856 2717 dogma-libusque
2889 2665 3083 2703 nomen
3127 2648 3387 2704 haberent
3411 2692 3425 2715 ,
3456 2659 3513 2704 ut

1920 2737 2042 2794 hinc
2077 2741 2303 2809 liqueret
2345 2757 2448 2793 non
2485 2742 2574 2794 Dei
2616 2740 2948 2806 doctrinam,
2994 2742 3084 2797 sed
3120 2743 3392 2797 hominum
3426 2745 3510 2797 iu-

1919 2846 2137 2890 ventum
2170 2852 2287 2891 csse
2315 2838 2525 2891 illorum
2557 2840 2870 2905 opiniones;
2903 2842 3130 2907 exempli
3176 2856 3332 2891 causa
3356 2881 3369 2901 ,
3405 2840 3515 2894 Ma-

1919 2930 2197 2985 cedoniani
2221 2947 2247 2983 a
2272 2931 2602 2995 Macedonio,
2629 2933 2809 2986 Ariani
2834 2933 2899 2987 ab
2933 2935 3077 2997 Ario,
3106 2934 3418 2987 Eunomiani
3443 2934 3512 2987 ab

1920 3025 2200 3079 Eunomio.
2232 3024 2489 3078 Similiter
2518 3035 2570 3077 et
2600 3024 2818 3094 reliquie
2851 3025 3103 3080 hrcreses.
3132 3025 3510 3094 Apostolorum

1919 3135 2046 3174 vero
2070 3118 2228 3173 iidem
2256 3133 2375 3172 cum
2403 3119 2770 3173 intemeratam
2803 3133 3021 3175 servare
3047 3120 3225 3183 vellet,
3258 3135 3361 3173 nou
3394 3134 3513 3189 per-

1918 3212 2064 3267 misit
2094 3222 2150 3266 ut
2176 3213 2242 3267 ab
2264 3212 2479 3268 homine
2506 3228 2699 3268 nomen
2729 3214 2987 3269 haberet:
3013 3214 3217 3267 etiamsi
3249 3213 3388 3267 enim
3416 3228 3513 3266 nos

1917 3316 2112 3361 vocent
2143 3306 2564 3367 llomousiastas,
2599 3322 2703 3359 non
2746 3307 2843 3360 viri
2892 3317 3068 3362 tamen
3102 3321 3295 3362 nomen
3332 3307 3512 3375 prole-

1917 3407 2060 3460 runt,
2097 3396 2189 3450 sed
2222 3395 2377 3450 fidem
2407 3396 2717 3465 pra-dicant.
2751 3397 2901 3462 Quod
2931 3398 3070 3450 enim
3113 3398 3180 3450 ab
3211 3395 3513 3450 hominibus

1918 3502 2111 3543 nomen
2158 3488 2373 3551 habere,
2420 3504 2525 3540 non
2569 3488 2638 3541 sit
2675 3487 2929 3551 ﬁdelium,
2972 3489 3063 3543 sed
3113 3486 3511 3548 lnrreticorum,

1919 3581 1994 3634 ait
2044 3581 2236 3634 l’aulus
2276 3581 2584 3635 Corinthios
2628 3580 2952 3649 reilargnens
3004 3598 3015 3632 :
3067 3580 3232 3632 Audio
3277 3580 3328 3632 in
3379 3579 3514 3632 vobis

1919 3674 2192 3727 schismata
2220 3690 2342 3734 csse,
2368 3690 2484 3725 nam
2505 3674 2637 3726 alius
2657 3672 2856 3742 quidem
2885 3672 3003 3724 dicit
3027 3688 3044 3723 :
3072 3670 3175 3739 Ego
3197 3687 3306 3724 sum
3340 3668 3511 3735 Pauli,

1920 3786 2009 3836 ego
2040 3777 2203 3820 autem
2235 3768 2438 3838 Apollo,
2472 3785 2561 3839 ego
2591 3784 2702 3820 vero
2729 3765 2915 3835 Cap/ta:
2945 3766 3018 3837 (Ι.
3051 3764 3164 3817 Cor.
3200 3765 3248 3817 1.
3286 3765 3371 3817 11.
3402 3764 3513 3830 12).

1926 3863 2109 3916 Videu‘
2132 3863 2197 3914 ab
2226 3861 2529 3915 hominibus
2558 3861 2850 3929 nuncupari
2879 3859 3223 3913 scltismatum
3251 3873 3370 3913 esse
3395 3874 3517 3927 pro-

1921 3955 2132 4024 prium?
2163 3957 2354 4009 Auuon
2386 3954 2489 4007 lide
2519 3954 2730 4022 dignior
2761 3952 2950 4006 Petrus
2991 3951 3339 4004 MacedOnio?
3367 3953 3515 4018 Apo-

1920 4050 2179 4102 stolorum
2210 4048 2422 4101 nomina
2450 4046 2657 4116 fugiunt
2690 4060 2809 4115 qua:
2836 4046 3020 4115 gloria:
3059 4042 3254 4097 Christi
3287 4043 3512 4103 cedant;

1923 4153 1975 4196 tu
2008 4159 2133 4196 vero
2173 4142 2372 4196 scindis
2419 4140 2598 4203 fidem,
2644 4139 2930 4193 indivisum
2966 4154 3210 4207 regnum,
3246 4139 3518 4208 insepara-

1920 4233 2081 4288 bilem
2116 4233 2379 4301 gloriam?
2414 4232 2604 4283 Verum
2638 4230 2895 4283 hactenus
2925 4248 2937 4282 :
2971 4229 3229 4282 habemus
3255 4229 3395 4283 enim
3430 4230 3515 4281 lu-

1921 4340 2137 4379 cernam
2169 4333 2221 4377 et
2254 4324 2433 4377 lumen
2469 4342 2478 4374 :
2512 4337 2631 4375 nam
2664 4320 2894 4373 Lucerna
2925 4322 3131 4389 pedibus
3163 4322 3285 4374 meis
3314 4321 3517 4373 verbum

1924 4428 2083 4480 tuum,
2114 4426 2159 4469 et
2192 4416 2361 4469 luuten
2390 4416 2577 4468 seruilis
2603 4414 2725 4466 meis
2755 4413 2924 4483 (Psal.
2968 4412 3087 4466 118.
3122 4412 3268 4479 105).
3297 4410 3402 4465 Cur
3432 4412 3513 4466 lu-

1923 4510 2121 4565 cerna?
2148 4525 2241 4562 cur
2285 4508 2405 4561 lux?
2444 4506 2682 4560 Lucerna
2731 4506 2926 4575 quippe
2977 4502 3393 4569 catechumenis,
3430 4502 3517 4558 lux

1923 4606 1986 4660 iis
2025 4605 2111 4675 qui
2154 4602 2342 4657 initiati
2387 4601 2656 4671 mysteriis
2692 4608 2831 4653 sunt.

1994 4697 2257 4767 Jejuuium
2282 4711 2395 4747 cum
2423 4694 2565 4748 bonis
2592 4694 2823 4761 operibus
2848 4693 3172 4761 conjunctutn
3204 4705 3309 4742 esse
3352 4688 3513 4740 debet.

1924 4790 2155 4860 —Rogo
2186 4789 2460 4843 caritatem
2490 4796 2742 4848 vestram,
2776 4793 2829 4837 ut
2859 4783 3228 4836 intemeratum
3258 4780 3517 4849 jejunium

1925 4893 2160 4937 vestrum
2209 4882 2453 4944 servetis,
2504 4878 2839 4947 impollutum
2892 4875 2958 4927 ab
3003 4873 3279 4941 injustitia,
3328 4886 3515 4939 purmn

1926 4974 1993 5028 ab
2020 4974 2261 5027 avaritia.
2296 4971 2423 5024 Vide
2464 4967 2741 5022 stultitiam
2784 4980 2988 5027 eorum,
3023 4966 3110 5031 qui
3144 4963 3518 5017 abstinentiam

1927 5081 1953 5118 a
2000 5065 2133 5118 cibis
2169 5073 2457 5123 sectantur,
2506 5075 2601 5113 nec
2646 5066 2833 5111 curant
2872 5072 2899 5109 τι
2952 5056 3182 5125 peccatis
3224 5055 3514 5108 abstinere.

1926 5159 2037 5212 Non
2076 5156 2219 5219 bibo,
2274 5154 2462 5223 inquit,
2510 5155 2710 5209 vinum,
2759 5166 2864 5203 non
2906 5149 3129 5203 comedo
3172 5148 3369 5210 oleum,
3415 5161 3518 5198 non

1926 5250 2028 5303 edo
2057 5262 2263 5303 carnes.
2296 5246 2439 5301 Bene
2470 5262 2597 5298 sane
2624 5245 2735 5295 hrec
2763 5250 2978 5311 propter
3002 5240 3165 5293 Deum
3199 5245 3481 5292 servantur
3506 5254 3517 5287 :

1928 5343 2041 5397 hcce
2073 5342 2208 5394 bona
2241 5348 2397 5401 sunt;
2430 5338 2522 5391 sed
2555 5352 2666 5390 rem
2696 5347 3016 5402 quieramus.
3055 5331 3228 5391 Panis,
3263 5344 3419 5399 aqua,
3447 5328 3523 5379 vi-

1928 5452 2074 5497 num,
2109 5449 2317 5497 carnes,
2367 5432 2564 5491 oleum,
2618 5429 2728 5482 hinc
2769 5428 2942 5479 omnia
2992 5426 3080 5479 Dei
3130 5439 3291 5492 opera
3339 5431 3461 5475 sunt
3507 5436 3520 5471 :

1928 5531 2143 5584 avaritia
2198 5541 2353 5592 vero,
2401 5524 2657 5593 injustitia
2705 5532 2757 5575 et
2802 5522 3046 5590 impietas
3087 5532 3220 5588 opus
3257 5527 3379 5570 sunt
3409 5514 3522 5567 dia-

1929 5624 2055 5679 boli.
2088 5623 2128 5676 Α
2166 5622 2253 5675 Dei
2284 5621 2533 5689 operibus
2575 5616 2811 5670 abstines
2853 5622 3071 5684 propter
3097 5611 3379 5680 jejunium,
3410 5617 3462 5661 et
3490 5624 3515 5659 a

1930 5717 2122 5773 diaboli
2154 5715 2407 5784 operibus
2447 5727 2548 5765 non
2580 5710 2813 5765 abstines
2844 5716 3057 5775 propter
3093 5700 3390 5773 jejunium?
3419 5701 3520 5757 Pa-

1932 5813 2035 5877 nis,
2066 5810 2271 5872 vinum,
2303 5808 2499 5868 oleum,
2543 5812 2595 5857 et
2635 5803 2678 5855 si
2726 5814 2827 5869 qua
2874 5799 2995 5857 alia,
3042 5796 3131 5849 Dei
3180 5802 3304 5847 sunt
3336 5810 3522 5863 opera,

1933 5914 2119 5961 cuncta
2154 5906 2287 5957 bena
2322 5907 2373 5951 et
2413 5893 2697 5950 admodum
2742 5893 2895 5944 bona.
2934 5890 3016 5940 Ait
3053 5885 3249 5940 Paulus
3294 5904 3305 5940 :
3350 5884 3531 5941 Oumis
