4102 6496
639 454 748 507 471

627 557 862 603 creatura
890 544 985 599 Dei
1011 544 1162 608 bona,
1190 552 1236 597 et
1263 543 1392 597 nihil
1420 542 1769 610 reficiendum,
1799 541 1935 613 quod
1963 558 2079 596 cum
2106 559 2224 611 gra-

629 642 815 694 tiarum
845 639 1042 693 actione
1062 638 1401 708 percipiamus
1421 653 1438 689 :
1460 637 1807 704 sanctiﬁcatur
1834 637 1967 690 enim
1994 652 2083 705 per
2108 652 2223 691 uer-

627 733 744 786 Dum
768 729 866 785 Dei
888 739 938 784 et
962 729 1242 783 orationem
1274 727 1348 800 (1.
1382 727 1515 782 Tim.
1550 729 1604 784 6.
1632 730 1683 782 At.
1710 728 1786 799 5).
1820 728 1874 783 Si
1906 743 2035 798 ergo
2062 728 2222 782 bene-

626 822 843 888 dicitur,
866 821 911 877 si
934 834 1063 892 ergo
1083 820 1465 888 sanctificatur,
1494 835 1590 875 cur
1611 819 1980 875 abstinemus?
2005 817 2221 889 injusti-

625 915 692 969 tia
720 924 921 982 autem,
952 914 1201 980 avaritia,
1225 923 1279 969 et
1300 914 1343 969 si
1371 930 1476 985 qua
1505 914 1631 979 alia,
1659 913 1855 969 diaboli
1886 920 2011 969 sunt
2031 926 2218 983 Opera.

623 1006 707 1061 Ab
748 1006 1001 1077 operibus
1044 1006 1141 1062 Dei
1183 1005 1420 1062 abstines
1474 1016 1696 1077 propter
1732 1007 2013 1078 jejunium,
2058 1019 2114 1063 et
2154 1005 2223 1061 ab

623 1099 877 1168 aperibus
929 1098 1128 1154 diaboli
1191 1114 1296 1154 non
1359 1099 1598 1154 abstines
1652 1109 1870 1171 propter
1924 1098 2221 1170 pietatem?

623 1191 805 1259 Atqui,
849 1190 1061 1256 fratres,
1110 1188 1369 1246 adversus
1411 1206 1533 1246 eum
1568 1192 1655 1261 qui
1696 1206 1801 1247 non
1842 1190 2067 1263 jejunat,
2112 1204 2218 1245 non

623 1282 829 1349 prolata
862 1282 1123 1337 sententia
1148 1290 1251 1349 est,
1274 1282 1531 1338 adversus
1557 1298 1675 1337 eum
1704 1292 1903 1349 autem,
1927 1284 2015 1354 qui
2038 1284 2218 1353 inique

621 1376 751 1445 agit,
782 1389 995 1446 paenam
1038 1376 1437 1431 interminatur.
1472 1377 1556 1433 Ab
1599 1377 1664 1432 iis
1696 1391 1815 1448 quae
1847 1378 2062 1432 innoxia
2092 1384 2217 1433 sunt

620 1480 911 1533 cavemus,
970 1482 1068 1523 nec
1117 1482 1370 1523 cavenms
1422 1468 1490 1524 ab
1543 1469 1641 1535 iis,
1694 1484 1813 1538 quae
1866 1481 1994 1524 sunt
2042 1468 2215 1537 culpa:

621 1558 868 1614 obnoxia.
902 1560 1047 1615 Bona
1078 1574 1165 1617 res
1203 1570 1285 1617 est
1322 1562 1686 1634 cleemosyna,
1726 1578 1845 1633 qu:e
1874 1562 2054 1634 specie
2092 1562 2214 1632 qui-

618 1648 740 1703 dem
770 1649 1047 1720 diSpergit,
1082 1668 1140 1707 re
1178 1661 1355 1707 autem
1398 1662 1704 1724 congregat.
1750 1653 2211 1720 Quemadmodum

619 1739 762 1793 enim
790 1742 1021 1812 agricola
1052 1752 1206 1799 terra:
1235 1744 1548 1809 faeneratur,
1568 1763 1630 1801 ex
1660 1762 1761 1816 qua
1791 1747 1993 1802 semina
2017 1761 2211 1815 cupe-

619 1841 767 1887 ctat:
820 1834 897 1888 sic
940 1835 1283 1907 eleemosyna
1320 1837 1448 1892 dum
1494 1838 1610 1892 aliis
1644 1837 1759 1894 dari
1807 1840 2037 1904 videtur,
2088 1853 2212 1893 vere

618 1923 765 1979 danti
798 1928 1059 1982 recondit.
1092 1927 1224 1984 Nam
1249 1929 1322 1984 ait
1351 1929 1513 1984 David
1559 1948 1573 1985 :
1604 1930 1875 2000 Dispersil,
1911 1930 2047 1985 dedit
2079 1947 2210 2001 pau-

619 2014 838 2084 peribus,
866 2018 1061 2086 iustitia
1090 2020 1199 2089 eius
1226 2031 1391 2075 manet
1421 2023 1472 2076 in
1493 2023 1739 2077 saxulum
1772 2022 1943 2091 (Psal.
1979 2024 2101 2080 111.
2128 2023 2206 2091 9).

618 2106 706 2163 Sic
732 2108 1057 2179 jejuncmus,
1088 2112 1167 2167 sic
1192 2112 1497 2181 adoremus,
1531 2116 1607 2168 sic
1645 2116 1949 2179 credamus,
1999 2115 2209 2169 Patrem

616 2200 998 2269 glorificantes,
1046 2204 1240 2260 Filium
1286 2205 1498 2277 hymnis
1545 2208 1909 2273 celebrantes,
1951 2206 2206 2276 Spiritum

615 2302 857 2350 sanctum
885 2296 1192 2362 adorantes,
1220 2299 1339 2369 quia
1366 2298 1463 2368 ipsi
1490 2299 1656 2369 gloria
1685 2299 1736 2354 in
1759 2299 1975 2357 stecnla.
2011 2301 2202 2353 Amen.

863 2431 1107 2501 Ejusdem
1137 2432 1188 2486 in
1232 2433 1459 2503 quintam
1495 2434 1626 2487 diem
1667 2434 1953 2487 creationis.

685 2568 737 2621 1.
765 2565 924 2622 Multa
951 2568 1164 2637 quidem
1187 2584 1484 2640 magnaque
1511 2585 1541 2624 a
1564 2570 1944 2639 benignissimo
1969 2570 2078 2625 Deo
2109 2571 2206 2624 ho-

612 2657 845 2713 minibus
873 2673 1127 2713 concessa
1156 2674 1379 2714 munera
1402 2669 1560 2724 sunt;
1607 2661 1834 2731 primum
1880 2669 2058 2715 autem
2085 2664 2202 2729 ejus

613 2750 1012 2819 maximumque
1042 2750 1240 2804 donum
1267 2760 1349 2806 est
1384 2750 1777 2820 Scripturarum
1824 2753 2084 2809 doctrina.
2110 2755 2202 2811 Sol

610 2840 754 2893 enim
782 2848 835 2894 et
888 2841 1031 2907 luna,
1081 2845 1361 2911 omnisque
1404 2843 1677 2899 stellarum
1709 2843 1939 2912 chorus,
1984 2846 2201 2903 ﬂumina

611 2931 762 2999 item,
795 2930 985 2996 fontes,
1016 2942 1071 2988 et
1099 2933 1267 3001 lacus,
1292 2935 1358 2990 ad
1388 2950 1673 3007 corporum
1698 2952 1852 2992 usum
1878 2938 2013 2995 facta
2042 2944 2159 2996 s‘unt
2183 2957 2197 3006 ;

608 3038 778 3077 sacra:
807 3039 937 3078 vero
962 3024 1273 3097 Scripturte,
1320 3028 1386 3083 ad
1421 3032 1717 3085 animarum
1769 3034 2199 3090 emendationem

608 3122 734 3167 sunt
758 3114 913 3169 datae.
944 3115 1154 3182 Quanto
1177 3128 1354 3173 autem
1383 3121 1557 3173 anima
1576 3135 1800 3191 corpore
1824 3125 2068 3193 superior
2094 3135 2197 3193 est,

609 3215 759 3260 tanto
783 3208 1031 3276 superius
1059 3209 1179 3263 aliis
1224 3220 1307 3265 est
1345 3211 1644 3267 divinarum
1674 3212 2067 3284 Scripturarum
2098 3218 2199 3273 do-

606 3312 755 3351 num.
782 3297 905 3353 ldeo
931 3300 1004 3353 ait
1028 3297 1280 3356 Servator
1306 3322 1319 3357 :
1344 3302 1660 3358 Scrutamini
1678 3304 1993 3375 Scripturas,
2013 3309 2063 3362 in
2088 3311 2200 3379 qui—

606 3389 697 3444 bus
742 3391 977 3445 videmini
1023 3392 1174 3446 vitam
1221 3403 1459 3449 wternam
1490 3396 1671 3451 habere
1716 3397 1907 3466 (Joan.
1955 3400 2010 3454 5.
2062 3401 2132 3457 59

606 3480 920 3538 Scrtttemur
939 3498 1068 3555 ergo
1098 3487 1378 3543 thesauros
1402 3487 1796 3558 Scripturarum
1817 3532 1832 3558 ,
1866 3500 1919 3545 et
1944 3508 2061 3563 quae
2084 3493 2200 3561 pol-

603 3571 734 3625 liciti
790 3589 975 3629 sumus
1024 3574 1418 3645 aggrediamur,
1474 3580 1813 3651 hominisque
1866 3584 2192 3639 creationem

602 3678 701 3732 pro
730 3664 867 3718 virili
902 3675 1081 3719 nostra
1104 3666 1396 3722 ordiamur.
1429 3668 1598 3725 Nemo
1628 3686 1754 3725 vero
1773 3688 1981 3727 rursum
2011 3690 2193 3743 repre-

602 3754 800 3810 hendat
852 3772 912 3810 ea
964 3772 1082 3827 qua:
1130 3760 1427 3814 accuratius
1472 3761 1857 3832 exploremus:
1900 3763 2001 3819 hoc
2049 3765 2190 3820 enim

601 3848 812 3904 illorum
865 3852 1138 3921 proprium
1180 3863 1261 3908 est
1286 3855 1376 3923 qui
1406 3856 1590 3925 nugari
1618 3856 1853 3920 student,
1882 3871 1942 3912 ea
1975 3873 2195 3927 carpere

601 3957 720 4009 qua:
750 3957 777 3994 a
807 3943 914 3999 Deo
940 3953 1135 3999 statuta
1158 3954 1302 4012 sunt,
1334 3954 1388 4001 et
1411 3961 1471 4000 ea
1504 3962 1623 4018 qua:
1643 3956 1894 4004 accurate
1945 3950 2194 4004 dicuntur

601 4035 1020 4104 reprehendere.
1054 4037 1242 4089 Audivi
1274 4037 1349 4092 sic
1375 4038 1677 4093 incursantes
1706 4057 1719 4091 :
1750 4039 1876 4106 Quae
1904 4042 2194 4095 necessitas

600 4134 717 4179 erat
740 4125 807 4180 de
836 4127 954 4195 igne
985 4136 1038 4181 et
1083 4142 1217 4197 aqua
1260 4127 1374 4183 haec
1417 4127 1599 4183 dicere
1624 4148 1635 4183 :
1660 4130 1848 4185 stridet
1879 4131 2035 4202 ignis,
2071 4148 2191 4188 eum

599 4232 734 4287 aqua
765 4220 815 4272 in
844 4233 969 4273 eum
1021 4219 1297 4288 injicitur?
1325 4220 1453 4285 Nos,
1501 4222 1731 4288 aiebant,
1757 4239 1861 4279 non
1896 4241 2071 4281 rerum
2103 4242 2197 4281 na-

602 4311 851 4364 turalium
892 4310 1319 4380 disquisitionem
1365 4314 1674 4384 qumrimus,
1723 4316 1817 4372 sed
1870 4318 2190 4374 divinarum.

597 4402 748 4459 Scias
779 4412 953 4457 autem
989 4414 1219 4471 oportet,
1265 4406 1377 4459 1ΙὶῺο
1406 4407 1565 4461 verba
1600 4408 1905 4477 ignavorum
1944 4421 1995 4465 et
2048 4412 2192 4465 iner-

600 4497 728 4550 tium
753 4512 871 4552 esse
898 4498 1194 4552 hominum.
1226 4498 1351 4553 Post
1377 4499 1695 4570 theologiam
1721 4505 1861 4557 enim
1886 4521 2065 4559 rerum
2101 4522 2192 4559 na-

600 4588 851 4643 turalium
875 4591 1143 4644 enarratio
1166 4591 1347 4659 pietati
1366 4590 1766 4648 fundamentum
1791 4596 1994 4665 praebet
2016 4614 2028 4649 :
2052 4599 2189 4666 quod

600 4681 645 4734 si
703 4681 1019 4735 naturalium
1055 4698 1229 4736 rerum
1284 4685 1847 4741 commemorationem
1873 4686 2187 4755 eliminant,

600 4783 853 4830 accusent
878 4775 1184 4846 prophetas,
1217 4778 1488 4846 apostolos
1516 4790 1757 4848 arguant.
1795 4782 2083 4851 Apostolus
2108 4798 2191 4837 res

599 4866 870 4921 naturales
902 4877 1133 4921 tractat:
1174 4887 1190 4918 ι
1230 4867 1347 4923 Non
1383 4870 1558 4924 omnis
1601 4885 1726 4924 caro
1783 4872 1969 4926 eadem
2019 4888 2187 4938 caro;

600 4957 692 5011 sed
749 4959 848 5011 alia
898 4974 1025 5013 caro
1082 4959 1375 5025 hominum,
1423 4960 1522 5013 alia
1563 4961 1948 5030 jumentorum,
1980 4963 2080 5016 alia
2115 4963 2193 5030 pi-

601 5050 793 5114 scium,
826 5050 927 5103 alia
974 5050 1183 5111 avium;
1216 5059 1269 5105 et
1313 5065 1535 5119 corpora
1584 5053 1836 5116 crelestia,
1870 5063 1922 5106 et
1965 5068 2191 5121 corpora

602 5149 811 5195 terrena
843 5158 862 5191 ι
909 5137 1005 5209 (1.
1052 5141 1171 5196 Cor.
1204 5142 1291 5197 15.
1324 5139 1413 5198 59.
1456 5143 1524 5197 40
1549 5147 1586 5213 ).
1630 5144 1734 5197 Cur
1770 5144 2023 5199 naturalia
2053 5146 2192 5200 edis-

599 5232 730 5285 serit
763 5229 975 5293 Paulus,
1009 5240 1062 5283 et
1082 5248 1145 5285 ex
1175 5234 1388 5287 musicis
1415 5234 1777 5289 instrumentis
1800 5238 2192 5292 accusationem

601 5325 847 5390 instituit,
877 5332 931 5379 et
951 5325 1021 5378 ait
1047 5342 1060 5380 :
1100 5344 1117 5376 ‹
1146 5324 1276 5379 Tam
1298 5326 1482 5392 multa,
1512 5337 1568 5381 ut
1602 5335 1745 5397 puta,
1767 5342 1960 5398 genera
1988 5330 2189 5402 lingua-

602 5431 723 5471 rum
756 5425 879 5469 sunt
908 5416 958 5469 in
991 5414 1210 5479 mundo,
1238 5425 1290 5468 et
1312 5416 1441 5470 nihil
1466 5417 1582 5471 sine
1607 5432 1735 5472 voce
1760 5418 1875 5472 est?
1906 5418 2117 5476 Etenim
2144 5423 2188 5477 si

602 5510 863 5563 incertam
897 5523 1077 5561 vocem
1102 5508 1307 5563 dederit
1333 5508 1476 5573 tuba,
1505 5511 1622 5580 quis
1645 5510 1851 5580 parabit
1879 5527 1937 5566 se
1967 5512 2033 5567 ad
2058 5529 2186 5583 prie.

602 5604 774 5658 lium?
801 5605 911 5657 sive
934 5602 1081 5665 tibia,
1124 5602 1236 5656 sive
1266 5601 1487 5667 cithara,
1532 5602 1631 5657 nisi
1662 5603 2055 5660 distinctionem
2105 5621 2190 5661 so-

603 5697 812 5752 nituum
842 5696 1106 5761 dederint,
1136 5694 1402 5765 quomodo
1435 5707 1788 5763 cognoscetur
1817 5697 1864 5752 id
1894 5700 2033 5769 quod
2066 5700 2188 5755 tibia

605 5797 698 5843 aut
742 5786 883 5856 quod
918 5787 1117 5841 cithara
1173 5788 1379 5841 canitur
1416 5806 1433 5838 ι
1471 5787 1563 5854 (1.
1601 5786 1717 5841 Cor.
1750 5790 1836 5843 14.
1870 5792 1954 5844 10.
1987 5791 2038 5845 8.
2074 5792 2193 5859 7)?

610 5878 746 5949 Quid
776 5879 920 5933 Pauli
943 5880 1114 5948 lingua
1154 5892 1438 5934 commune
1468 5877 1699 5934 habebat
1730 5894 1849 5933 cum
1884 5884 2007 5937 tibia
2037 5893 2087 5939 et
2111 5886 2186 5939 ci-

2047 419 2233 481 SEVE
2246 419 2429 480 MAN!

3828 463 3939 517 47?.

2335 539 2527 596 thara‘l
2552 539 2658 597 Sed
2688 541 3095 614 philosophatur
3140 560 3208 602 ex
3256 546 3321 603 iis
3363 563 3486 620 quae
3515 550 3616 607 sub
3653 565 3935 624 aspectum

2329 631 2548 697 cadunt,
2583 641 2639 686 ut
2678 647 2738 687 ea
2767 632 3004 689 declaret
3040 652 3159 705 qute
3200 637 3471 694 intellectu
3503 644 3927 712 perspiciuntur.

2328 722 2467 792 Quid
2522 739 2741 781 necesse
2792 738 2910 781 erat
2953 729 3004 782 in
3061 730 3195 784 libro
3242 729 3364 797 Job,
3414 732 3483 788 de
3532 742 3610 787 tot
3664 738 3933 807 tantisque

2330 815 2661 870 naturalihus
2732 817 2895 872 rebus
2962 821 3215 875 tractari?
3273 840 3292 873 s
3346 822 3541 878 Leonis
3611 825 3928 893 fortitudo,

2328 910 2511 965 lemna:
2534 925 2658 977 vox,
2686 912 2935 981 superbia
2982 913 3273 970 draconum
3322 917 3584 972 exstincta
3630 927 3736 973 est.
3786 920 3928 990 Myr-

2328 1004 2602 1060 mecoleon
2666 1006 2863 1075 periit,
2926 1022 2991 1061 eo
3056 1007 3197 1077 quod
3262 1024 3369 1064 non
3443 1008 3667 1065 haberet
3726 1027 3923 1068 escam.

2327 1096 2461 1150 Pulli
2508 1106 2685 1151 autem
2728 1099 2997 1153 vulturum
3027 1100 3132 1154 alte
3158 1099 3340 1154 volant
3364 1119 3383 1153 ι
3415 1100 3569 1172 (Job.
3594 1102 3647 1156 6.
3679 1102 3768 1158 10.
3801 1106 3857 1157 11
3885 1109 3926 1172 ).

2324 1189 2434 1244 Cur
2482 1191 2619 1243 alius
2668 1191 2924 1260 propheta
2984 1192 3233 1258 dicebat,
3298 1192 3627 1260 «Quomodo
3664 1196 3709 1248 si
3752 1207 3925 1250 sumat

2325 1279 2410 1335 leo
2433 1290 2488 1337 et
2515 1284 2706 1353 rapiat,
2748 1292 2908 1353 atque
2935 1286 3108 1354 rugiat
3131 1300 3294 1354 super
3324 1285 3581 1355 praedam,
3603 1296 3658 1341 et
3679 1288 3926 1358 replean-

2324 1382 2413 1428 tur
2437 1383 2644 1430 montes
2674 1390 2805 1430 voce
2828 1376 2942 1445 ejus
2977 1395 2995 1428 ι
3057 1376 3223 1447 (lsai.
3272 1377 3491 1451 5|.4)?
3531 1377 3759 1449 Ipseque
3803 1381 3923 1435 Scr-

2321 1473 2474 1520 vator
2500 1466 2569 1522 de
2612 1467 2943 1522 naturalibus
2990 1469 3147 1523 rebus
3191 1469 3629 1525 sermocinatur:
3678 1489 3697 1522 t
3735 1470 3918 1525 Simile

2320 1565 2403 1611 est
2428 1572 2650 1627 regnum
2694 1558 2945 1613 czelorum
2995 1573 3164 1628 grano
3203 1558 3426 1629 sinapis,
3454 1559 3599 1630 quod
3645 1562 3919 1615 minimum

2319 1658 2401 1703 est
2425 1650 2672 1705 omnibus
2702 1651 3019 1718 seminibus,
3050 1667 3172 1706 cum
3210 1662 3391 1707 autem
3434 1655 3692 1719 creverit,
3751 1656 3921 1725 majus

2317 1750 2401 1796 est
2430 1742 2677 1797 omnibus
2697 1743 2933 1798 oleribus
2966 1763 2985 1797 ι
3032 1743 3051 1813 (
3069 1743 3254 1798 Matth.
3288 1744 3376 1799 15.
3400 1746 3490 1800 51.
3528 1746 3599 1799 52
3624 1746 3642 1816 )
3668 1764 3681 1799 :
3707 1761 3769 1801 ac
3800 1762 3916 1800 rur-

2318 1845 2477 1887 sum:
2516 1849 2535 1883 ι
2599 1831 2786 1888 Simile
2838 1842 2921 1888 est
2976 1850 3197 1904 regnum
3240 1835 3516 1901 caelorum,
3567 1835 3917 1905 quemadmoo

2317 1923 2443 1978 dum
2474 1925 2517 1977 si
2546 1924 2709 1979 homo
2726 1925 2885 1994 jaciat
2937 1935 3233 1980 sementem
3266 1941 3436 1988 suam,
3472 1938 3527 1981 et
3554 1928 3840 1997 germinet,
3867 1937 3918 1981 et

2317 2027 2547 2083 crescat,
2586 2016 2713 2073 dum
2744 2019 2914 2074 nescit
2945 2018 3036 2073 ille
3071 2036 3084 2072 :
3123 2019 3263 2073 ultro
3294 2020 3438 2073 enim
3468 2030 3610 2074 terra
3632 2021 3913 2089 germinat,

2318 2112 2490 2182 primo
2512 2111 2756 2177 herbam,
2772 2110 2968 2166 deinde
2984 2113 3187 2183 spicam
3209 2131 3223 2168 :
3243 2112 3437 2168 deinde
3465 2112 3701 2167 triticum
3736 2112 3915 2182 implet

2316 2206 2369 2261 in
2397 2208 2543 2276 spica
2578 2225 2596 2258 ι
2636 2204 2839 2277 (Marc.
2882 2206 2937 2260 4.
2970 2204 3139 2260 26-23
3165 2205 3205 2275 ).
3256 2204 3583 2259 Naturalitcr
3639 2205 3802 2260 etiam
3848 2204 3911 2257 de

2314 2298 2448 2353 caelo
2472 2306 2662 2354 tractat
2697 2298 2951 2354 Servatur
2990 2314 3004 2352 :
3043 2316 3062 2349 ς
3100 2296 3154 2353 Si
3186 2297 3399 2362 uelum,
3449 2296 3643 2366 inquit,
3694 2311 3913 2365 vespere

2316 2393 2534 2446 rubrum
2566 2391 2740 2456 fuerit,
2775 2391 2975 2459 dicitis,
3007 2391 3269 2446 Serenum
3304 2392 3427 2457 erit,
3459 2391 3616 2445 rubet
3640 2390 3784 2445 enim
3806 2405 3881 2444 ea:

2315 2483 2421 2539 lum
2450 2502 2463 2537 :
2496 2494 2551 2539 et
2576 2483 2674 2538 snh
2698 2483 3009 2549 diluculum,
3034 2483 3204 2538 Hodie
3231 2484 3399 2537 imber
3419 2482 3520 2537 erit
3546 2501 3557 2535 :
3586 2483 3743 2535 rubet
3769 2480 3909 2535 enim

2313 2578 2464 2633 triste
2488 2577 2676 2631 uelum
2716 2596 2734 2629 ι
2771 2575 3090 2645 (ΜαιιΙι.16.
3115 2575 3173 2629 ‘2.
3194 2576 3228 2631 5
3248 2575 3291 2645 ).
3322 2573 3457 2643 Quid
3489 2572 3571 2628 his
3596 2587 3733 2641 opus
3762 2570 3911 2626 erat?

2311 2667 2437 2722 llaec
2466 2667 2586 2721 dico
2617 2678 2835 2737 propter
2854 2682 2948 2721 eos
2969 2668 3056 2737 qui
3079 2666 3267 2721 inscite
3297 2664 3698 2737 reprehendere
3726 2677 3911 2733 aggre—

2308 2758 2545 2813 diuntur.
2599 2758 2677 2813 De
2732 2758 2843 2812 Deo
2870 2768 3115 2812 movetur
3144 2772 3345 2824 sermo,
3385 2766 3440 2812 et
3482 2763 3789 2811 accuratam
3817 2754 3913 2809 do-

2309 2849 2496 2905 ctrinae
2535 2849 2930 2904 enarrationem
2988 2848 3175 2903 audire
3214 2848 3435 2903 renuis?
3485 2846 3712 2913 Quando
3754 2847 3911 2915 igitur

2308 2941 2638 3011 propositum
2661 2950 2744 2994 est
2774 2956 2868 3009 per
2893 2940 3127 2995 divinam
3154 2941 3376 3010 gratiam
3398 2939 3465 2993 de
3496 2938 3730 2992 hominis
3760 2952 3912 2991 crea-

2308 3032 2453 3087 tione
2483 3046 2789 3086 sermoncm
2818 3032 3037 3098 habere,
3071 3047 3175 3086 non
3208 3048 3305 3101 pro
3346 3032 3422 3086 rei
3472 3030 3751 3101 dignitate,
3813 3029 3908 3083 sed

2307 3140 2404 3195 pro
2436 3123 2685 3180 facultate
2714 3134 2896 3178 nostra
2931 3139 3109 3193 opera:
3136 3124 3363 3194 pretium
3395 3133 3476 3177 est
3514 3122 3579 3175 ad
3611 3136 3905 3191 argumen-

2309 3226 2417 3272 tum
2450 3216 2760 3287 procedere.

2377 3311 2432 3364 2.
2458 3309 2717 3365 Ornatum
2746 3324 2901 3364 suum
2924 3319 3205 3379 acceperat
3234 3307 3446 3374 cadum,
3478 3315 3617 3361 terra
3646 3304 3906 3359 fructibus

2304 3411 2559 3459 coronata
2582 3410 2716 3464 erat,
2742 3417 2893 3471 aquae
2916 3402 3078 3455 maris
3103 3410 3393 3470 segregatas
3430 3400 3667 3467 fuerant,
3710 3400 3906 3469 stirpes

2302 3500 2737 3566 germinaverant
2763 3534 2775 3555 ,
2806 3494 2974 3547 bruta:
3003 3494 3302 3548 animantes
3334 3491 3609 3562 producta:
3656 3491 3903 3555 fuerant,

2304 3587 2506 3656 repleta
2537 3594 2653 3640 erat
2682 3596 2847 3650 terra,
2878 3594 3067 3638 ornata
3096 3596 3210 3637 erat
3240 3584 3452 3646 domus,
3498 3581 3905 3636 desiderabatur

2304 3678 2543 3732 omnium
2575 3692 2692 3745 qum
2724 3674 2859 3729 facta
2909 3675 3120 3729 fuerant
3172 3676 3332 3730 herus
3380 3682 3435 3728 et
3494 3672 3897 3743 paterfamilias.

2305 3768 2447 3823 Dixit
2486 3768 2625 3821 Deus
2650 3783 2668 3820 .'
2696 3764 2967 3820 Faciamus
2993 3769 3245 3819 hominem
3279 3767 3347 3817 ad
3375 3765 3645 3835 imaginem
3680 3773 3725 3816 et
3758 3765 3905 3817 simi-

2304 3859 2563 3913 litudinem
2595 3857 3007 3927 nostram((ien.
3057 3859 3107 3910 1.
3146 3857 3272 3927 9.6).
3330 3855 3761 3909 Demonstratum
3821 3864 3905 3909 est

2303 3951 2493 4020 pridie,
2519 3965 2637 4020 qum
2663 3951 2731 4003 sit
2763 3949 2903 4003 illius
2930 3950 3077 4003 vocis
3107 3949 3206 4011 vis,
3241 3945 3536 4008 Faciamus,
3580 3958 3635 4000 et
3666 3947 3781 4017 quis
3816 3947 3903 3999 cui

2300 4043 2549 4112 loquatur
2587 4060 2599 4095 :
2634 4043 2749 4111 quis
2790 4041 3147 4106 consiliarius,
3181 4049 3234 4093 et
3287 4040 3437 4109 cujus
3481 4038 3551 4091 sit
3602 4038 3905 4091 communis

2300 4131 2639 4186 deliberatio.
2676 4132 2872 4185 Verum
2923 4133 3043 4201 quia
3077 4147 3140 4186 ex
3186 4130 3479 4200 Scripturis
3528 4128 3901 4194 ostendimus,

2299 4225 2663 4280 consiliarium
2694 4224 2898 4295 antiqui
2942 4224 3083 4279 illius
3128 4224 3337 4279 consilii
3377 4222 3572 4278 Filium
3626 4238 3780 4287 esse,
3839 4238 3904 4275 ac

2301 4319 2533 4389 Spiritus
2564 4317 2732 4372 sancti
2760 4318 2983 4385 gloriam
3030 4318 3326 4381 tacuinms;
3380 4330 3447 4370 ne
3494 4330 3560 4368 ex
3610 4315 3767 4368 nobis
3808 4316 3901 4383 qui

2300 4414 2413 4464 sani
2444 4425 2649 4473 sumus,
2684 4410 2716 4461 ii
2749 4411 2834 4477 qui
2872 4418 3131 4477 a‘grtttnnt
3153 4409 3463 4461 occasiones
3492 4414 3729 4475 captent,
3759 4406 3902 4459 scire

2298 4509 2527 4564 oportet,
2564 4516 2720 4553 unam
2754 4515 2872 4553 esse
2901 4500 3144 4568 gloriam,
3180 4513 3337 4551 unam
3363 4502 3706 4559 sententiam,
3732 4512 3901 4550 unum

2298 4600 2611 4660 aperantem
2637 4606 2937 4643 sermonem
2967 4590 3156 4650 Patris,
3187 4597 3239 4642 et
3270 4588 3387 4642 Filii
3421 4599 3473 4643 et
3508 4588 3740 4657 Spiritus
3770 4602 3901 4641 sau-

2298 4687 2387 4736 Cti.
2413 4682 2725 4751 Appellatus
2748 4694 2827 4734 est
2848 4681 2933 4735 hic
2956 4681 3291 4734 consiliarius
3320 4680 3519 4734 Filius:
3544 4680 3667 4733 alihi
3695 4680 3900 4733 dictum

2298 4788 2397 4843 est,
2452 4777 2543 4833 Dei
2585 4776 2863 4829 scientiam
2912 4775 3178 4828 neminem
3222 4773 3440 4836 habere,
3491 4773 3588 4825 nisi
3641 4773 3901 4841 Spiritum

2298 4876 2563 4922 sanctum.
2590 4865 2672 4920 Ait
2699 4864 2893 4919 Paulus
2924 4883 2935 4918 :
2966 4862 3133 4917 Nemo
3162 4864 3254 4917 scit
3275 4880 3388 4931 qute
3403 4872 3517 4915 sunt
3534 4864 3769 4926 laetantis,
3796 4865 3901 4915 nisi

2298 4960 2507 5029 spiritus
2542 4957 2780 5021 hominis,
2818 4957 2906 5025 qui
2949 4957 3001 5009 in
3042 4956 3153 5024 ipso
3182 4967 3254 5009 est
3284 4955 3394 5008 :ita
3416 4963 3460 5006 et
3489 4968 3603 5022 qua:
3634 4952 3728 5006 Dei
3778 4966 3901 5007 sunt

2300 5068 2446 5104 nemo
2475 5050 2725 5120 cognovit,
2757 5049 2853 5101 nisi
2911 5046 3136 5117 Spiritus
3184 5046 3282 5098 Dei
3335 5046 3416 5113 (l.
3444 5043 3562 5098 Cor.
3596 5045 3651 5098 2.
3683 5045 3743 5099 11
3771 5044 3809 5113 ).
3839 5046 3898 5100 Si

2300 5142 2538 5211 Spiritus,
2580 5139 2771 5208 quiest
2801 5140 2853 5191 in
2881 5147 2954 5202 te,
3002 5153 3030 5191 a
3079 5147 3165 5191 tua
3197 5138 3494 5190 substantia
3539 5137 3746 5191 alienus
3785 5150 3895 5199 est,

2299 5238 2456 5290 etiam
2471 5235 2558 5303 qni
2580 5236 2630 5286 in
2650 5234 2757 5287 Deo
2770 5242 2851 5287 cst
2863 5232 3088 5300 Spiritus
3106 5231 3310 5284 alienus
3322 5239 3404 5284 est
3417 5250 3444 5282 a
3462 5230 3554 5285 Dei
3572 5232 3893 5285 substantia.

2372 5328 2567 5392 Patris,
2600 5326 2727 5379 Filii
2764 5336 2808 5379 et
2844 5326 3067 5394 Spiritus
3094 5325 3255 5377 sancti
3280 5341 3383 5377 una
3402 5324 3652 5378 voluntas.
3674 5354 3746 5364 —
3768 5324 3899 5377 Vult

2299 5419 2497 5490 aliquid
2530 5417 2723 5471 Pater?
2776 5416 2974 5470 Eadem
3018 5416 3265 5469 voluntas
3317 5425 3371 5469 et
3415 5415 3532 5469 Filii
3569 5423 3625 5469 et
3662 5414 3899 5482 Spiritus

2300 5512 2470 5566 sancti
2515 5517 2617 5564 est.
2650 5508 2776 5561 Vult
2830 5506 3027 5577 aliquid
3076 5505 3278 5560 Filius?
3308 5505 3507 5560 Eadem
3562 5507 3807 5559 voluntas
3841 5518 3897 5559 et

2299 5605 2472 5659 Patris
2501 5612 2553 5656 et
2591 5598 2822 5669 Spiritus
2862 5610 2963 5653 est.
3000 5598 3123 5653 Vult
3163 5598 3362 5667 aliquid
3393 5596 3659 5666 Spiritus?
3688 5597 3895 5653 Eadem

2302 5697 2547 5750 voluntas
2580 5704 2629 5748 et
2663 5692 2833 5747 Patris
2870 5700 2923 5745 et
2955 5690 3093 5746 Filii.
3135 5691 3368 5747 Suscitat
3410 5691 3566 5745 Pater
3612 5696 3899 5745 mortuus?

2298 5791 2529 5848 Suscitat
2554 5796 2608 5841 et
2646 5786 2829 5840 Filius.
2879 5786 2965 5840 Ait
3006 5786 3200 5856 quippe
3237 5785 3506 5848 Servator,
3557 5784 3703 5839 Sicut
3757 5788 3901 5840 enim

2306 5881 2461 5935 Pater
2492 5876 2696 5934 suscitat
2746 5889 2973 5931 mortuos
3014 5888 3061 5933 et
3090 5880 3327 5947 vivi/ictu,
3357 5879 3429 5933 sic
3476 5890 3523 5932 et
3567 5876 3740 5932 Filius
3768 5897 3897 5939 quos
