4158 6488
285 387 393 440 471

262 497 374 552 τῶν
407 496 584 568 ἔργων
627 498 723 551 τοῦ
768 498 1014 554 διαϐόλου
1063 504 1122 556 ού
1171 506 1381 580 χωρίζῃ
1427 507 1495 562 δι’
1528 510 1841 575 εύσέϐειανς

1333 392 1420 445 DE
1457 393 1673 451 MUNDI
1712 396 2109 454 CREATIONE
2145 398 2402 455 ORATIO
2440 402 2503 455 V.

3422 414 3537 469 472

1956 516 2399 584 Μυρμηκολέων
2427 516 2614 571 ὤλετο
2663 518 2822 586 παρὰ
2870 518 2933 573 τὸ
2983 517 3066 588 μὴ
3116 520 3279 588 ἔχειν
3308 520 3527 590 βοράν.

262 587 376 639 Καὶ
411 586 545 657 μὴν,
575 585 827 655 ἀδελφοὶ,
856 589 996 643 κατά
1026 591 1122 644 τοῦ
1169 593 1244 664 μὴ
1280 597 1633 665 νηστεύοντος
1664 599 1844 668 κρίσις
1947 605 2206 662 Νεοσσοί
2229 605 2297 660 δὲ
2315 606 2524 676 γυπῶν
2543 607 2614 663 τὰ
2643 585 2851 679 ὑψηλὰ
2883 585 3185 665 πέτονταί
3202 612 3351 666 Διατί
3372 585 3530 679 ἀλλος

258 674 359 743 οὐχ
379 672 609 743 ὥρισται
632 689 647 704 ο
682 675 821 728 κατὰ
846 674 902 728 δέ
927 676 1022 730 τοῦ
1051 678 1361 746 ἀδικοῦντος
1383 685 1655 755 τιμωρίαν
1687 688 1844 756 ἠπεί-

256 756 442 827 λησεν.
477 759 557 812 Τά
594 761 863 815 ἀνεύθυνα
909 762 1205 835 φεύγομεν,
1258 769 1351 822 καὶ
1396 772 1465 825 τά
1501 772 1732 827 ύπόδικα
1777 776 1837 827 ού

254 847 561 918 φεύγομεν;
602 850 831 919 Ἀγαθὸν
871 855 904 924 ή
934 852 1273 929 ἐλεημοσύνη
1294 875 1307 888 ·
1342 862 1407 930 τῇ
1456 860 1556 929 μέν
1586 862 1694 933 γὰρ
1720 864 1839 932 ὄψει

252 936 662 1009 σκορπιζομένη
686 981 701 1004 ,
734 942 795 1010 τῇ
827 939 882 993 δὲ
918 941 1145 1013 ἀληθείᾳ
1196 948 1439 1014 συνάγει.
1474 949 1682 1022 ’Ὥσπερ
1728 952 1838 1023 γὰρ

248 1024 593 1111 γεωργὸςῌτῇ
627 1029 696 1098 γῇ
728 1026 978 1094 δανείζει,
1033 1031 1128 1101 ἀφ’
1157 1027 1226 1105 ἦς
1254 1035 1533 1106 ἐκδέχεται
1568 1039 1637 1092 τὰ
1669 1040 1838 1111 σπέρ-

250 1128 403 1181 ματα
429 1128 443 1143 ο
478 1105 647 1175 οὕτως
679 1114 713 1184 ή
764 1114 1101 1189 ἐλεημοσύνη
1153 1119 1302 1174 δοκεῖ
1329 1105 1428 1193 μὲν
1472 1125 1653 1189 ἄλλοις
1694 1105 1833 1181 δίδο-

246 1196 397 1263 σθαι,
418 1201 482 1269 τῇ
510 1199 567 1252 δέ
590 1199 820 1273 ἀληθείᾳ
847 1201 924 1272 τῷ
946 1203 1201 1259 δεδωκότι
1224 1210 1566 1278 ταμιεύεται.
1586 1214 1833 1284 Ἐσκόρ-

243 1300 393 1338 πισε
420 1287 545 1359 γὰρ,
597 1289 759 1359 φησὶν
792 1292 819 1342 6
864 1289 1027 1344 Δαυῖδ
1049 1331 1064 1356 ,
1092 1293 1274 1349 ἔδωκε
1324 1297 1447 1364 τοῖς
1481 1301 1762 1371 πένησιν,
1792 1304 1831 1373 ἠ

238 1369 604 1442 δικαιοσύνη
635 1374 824 1429 αὺτοῦ
862 1378 1031 1446 μένει
1058 1382 1146 1445 εἰς
1171 1382 1276 1435 τὸν
1298 1384 1506 1441 αἰῶνα.
1552 1387 1710 1443 Οὕτω
1736 1369 1832 1462 νηέ

242 1458 560 1530 στεύσωμεν
581 1501 596 1525 ,
637 1462 780 1517 οὕτω
829 1470 1317 1542 προσκυνήσωμεν,
1349 1473 1492 1529 οὕτω
1525 1478 1830 1531 πιστεύσω-

243 1563 369 1615 μεν,
399 1547 490 1598 τὸν
524 1548 744 1622 Πατέρα
777 1551 1110 1619 δοξάζοντες,
1142 1556 1234 1610 τὸν
1266 1559 1395 1613 Υίὸν
1422 1561 1742 1632 ὑμνοῦντες,
1769 1565 1829 1619 τὸ

240 1632 469 1703 Πνεῦμα
493 1634 553 1686 τὸ
580 1636 734 1706 ἀγιον
760 1641 1217 1710 προσκυνοῦντες,
1248 1646 1331 1699 ὅτι
1360 1648 1506 1719 αύτῷ
1535 1652 1568 1721 ή
1592 1650 1717 1719 δόξα
1748 1655 1829 1718 εἰς

236 1722 368 1785 τοὺς
400 1722 623 1788 αἰῶνας.
675 1725 871 1798 Ἀμήν.

240 1872 357 1929 Τοῦ
384 1875 572 1930 αὑτοῦ
598 1879 681 1945 εἰς
704 1877 819 1948 τὴν
867 1880 1145 2005 πέμπΐτην
1195 1886 1425 1961 ἡμέραν
1458 1889 1568 1960 τῆς
1598 1909 1823 1964 κοσμο-

913 1967 1014 2005 ποι
1038 1972 1130 2005 ac.

913 1967 1130 2019 ποιῖας.

308 2097 379 2144 α’.
404 2093 581 2148 Πολλά
606 2096 702 2163 μὲν
737 2098 830 2152 καὶ
856 2101 1068 2169 μεγάλα
1100 2104 1169 2158 τὰ
1189 2106 1341 2175 παρὰ
1378 2108 1475 2161 τοῦ
1505 2109 1810 2181 φιλανθρώ-

232 2202 339 2236 που
357 2185 491 2238 Θεοῦ
512 2190 621 2251 τοῖς
648 2189 954 2262 ἀνθρώποις
965 2195 1170 2268 δεδωρη
1180 2198 1318 2268 μένα
1335 2216 1348 2229 ·
1371 2200 1559 2273 πρώτη
1581 2204 1635 2255 δὲ
1656 2204 1821 2258 αὑτοῦ

230 2280 328 2333 καὶ
358 2280 590 2352 μεγίστη
621 2283 811 2337 πασῶν
839 2285 1059 2358 δωρεῶν
1087 2290 1119 2361 ή
1149 2290 1259 2343 τῶν
1295 2292 1528 2363 Γραφῶν
1568 2295 1821 2351 διδασκα-

227 2370 340 2425 λία.
379 2373 563 2436 Ἥλιος
610 2376 707 2445 μὲν
754 2377 864 2449 γάρ
910 2381 1005 2433 καὶ
1059 2382 1292 2455 σελήνη,
1343 2388 1435 2440 καὶ
1482 2390 1586 2453 πᾶς
1627 2392 1655 2444 6
1710 2393 1817 2447 τῶν

226 2462 448 2535 ἄστρων
483 2469 661 2539 χορὸς,
710 2473 804 2525 καὶ
852 2477 1086 2545 ποταμοὶ
1128 2480 1223 2531 καὶ
1266 2482 1441 2551 πηγαὶ
1487 2483 1579 2536 καὶ
1632 2484 1816 2555 λίμναι

227 2557 369 2627 πρὸς
398 2559 498 2629 τὴν
529 2559 638 2613 τῶν
671 2564 939 2634 σωμάτων
966 2567 1262 2638 θεραπείαν
1292 2574 1653 2645 γεγένηνται·
1675 2581 1729 2631 αἱ
1757 2580 1814 2632 δὲ

224 2652 383 2719 ἅγιαι
405 2653 619 2725 Γραφαὶ
650 2656 785 2728 πρὸς
810 2658 908 2730 τὴν
937 2658 1045 2715 τῶν
1081 2662 1271 2735 ψυχῶν
1302 2666 1588 2739 διόρθωσιν
1629 2672 1815 2745 ἐδόθηο

223 2762 328 2802 σαν
349 2763 363 2775 ·
420 2746 530 2817 ὅσῳ
558 2748 615 2801 δὲ
669 2750 937 2820 σωμάτων
967 2754 1223 2829 ἀνωτέρα
1244 2758 1412 2830 ψυχὴ,
1438 2762 1676 2833 τοσούτῳ
1705 2767 1813 2821 τῶν

220 2837 400 2892 ἄλλων
426 2839 643 2911 δωρεῶν
682 2843 932 2916 ἀνωτέρα
982 2847 1014 2919 ή
1046 2847 1155 2902 τῶν
1208 2849 1368 2905 θείων
1403 2852 1653 2924 Γραφῶν.
1712 2858 1810 2912 Διά

222 2929 383 2983 τοῦτο
402 2930 549 2998 λέγει
571 2934 598 2986 6
618 2934 808 3005 Σωτήρ
830 2951 842 2963 ο
882 2936 1192 3005 Ἐρευνᾶτε
1211 2941 1317 3008 τὰς
1338 2945 1602 3014 Γραφὰς,
1625 2947 1696 3003 ἐν
1713 2943 1811 3014 αἶς

220 3021 451 3077 δοκεῖτε
491 3023 642 3095 ζωὴν
665 3026 906 3083 αἰώνιον
950 3030 1133 3100 ἔχειν.
1179 3035 1589 3111 Ἐρευνήσωμεν
1630 3042 1808 3095 τοίνυν

217 3114 345 3178 τοὺς
385 3117 691 3189 θησαυροὺς
742 3120 852 3173 τῶν
901 3122 940 3173 Γ
948 3124 1155 3193 ραφῶν,
1207 3128 1302 3181 καὶ
1346 3131 1445 3200 τῆς
1476 3133 1807 3201 ἐπαγγελίας

220 3204 511 3277 ἁψώμεθα,
553 3211 646 3262 καὶ
687 3209 779 3263 τοῦ
810 3211 1098 3285 ἀνθρώπου
1125 3218 1221 3287 τὴν
1270 3218 1630 3294 δημιουργίαν
1664 3226 1806 3279 κατά

216 3296 448 3369 δύναμιν
497 3301 733 3367 ἐξειπεῖν
786 3305 1245 3378 ἐπιχειρήσωμεν.
1288 3312 1492 3383 Μηδεὶς
1537 3315 1593 3369 δὲ
1647 3319 1804 3372 πάλιν

220 3392 521 3462 μεμφέσθω
547 3399 659 3458 τοῖς
682 3398 819 3466 μετὰ
837 3399 1122 3471 ἀκριϐείας
1144 3400 1496 3475 ζητουμένοις
1513 3426 1527 3439 ·
1548 3409 1680 3465 ίδιον
1696 3414 1802 3485 γάρ

214 3483 323 3535 τῶν
351 3485 610 3555 φλυαρεῖν
643 3490 1067 3560 ἐπιχειρούντων
1102 3493 1160 3547 τὸ
1189 3495 1506 3567 μέμφεσθαι
1543 3507 1662 3567 ταῖς
1706 3483 1799 3559 τοῦ

215 3572 350 3629 Θεοῦ
404 3577 679 3644 διατάξεσι
730 3582 826 3634 καὶ
880 3583 1132 3651 ἐγκαλεῖν
1178 3590 1291 3652 τοῖς
1337 3592 1474 3660 μετά
1520 3593 1800 3664 ἀκριϐείας

215 3666 805 3740 λεγομένοις.Ἥκουσά
826 3692 987 3729 τινων
1008 3678 1406 3746 ἐγκαλούντων,
1430 3686 1511 3738 ὅτι
1537 3704 1619 3751 τις
1643 3691 1799 3760 χρεία

216 3750 282 3825 ἦν
303 3761 476 3814 είπεῖν
510 3763 638 3832 περὶ
667 3763 839 3834 πυρὸς
873 3766 965 3820 καὶ
998 3767 1219 3835 ὕδατος,
1262 3772 1343 3826 ὅτι
1385 3776 1558 3845 τρίζει
1586 3750 1796 3851 τὸῃίπῦρ

216 3848 405 3913 ὕδατος
436 3853 891 3925 ἐπιϐαλλομένους
936 3858 1144 3928 Ἡμεῖς,
1174 3863 1328 3932 φησὶ,
1364 3867 1705 3933 φυσιολογίαν
1736 3848 1795 3925 ού

215 3942 436 4015 θέλομεν
468 3945 777 4016 μανθάνειν,
808 3949 939 4004 ἀλλά
967 3950 1261 4019 θεολογίαν.
1317 3957 1406 4010 Δεῖ
1454 3958 1511 4012 δὲ
1562 3960 1791 4029 εἰδέναι,

212 4035 289 4089 ὅτι
318 4037 490 4091 ταῦτα
523 4040 590 4093 τά
616 4042 836 4111 ῥήματα
861 4044 1045 4116 ἀργῶν
1066 4049 1181 4100 ἐστι
1207 4049 1301 4101 καὶ
1332 4050 1608 4122 ῥᾳθύμων.
1640 4058 1794 4112 Μετά

211 4129 317 4199 γὰρ
343 4131 443 4201 τὴν
471 4132 748 4201 θεολογίαν
786 4136 818 4205 ἡ
852 4138 1163 4208 φυσιολογία
1196 4144 1435 4213 κρηπῖδα
1469 4148 1696 4219 παρέχει
1724 4155 1790 4223 τῇ

212 4222 462 4291 εὐσεϐείᾳ.
488 4241 500 4253 ·
529 4227 650 4279 είδὲ
676 4228 995 4283 ἐκϐάλλουσι
1026 4234 1393 4303 φυσιολογίαν,
1424 4222 1791 4307 ἐγκαλείσθωέ

212 4330 309 4368 σαν
334 4320 447 4381 τοῖς
468 4320 799 4391 προφήταις,
844 4324 1245 4393 μεμφέσθωσαν
1286 4330 1401 4393 τοῖς
1446 4331 1784 4402 ἀποστόλοις.

222 4402 279 4458 ’0
313 4407 629 4475 Ἀπόστολος
659 4413 1002 4482 φυσιολογεῖ·
1029 4418 1112 4470 Οὐ
1155 4417 1325 4473 πᾶσα
1366 4422 1524 4491 σὰρξ
1553 4426 1590 4494 ἡ
1633 4428 1785 4498 αὑτὴ

210 4496 395 4566 σάρξ·
434 4500 571 4555 ἀλλ’
599 4502 756 4571 ἄλλη
792 4506 909 4573 μὲν
940 4508 1097 4577 σὰρξ
1140 4510 1486 4579 ἀνθρώπων,
1520 4517 1679 4585 ἄλλη
1719 4496 1787 4575 δέ

210 4588 364 4654 σὰρξ
398 4590 653 4657 κτηνῶν,
695 4594 854 4663 ἄλλη
899 4596 967 4651 δὲ
993 4602 1235 4667 ἰχθύων,
1264 4604 1423 4673 ἄλλη
1469 4607 1537 4660 δὲ
1595 4625 1780 4667 πετει-

211 4678 354 4730 νῶν·
378 4684 477 4735 καί
502 4684 745 4753 σώματα
760 4688 1106 4758 ἐπουράνια,
1143 4698 1239 4750 καί
1262 4699 1507 4769 σώματα
1531 4703 1777 4774 ἐπίγεια.

210 4771 355 4825 Διατί
381 4777 690 4845 φυσιολογεῖ
718 4781 944 4849 Παῦλος,
974 4785 1068 4837 καὶ
1101 4788 1207 4840 ἀπὸ
1231 4794 1505 4859 μουσικῶν
1534 4771 1781 4865 ὀργάνων

210 4862 438 4930 ἐγκαλεῖ,
469 4870 563 4923 καὶ
596 4870 776 4939 λέγει’
810 4872 1081 4931 Τοσαῦτα
1101 4882 1153 4933 εἰ
1185 4883 1377 4952 τύχοι,
1397 4885 1540 4954 γένη

208 4952 368 5011 ἐστιν
401 4961 470 5014 ἐν
490 4963 713 5031 κόσμῳ,
746 4965 846 5019 καί
867 4967 1048 5021 οὐδὲν
1073 4970 1314 5039 ἄφωνόν
1338 4952 1468 5029 ἐστι
1490 4992 1509 5037 ;
1529 4952 1644 5031 kal
1669 4980 1774 5049 γὰρ

208 5045 308 5101 ἐὰν
338 5053 568 5120 ἄδηλον
594 5057 805 5124 φωνὴν
835 5058 1106 5131 σάλπιγξ
1139 5063 1241 5130 δῷ,
1272 5067 1364 5133 τίς
1399 5067 1549 5143 [481]
1588 5045 1777 5141 παρα-

209 5145 543 5206 σκευιίζεται
559 5150 645 5213 εἰς
675 5150 977 5218 πόλεμον;
1009 5154 1145 5208 Εἰτε
1170 5157 1378 5224 αὐλὸς,
1399 5161 1519 5214 εἶτε
1544 5164 1773 5232 κιθάρα,

208 5229 309 5285 ἐὰν
338 5236 671 5307 διαστολὴν
715 5240 839 5307 τοῖς
874 5245 1156 5313 φθόγγοις
1199 5248 1283 5316 μὴ
1330 5250 1434 5315 δῷ,
1471 5252 1595 5319 πῶς
1629 5229 1776 5323 γνωὲ

210 5324 488 5390 σθήσεται
522 5329 588 5382 τὸ
614 5332 992 5401 αὐλούμενον
1026 5336 1062 5405 ἢ
1101 5339 1168 5391 τὸ
1203 5340 1681 5412 κιθαριζόμενον;
1709 5347 1775 5399 Τί

210 5418 371 5470 κοινὸν
391 5419 532 5491 εἶχεν
548 5426 579 5489 ἡ
598 5424 810 5478 Παύλου
829 5425 1047 5495 γλῶσσα
1060 5432 1194 5503 πρὸς
1220 5433 1378 5487 αύλὸν
1402 5440 1494 5490 καὶ
1510 5440 1738 5509 κιθάραν
1755 5460 1769 5509 ;

220 5503 368 5562 Ἀλλὰ
420 5516 731 5585 φυσιολογεῖ
758 5518 864 5570 ἀπὸ
893 5518 999 5571 τῶν
1028 5524 1368 5593 φαινομένων
1390 5568 1403 5588 ,
1454 5530 1537 5582 ἵνα
1592 5503 1739 5602 παρα

209 5596 368 5693 ἷτῇσῃ
414 5604 481 5655 τὰ
512 5606 792 5676 νοούμενα.
833 5609 927 5672 Τίς
958 5606 1025 5681 ἦν
1073 5614 1229 5683 χρεία
1268 5618 1324 5668 ἐν
1356 5621 1420 5689 τῇ
1467 5620 1634 5693 βίϐλῳ
1672 5596 1769 5679 τοῦ

218 5682 327 5738 Ίὼϐ
375 5695 827 5768 φυσιολογηθῖψαι
880 5682 1163 5767 τοσαῦτας
1220 5682 1438 5777 Σθένος
1467 5682 1763 5782 θέοντος,

207 5780 362 5850 φωνὴ
402 5787 685 5857 λεαίνης,
744 5794 1035 5864 γαυρίαμα
1087 5795 1430 5866 δρακόντων
1479 5780 1757 5876 ἐσϐέσθη.

1951 699 2237 770 προφήτης
2276 698 2461 769 ἔλεγεν
2479 716 2494 731 ο
2524 703 2635 755 Ὃν
2660 703 2883 771 τρόπον
2918 703 3027 757 ἐὰν
3057 702 3211 771 λάϐῃ
3241 703 3398 758 λέων
3426 706 3526 761 καί

1944 790 2208 860 ἁρπάσῃ,
2243 793 2343 847 καί
2360 795 2568 865 ,βοήση
2596 796 2694 851 ἐπί
2723 796 2802 866 τῇ
2833 796 3002 866 θήρᾳ,
3044 800 3140 853 καί
3173 798 3422 866 πλησθῇ
3455 798 3551 853 τὰι

1945 891 2054 962 ὄρη
2084 892 2193 963 τῆς
2219 894 2425 964 φωνῆς
2454 897 2675 963 αὐτοῦ;
2709 897 2819 951 Καὶ
2863 898 3025 959 αὐτὸς
3061 900 3089 950 6
3124 898 3312 968 Σωτὴρ
3338 915 3527 968 φυσιοο

1942 984 2090 1055 λογεῖ
2105 1004 2119 1019 ⁸
2148 988 2340 1059 Ὁμοία
2360 990 2531 1044 ἐστίν
2547 992 2584 1060 ἠ
2597 992 2885 1055 ,βασιλειά
2907 992 3025 1045 τῶν
3043 991 3314 1062 οὐρανῶν
3330 993 3526 1059 κόκκῳ

1943 1080 2282 1150 σινήπεως,
2338 1084 2369 1137 ὃ
2412 1086 2765 1154 μικρότερον
2810 1085 2927 1155 μὲν
2958 1086 3090 1141 ἐστι
3154 1083 3273 1137 τῶν
3315 1084 3526 1138 ἄλλων

1938 1174 2315 1245 σπερμάτων,
2359 1178 2627 1246 αὑξηθὲν
2670 1177 2758 1243 δὲ,
2797 1176 2997 1247 μεῖζον
3029 1176 3270 1230 πάντων
3297 1176 3523 1246 γίνεται

1937 1264 2057 1321 τῶν
2078 1266 2391 1337 λαχάνωνο
2418 1270 2512 1324 καὶ
2538 1270 2731 1323 πάλιν·
2761 1270 2957 1340 Ὁμοία
2975 1269 3146 1323 ἐστὶν
3170 1271 3205 1337 ἡ
3231 1268 3522 1333 ,βασιλεία

1934 1360 2053 1415 τῶν
2079 1363 2373 1433 οίφανῶν,
2399 1366 2482 1432 ὡς
2514 1365 2623 1420 ἐὰν
2646 1364 3133 1434 ἆνθρωποςβὰλῃ
3155 1363 3263 1418 τὸν
3287 1365 3522 1433 σπόρον

1933 1457 2143 1523 αὐτοῦ,
2189 1458 2286 1514 καί
2337 1459 2665 1529 ,βλαστάνῃ
2723 1459 2825 1513 καί
2856 1460 3224 1530 μηκύνηται,
3276 1458 3357 1523 ὡς
3406 1458 3519 1512 οὐκ

1931 1545 2094 1604 οἶδεν
2144 1552 2360 1619 αὐτός’
2412 1553 2715 1623 αὐτομάτη
2774 1551 2888 1623 γὰρ
2936 1554 2975 1621 ἡ
3024 1550 3099 1622 γῆ
3141 1548 3516 1616 βλαστάνει.

1931 1643 2166 1712 πρῶτον
2188 1646 2427 1715 χόρτον,
2467 1643 2594 1702 εἶτα
2627 1646 2885 1717 στάχυν,
2918 1642 3047 1700 εἶτα
3076 1645 3249 1699 σῖτον
3297 1641 3523 1711 πληροῖ

1929 1735 2000 1789 ἐν
2025 1736 2104 1797 τῶ
2129 1738 2371 1807 στάχυϊ.
2399 1741 2714 1810 Φυσιολογεῖ
2730 1741 2825 1793 καὶ
2855 1740 2947 1792 τὸν
2968 1737 3193 1808 οὐρανὸν
3221 1738 3249 1790 6
3278 1735 3471 1805 Σωτήρ
3496 1751 3511 1766 ·

1942 1828 2084 1883 Ἐὰν
2110 1830 2372 1899 γένηται,
2406 1833 2601 1903 φησὶν,
2647 1836 2680 1887 ό
2719 1832 2975 1901 οὐρανὸς
3015 1832 3195 1899 ὀψίας
3249 1827 3510 1896 πυρῤόςν

1925 1921 2151 1991 λέγετε,
2179 1924 2387 1988 Εὐδία,
2417 1924 2693 1994 πυρράζει
2730 1925 2837 1994 γὰρ
2863 1927 2895 1979 ό
2936 1923 3193 1991 οὐρανός
3213 1938 3225 1951 ·
3258 1920 3357 1973 καί
3390 1919 3511 1974 ὑπὸ

1926 2017 2035 2070 τὸν
2067 2017 2303 2087 ὄρθρον,
2333 2017 2605 2088 Σήμερον
2634 2016 2874 2087 χειμὼν,
2912 2014 3189 2085 πυρράζει
3221 2017 3332 2083 γὰρ
3358 2029 3511 2067 στυ-

1925 2113 2151 2183 γνάζων
2198 2118 2232 2170 ό
2275 2116 2554 2183 οὐρανός.
2590 2116 2688 2179 Τίς
2723 2109 2817 2169 οῦν
2849 2113 3006 2184 χρεία
3035 2112 3280 2173 τούτωνς
3318 2108 3506 2163 Ταῦτα

1922 2208 2065 2276 λέγω
2098 2208 2187 2262 διὰ
2215 2208 2342 2273 τοὺς
2387 2208 2727 2273 ἀπαιδεύτως
2775 2207 3027 2277 ἐγκαλεῖν
3071 2202 3501 2275 ἐπιχειροῦντας.

1923 2302 2058 2371 Περὶ
2104 2299 2239 2355 Θεοῦ
2275 2303 2507 2355 κινεῖται
2538 2300 2732 2370 λόγος,
2772 2300 2868 2354 καὶ¹
2907 2297 3128 2368 φεύγεις
3159 2295 3257 2367 τὴν
3297 2294 3503 2367 ἀκριϐῆ

1919 2393 2029 2446 τῶν
2078 2394 2364 2465 δογμάτων
2415 2394 2716 2467 ἀκρόασιν;
2784 2394 2936 2448 Ἐπεὶ
2980 2391 3159 2445 τοίνυν
3219 2390 3501 2463 πρόκειται

1918 2484 2054 2539 Θεοῦ
2110 2487 2293 2558 χάριτι
2340 2487 2421 2551 είς
2478 2486 2577 2556 τὴν
2633 2484 2727 2539 τοῦ
2796 2484 3086 2557 ἀνθρώπου
3136 2484 3502 2556 δημιουργίαν

1916 2582 2126 2646 εἰπεῖν,
2162 2579 2222 2633 ού
2265 2581 2386 2634 κατ’
2434 2579 2592 2646 ἀξίαν
2636 2578 2731 2631 τοῦ
2782 2578 3127 2649 πράγματος,
3178 2578 3311 2633 ἀλλά
3358 2576 3501 2632 κατά

1914 2671 2142 2743 δύναμιν
2170 2672 2265 2744 τὴν
2296 2672 2590 2745 ήμετέραν,
2634 2670 2947 2740 ἀναγκαίως
2992 2672 3073 2727 είς
3106 2670 3204 2741 τὴν
3242 2668 3500 2724 ὑπόθεσιν

1914 2765 2260 2838 καθήξωμεν.

1985 2867 2050 2938 β’.
2080 2866 2452 2939 Ἐκεκόσμητο
2470 2869 2498 2922 6
2514 2866 2761 2939 οὐρανὸς,
2777 2866 3120 2936 ἐστεφάνωτο
3134 2866 3251 2927 τοῖς
3264 2866 3498 2935 καρποῖς

1909 2961 1941 3028 ἡ
1990 2959 2085 3030 γῆ,
2132 2957 2388 3030 διώριστο
2429 2959 2499 3013 τά
2522 2960 2621 3031 τῆς
2653 2959 2928 3029 θαλάσσης
2958 2957 3146 3023 ὕδατα,
3191 2956 3494 3026 ἐϐλάστησε

1912 3050 2285 3121 βλαστήματα,
2313 3051 2550 3123 προῆλθε
2581 3050 2651 3104 τὰ
2689 3051 2857 3119 ἄλογα
2890 3050 3025 3117 ζῶα,
3067 3049 3425 3120 ἐπεπλήρωτο
3458 3050 3492 3119 ἡ

1910 3143 2224 3214 οἰκουμένη,
2256 3142 2593 3215 ἐκεκόσμητο
2627 3145 2654 3196 6
2692 3139 2861 3207 οἶκος.
2890 3143 3102 3197 ἔλειπεν
3127 3143 3155 3196 6
3178 3140 3494 3194 οἰκοδεσπό-

1906 3252 2007 3306 της
2029 3234 2248 3289 πάντων
2272 3236 2381 3289 τῶν
2409 3235 2737 3307 γενομένων.
2766 3232 2953 3290 Εἶπεν
2974 3239 3007 3290 ό
3031 3234 3193 3301 Θεὸς,
3226 3230 3492 3299 Ποιήσω-

1899 3345 2016 3397 μεν
2037 3328 2350 3397 ἄνθρωπον
2374 3330 2501 3383 κατ’
2527 3329 2730 3383 εἰκόνα
2750 3327 3042 3399 ἡμετέραν
3058 3328 3152 3381 καί
3184 3327 3486 3395 ὁμοίωσιν.

1917 3419 2157 3491 Ἑδείχθη
2190 3423 2257 3491 τῇ
2289 3421 2589 3491 προτεραίᾳ
2620 3420 2704 3484 τίς
2743 3423 2776 3491 ἠ
2826 3421 3056 3490 δύναμις
3082 3419 3197 3483 τοῦ,
3228 3416 3490 3483 Ποιήσω-

1896 3531 2032 3583 μεν,
2044 3514 2189 3577 τίνος
2207 3514 2237 3567 6
2250 3514 2427 3582 λόγος,
2454 3516 2548 3568 καὶ
2564 3514 2699 3585 πρὸς
2716 3514 2837 3568 τίνα
2849 3516 2877 3568 6
2893 3513 3051 3577 λόγος
3064 3531 3077 3546 θ
3094 3513 3177 3576 τίς
3197 3513 3225 3564 6
3246 3510 3310 3564 σύ
3318 3509 3487 3580 μϐου-

1900 3605 2011 3670 λος,
2044 3608 2140 3659 καὶ
2176 3605 2318 3670 τίνος
2348 3608 2381 3675 ή
2432 3607 2586 3679 κοινὴ
2613 3607 2823 3676 σκέψις.
2856 3606 2996 3659 Ἀλλ’
3025 3605 3213 3674 ἐπειδὴ
3246 3602 3353 3656 ἀπὸ
3376 3601 3484 3655 τῶν

1899 3698 2133 3770 Γραφῶν
2151 3700 2472 3772 παρεστήσα
2480 3716 2578 3772 μεν
2600 3698 2901 3770 σύμϐουλον
2926 3699 3023 3770 τῆς
3035 3696 3269 3769 ἀρχαίας
3288 3695 3483 3766 βουλῆς

1898 3789 1989 3843 τὸν
2014 3790 2162 3855 Υίδν,
2191 3791 2581 3862 ἐσιωπήσαμεν
2623 3790 2679 3845 δέ
2722 3791 2815 3844 τοῦ
2845 3790 3001 3857 ἀγίου
3034 3789 3350 3859 Πνεύματος
3382 3789 3483 3858 τὴν

1896 3883 2074 3949 δόξαν,
2106 3884 2194 3937 ῖνα
2250 3884 2326 3956 μὴ
2376 3884 2629 3957 άφορμάς
2654 3885 2915 3955 δέχωνται
2954 3886 3085 3955 παρ’
3113 3883 3269 3955 ἡμῶν
3301 3884 3481 3951 ὑγιαι-

1895 3976 2094 4030 νόντων
2126 3978 2174 4030 οί
2195 3976 2500 4043 νοσοῦντες,
2528 3978 2824 4046 ἀναγκαῖον
2848 3976 3069 4037 εἰδέναι,
3091 3977 3172 4029 ὅτι
3206 3975 3305 4046 μία
3332 3974 3477 4042 δόξα,

1897 4068 1999 4139 μία
2025 4069 2253 4142 γνώμη,
2300 4064 2379 4133 εἷς
2420 4069 2576 4139 λόγος
2618 4070 2856 4141 ἐνεργῶν
2884 4070 2978 4123 τοῦ
3016 4069 3226 4140 [ἰατρὸς
3260 4069 3351 4122 καὶ
3382 4068 3477 4123 τοῦ

1896 4162 2029 4216 Υίοῦ
2064 4164 2157 4217 καὶ
2212 4162 2305 4217 τοῦ
2356 4165 2512 4232 άγίου
2564 4164 2898 4234 Πνεύματος.
2967 4164 3193 4233 Εἴρηται
3244 4160 3479 4216 ἐνταῦθα

1895 4254 2199 4324 σύμϐουλος
2221 4257 2249 4309 6
2273 4255 2398 4320 Υίός
2421 4272 2437 4289 ο
2470 4254 2705 4326 ἀλλαχοῦ
2742 4258 2979 4328 εῐρηται,
3020 4255 3101 4308 δτι
3143 4254 3241 4323 τὴν
3274 4254 3477 4323 γνῶσιν

1890 4344 1983 4399 τοῦ
2026 4346 2162 4401 Θεοῦ
2203 4348 2380 4409 οὐδεὶς
2423 4344 2582 4413 οἶδεν,
2615 4349 2663 4402 εί
2707 4347 2781 4419 μὴ
2828 4348 2889 4401 τὸ
2932 4347 3154 4417 Πνεῦμα
3198 4346 3258 4399 τὸ
3296 4346 3471 4415 ἅγιον.

1891 4436 2052 4505 Λέγει
2082 4439 2310 4505 Παῦλος,
2328 4440 2408 4494 ὅτι
2432 4439 2640 4506 Οὐδείς
2656 4435 2779 4493 οἲδε
2800 4438 2915 4494 τῶν
2937 4438 3261 4506 ἀνθρώπων
3281 4439 3351 4493 τὰ
3368 4439 3477 4493 τοῦ

1888 4527 2226 4599 ἀνθρώπου,
2258 4532 2309 4584 εἰ
2335 4530 2421 4599 μὴ
2457 4532 2520 4584 τὸ
2554 4532 2793 4601 πνεῦμα
2821 4531 2926 4586 τοῦ
2964 4530 3279 4600 ἀνθρώπου
3306 4530 3371 4584 τὸ
3403 4530 3473 4582 ἐν

1886 4619 2046 4685 αὺτῷ
2066 4638 2079 4652 ·
2106 4621 2261 4674 οὕτω
2288 4620 2385 4675 καί
2412 4620 2483 4675 τὰ
2511 4622 2615 4677 τοῦ
2644 4623 2793 4677 Θεόῦ
2815 4622 3013 4691 οὐδεὶς
3042 4619 3285 4686 οϊδεν,εἰ
3299 4620 3384 4689 μὴ
3402 4620 3470 4675 τὸ

1884 4712 2129 4782 Πνεῦμα
2144 4713 2251 4768 τοῦ
2271 4714 2437 4769 Θεοῦ.
2465 4716 2526 4768 El
2546 4716 2606 4768 τὸ
2634 4716 2691 4769 ἐν
2717 4716 2799 4769 σοὶ
2822 4716 3041 4785 πνεῦμα
3061 4715 3339 4787 ἀλλότριον
3368 4718 3469 4789 τῆς

1887 4804 1984 4873 σῆς
2006 4804 2217 4869 οὐσίας,
2261 4807 2353 4860 καὶ
2382 4806 2443 4860 τὸ
2470 4810 2527 4862 ἐν
2548 4808 2625 4879 τῷ
2647 4807 2767 4878 Θεῷ
2803 4806 3029 4878 Πνεῦμα
3056 4807 3336 4880 ἀλλότριον
3367 4809 3466 4881 τῆς

1882 4895 1976 4949 τοῦ
2002 4894 2135 4949 Θεοῦ
2160 4897 2364 4960 οὐσίας.

1954 4996 2209 5049 Βούλεταί
2258 5014 2307 5048 τι
2365 4998 2589 5068 Πατήρ;
2660 4999 2722 5051 Ἢ
2774 4999 2909 5069 αὐτὴ
2974 4998 3134 5071 βουλὴ
3189 4999 3283 5053 καὶ
3331 4999 3459 5054 Υίοῦ

1880 5088 1974 5141 καὶ
2007 5086 2161 5155 ἁγίου
2200 5087 2533 5157 Πνεύματος.
2584 5088 2837 5143 Βούλεταί
2886 5106 2938 5144 τι
2989 5091 3154 5155 Υίός;
3214 5091 3277 5144 Ἦ
3322 5091 3460 5163 αὐτὴ

1880 5182 2041 5252 βουλὴ
2094 5182 2306 5251 Πατρδς
2354 5181 2447 5235 καὶ
2490 5183 2823 5253 Πνεύματος.
2885 5184 3140 5238 Βούλεταί
3195 5201 3247 5238 τι
3307 5182 3458 5256 [482]

1878 5273 2137 5343 Πνεῦμα;
2183 5272 2245 5325 Ἢ
2278 5274 2416 5345 αὑτὴ
2450 5274 2610 5345 βουλὴ
2648 5275 2862 5345 Πατρδς
2895 5276 2989 5329 καὶ
3026 5275 3173 5330 Υἰοῦ.
3222 5277 3455 5347 Ἐγείρει

1874 5368 1902 5419 6
1928 5366 2112 5437 Πατὴρ
2140 5368 2265 5431 τοὺς
2295 5368 2554 5439 νεκρούςς
2599 5368 2831 5439 Ἐγείρει
2879 5369 2974 5423 καὶ
3005 5373 3033 5423 6
3064 5370 3207 5433 Υίός.
3235 5369 3396 5437 Λέγει
3427 5371 3454 5422 6

1875 5457 2063 5528 Σωτήρ
2086 5474 2099 5488 ο
2135 5458 2359 5527 Ὠσπερ
2384 5459 2491 5527 γὰρ
2513 5463 2547 5513 ό
2568 5458 2766 5527 Πατὴρ
2801 5461 3009 5530 ἐγείρει
3033 5460 3173 5526 τοὺς
3202 5458 3452 5527 νεκροὺς

1872 5549 1968 5601 καὶ
2003 5548 2283 5611 ζωοποιεῖ,
2304 5550 2456 5603 οὕτω
2494 5550 2593 5603 καί
2621 5553 2653 5605 ό
2682 5551 2810 5617 Υἰὸς
2836 5552 2943 5619 οὓς
2969 5552 3126 5606 θέλει
3166 5548 3447 5612 ζωοποιεῖ,

1884 5640 2012 5692 Ἰδοὺ
2038 5642 2069 5711 ὴ
2091 5640 2250 5712 βουλὴ
2288 5642 2619 5713 συνηγμένη.
2653 5644 2763 5696 Ποῦ
2788 5640 2881 5698 οῦν
2913 5647 2944 5714 ή
2968 5644 3130 5714 βουλὴ
3162 5643 3255 5695 τοῦ
3281 5643 3450 5696 Πνεύ-

1874 5746 2075 5799 ματος;
2111 5732 2329 5783 Ἀκουε.
2369 5731 2555 5784 Ταῦτα
2575 5730 2643 5784 δὲ
2674 5730 2871 5786 πάντα
2894 5732 3125 5801 ἐνεργεῖ
3158 5731 3220 5784 τὸ
3254 5731 3324 5785 ἓν
3348 5730 3445 5786 καί

1877 5822 1939 5874 τὸ
1965 5821 2111 5876 αὐτὸ
2127 5824 2387 5893 Πνεῦμα,
2415 5822 2683 5893 διαιροῦν
2702 5825 2821 5894 ίδίςι
2840 5824 3078 5892 ἑκάστῳ
3099 5824 3429 5893 καθὼςβούν
