4102 6524
274 477 393 532 473

277 578 388 634 vult
415 573 631 645 vlviﬁcat
658 574 852 645 (Joan.
878 574 931 629 5.
966 572 1028 627 21
1056 572 1095 643 ).
1127 571 1264 625 Ecce
1306 570 1590 636 conjuncta
1617 567 1872 622 voluntas.

285 668 387 726 Ubi
410 681 537 737 ergo
566 666 810 719 voluntas
837 663 1109 733 Spiritus?
1139 660 1292 715 Audi.
1327 659 1452 712 Ηαέ
1494 669 1662 713 autem
1707 659 1875 711 omnia

283 767 524 826 operatur
578 771 706 809 unus
735 764 881 823 atque
928 754 1060 805 idem
1110 751 1354 819 Spiritus,
1394 749 1620 804 dividens
1666 747 1876 818 singulis

289 858 438 918 prout
467 848 570 900 vult
600 846 692 916 (1.
743 846 859 899 Cor.
895 847 981 901 12.
1009 845 1063 898 11
1092 844 1130 910 ).
1164 841 1336 898 Unum
1367 856 1589 911 regnum
1622 840 1793 894 Patris
1823 849 1874 894 et

288 937 410 992 Filii
437 947 492 992 et
515 936 743 1005 Spiritus
770 935 960 990 sancti.
985 933 1237 1002 Coarguit
1263 941 1438 986 autem
1469 932 1610 985 Deus
1645 945 1759 994 eos,
1787 930 1876 998 qui

288 1029 410 1087 sine
435 1028 705 1082 voluntate
747 1026 838 1080 Dei
881 1023 1080 1093 aliquid
1126 1038 1283 1092 agere
1335 1032 1616 1076 conantur.
1669 1021 1757 1073 Ait
1787 1035 1879 1087 per

292 1117 609 1188 prophetam
647 1134 660 1168 :
703 1115 789 1169 γω
817 1115 910 1182 ﬁlii
955 1114 1247 1178 desertores,
1285 1112 1404 1164 dicit
1453 1110 1721 1164 Dominus.
1775 1109 1878 1162 Fe-

292 1211 435 1265 cistis
463 1208 747 1272 consilium,
781 1223 882 1258 non
908 1221 995 1276 per
1024 1219 1121 1269 nte,
1155 1215 1199 1257 et
1227 1205 1434 1273 fmdera,
1459 1220 1557 1256 non
1587 1221 1673 1272 per
1706 1202 1877 1272 Spiri-

295 1315 408 1354 tum
451 1316 618 1354 meum
669 1297 830 1369 (Isai.
864 1299 952 1352 50.
1003 1298 1023 1349 1
1053 1297 1091 1366 ).
1121 1296 1276 1351 Clare
1301 1307 1538 1351 sanctam
1562 1297 1878 1351 Trinitatem

293 1399 723 1446 eommonstrans
745 1389 950 1442 dicebat
977 1387 1262 1444 Zacharias
1286 1387 1542 1456 pr0pheta
1562 1389 1670 1457 (t2):
1703 1408 1722 1440 ι
1739 1387 1881 1442 Con-

295 1480 565 1536 fortcntur
586 1495 770 1532 manus
794 1477 1105 1542 Zorobabel,
1135 1477 1261 1530 dicit
1290 1477 1564 1538 Dominus.
1595 1486 1647 1531 et
1670 1477 1881 1532 (νυηΐυτ-

297 1582 481 1627 tentur
522 1587 710 1624 manus
750 1570 976 1624 Josedec
1009 1569 1319 1632 sacerdotis,
1358 1577 1411 1623 et
1443 1586 1629 1623 manus
1671 1572 1875 1638 populi,

293 1667 421 1732 quia
456 1679 554 1733 ego
593 1663 862 1716 vobiscum
909 1654 1046 1726 sum,
1092 1660 1216 1714 dicit
1267 1660 1539 1724 Dominus,
1570 1671 1622 1713 et
1653 1661 1879 1714 Verbum

296 1772 478 1813 incum
521 1756 748 1816 bonum;
777 1754 1071 1823 etSpiritus
1102 1767 1250 1805 meus
1297 1751 1348 1804 in
1381 1750 1556 1804 medio
1591 1761 1821 1804 vestrum
1855 1769 1874 1802 ι

295 1849 468 1921 (Agg.
509 1848 561 1901 2.
593 1849 644 1902 5.
679 1847 767 1916 6).
799 1847 1060 1900 Praeterea
1106 1861 1252 1909 vero,
1296 1843 1510 1908 fratres,
1553 1845 1882 1914 rcgeneratio

295 1948 482 1992 nostra
508 1937 794 1992 creationis
821 1935 1175 1990 testimonium
1207 1944 1307 1988 est.
1334 1935 1442 1989 Nisi
1483 1934 1709 2003 Spiritus
1741 1935 1881 1988 Patri

292 2039 352 2083 et
397 2028 534 2082 Filio
561 2042 782 2082 consors
807 2027 990 2080 fuisset
1020 2028 1068 2079 in
1100 2027 1392 2090 creatione,
1437 2041 1609 2094 neque
1641 2025 1795 2078 fuerit
1827 2027 1878 2078 in

296 2119 720 2190 t-t-generatione.
753 2119 1028 2184 Quomodo
1059 2117 1424 2186 baptizamur?
1456 2116 1520 2170 In
1555 2119 1752 2170 nomine
1778 2116 1885 2171 Pa-

295 2212 389 2262 tris
429 2219 474 2262 et
505 2208 629 2261 Filii
654 2219 700 2262 et
742 2209 967 2278 Spiritus
1011 2211 1168 2262 sancti
1219 2209 1445 2280 (.llctth.
1475 2209 1563 2263 ‘28.
1600 2211 1721 2278 19).
1755 2209 1884 2276 Qua:

297 2301 472 2369 major
497 2301 795 2370 generatio,
823 2314 890 2352 an
935 2300 1240 2366 creationis,
1289 2316 1352 2352 an
1403 2301 1745 2356 initiationis?
1775 2303 1885 2356 Illic

295 2392 616 2460 principium
645 2392 764 2445 vita:
793 2392 843 2445 in
875 2403 1120 2456 mortem,
1155 2393 1237 2443 hic
1272 2393 1582 2461 principium
1617 2395 1803 2447 mortis
1829 2395 1884 2447 in

293 2485 482 2538 vitam.
516 2483 614 2550 Qui
645 2498 770 2553 ergo
802 2483 912 2538 ﬁeri
942 2493 1134 2552 potest,
1166 2496 1221 2537 ut
1244 2486 1471 2552 Spiritus
1497 2495 1712 2541 sanctus
1741 2489 1789 2541 in
1821 2503 1884 2542 eo

295 2575 444 2644 quod
477 2576 648 2644 majus
674 2583 758 2630 est
785 2590 1004 2630 coosors
1031 2578 1097 2629 sit
1124 2578 1293 2630 Patri;
1338 2587 1390 2631 et
1424 2578 1572 2642 Filii;
1607 2580 1657 2632 in
1688 2596 1881 2649 corpo-

296 2667 396 2719 rali
419 2676 597 2720 autem
617 2669 886 2721 creatione
902 2684 928 2720 a
952 2671 1216 2722 communi
1239 2670 1495 2738 dignitate
1519 2674 1882 2726 removeatur?

297 2759 600 2827 Numquam
644 2759 844 2812 conditi
895 2761 1198 2823 luiSsemus,
1237 2761 1337 2812 nisi
1383 2776 1412 2812 a
1454 2760 1654 2828 Spiritu
1700 2773 1884 2815 sancto

297 2848 514 2900 formati
546 2863 804 2902 essemus.
833 2849 897 2902 Et
927 2851 1047 2918 quia
1079 2850 1130 2901 in
1185 2850 1354 2917 prima
1393 2851 1663 2904 creatione
1707 2852 1886 2905 socius

294 2947 384 2992 est
409 2938 580 2991 Patris
625 2949 678 2993 et
726 2939 865 3002 Filii,
903 2941 1145 2994 similiter
1190 2949 1245 2992 et
1281 2940 1332 2993 in
1372 2941 1688 3010 baptismate
1710 2941 1885 2995 socius

297 3038 384 3080 est
405 3037 458 3080 et
478 3028 708 3096 adjutor.
737 3029 937 3083 l'tursus
959 3029 1014 3083 in
1043 3028 1431 3085 resurrectione
1473 3028 1582 3084 liet-i
1609 3031 1793 3099 nequit
1832 3040 1887 3085 ut

298 3133 402 3176 nos
428 3119 536 3172 alio
570 3119 727 3174 modo
756 3135 1116 3190 resurgamus,
1138 3136 1296 3190 quam
1327 3122 1484 3176 Patre
1503 3123 1730 3187 volente,
1753 3122 1886 3176 Filio

295 3219 660 3276 cooperante,
708 3218 763 3263 et
811 3209 1008 3277 Spiritu
1055 3221 1239 3264 sancto
1278 3211 1520 3264 virtutem
1577 3222 1883 3280 praestante.

298 3301 440 3353 Audi
497 3301 775 3354 Dominum
839 3303 1140 3365 dicentem;
1198 3310 1339 3356 recte
1397 3303 1505 3356 dixi
1561 3303 1886 3357 Dominum:

297 3392 513 3445 etiamsi
549 3394 689 3446 enim
722 3394 866 3446 Pauli
913 3409 1008 3446 vox
1042 3395 1131 3458 sit,
1166 3395 1369 3447 Domini
1405 3404 1580 3449 tamen
1611 3406 1691 3450 est
1724 3415 1735 3448 :
1763 3397 1887 3451 licet

297 3483 447 3534 enim
477 3497 540 3536 ex
574 3483 685 3550 ipso
713 3483 896 3538 audire
922 3501 934 3535 :
976 3484 1050 3535 An
1075 3485 1466 3550 experimentum
1493 3487 1715 3554 qua'ritis
1754 3489 1882 3557 ejus,

296 3572 387 3638 qui
410 3572 462 3623 in
487 3589 564 3625 me
593 3573 827 3638 loquitur,
852 3573 1039 3627 Christi
1068 3573 1158 3644 (9..
1185 3573 1301 3626 Cor.
1345 3577 1431 3629 i5.
1458 3575 1556 3644 5)?
1600 3577 1686 3630 Ait
1731 3577 1888 3646 igitur

299 3661 354 3713 in
403 3661 564 3716 Paulo
612 3664 832 3731 loqui-ns
867 3682 878 3715 :
921 3681 937 3713 t
970 3663 1074 3715 Vos
1105 3672 1281 3717 autem
1317 3680 1421 3718 non
1457 3666 1584 3719 estis
1612 3666 1662 3718 in
1694 3681 1885 3732 carne,

297 3750 396 3806 sed
422 3752 471 3802 iu
490 3753 678 3819 spiritu
708 3772 719 3806 :
743 3753 784 3804 si
809 3754 1019 3821 quidem
1043 3753 1270 3822 Spiritus
1294 3756 1384 3809 Dei
1414 3755 1615 3810 habitat
1638 3759 1689 3810 in
1717 3759 1885 3812 vobis.

298 3844 358 3896 Si
384 3844 504 3912 quis
526 3853 701 3898 autem
730 3845 984 3914 Spiritum
1015 3846 1102 3898 Dei
1136 3862 1238 3899 non
1277 3847 1487 3911 haheat,
1534 3848 1618 3902 hic
1657 3865 1760 3902 non
1809 3859 1890 3903 est

294 3937 439 4004 ejus.
485 3937 542 3991 Si
581 3945 757 3991 autem
795 3938 1040 3993 Christus
1062 3939 1115 3992 in
1148 3940 1293 3993 \obis
1323 3949 1422 4004 est,
1456 3955 1648 4009 corpus
1674 3941 1885 4010 quidem

298 4037 572 4086 mortuum
601 4039 684 4084 est
727 4044 946 4101 propter
995 4041 1266 4100 peccatum
1298 4072 1313 4096 ,
1364 4033 1582 4100 spiritus
1621 4049 1746 4088 vero
1783 4035 1886 4090 vita

300 4129 523 4189 propter
542 4121 824 4189 justitiam.
847 4123 996 4190 Quod
1025 4124 1066 4175 si
1099 4123 1328 4192 Spiritus
1353 4125 1466 4192 ejus
1494 4127 1584 4193 qui
1615 4129 1887 4181 suscitavit

295 4209 572 4264 Christum
605 4211 807 4264 habitat
835 4213 887 4265 in
921 4214 1092 4276 vobis,
1123 4214 1209 4279 qui
1241 4215 1520 4268 suscitavit
1558 4216 1824 4272 Christum
1856 4235 1885 4273 a

297 4301 530 4356 mortuis
551 4302 831 4356 vivilicabit
855 4313 908 4356 et
928 4305 1169 4357 mortalia
1197 4319 1416 4374 corpora
1444 4315 1639 4373 vestra,
1672 4321 1886 4377 propter

297 4390 684 4445 inhabitantem
715 4393 786 4460 Sp
809 4393 970 4446 ritum
995 4394 1108 4460 ejus
1132 4394 1182 4447 in
1205 4395 1351 4448 vobis
1377 4415 1394 4447 i
1422 4395 1596 4463 (Rom.
1627 4397 1678 4450 8.
1709 4397 1883 4467 9-H).

296 4482 467 4536 Extra
515 4481 726 4535 Patrem
778 4492 832 4536 et
879 4483 1074 4538 Filium
1125 4493 1179 4537 et
1228 4484 1484 4554 Spiritum
1517 4497 1758 4539 sanctum
1789 4502 1886 4542 nec

295 4573 474 4642 prima
506 4573 704 4626 creatio
730 4582 830 4639 est,
879 4588 976 4628 nec
1029 4575 1258 4630 secunda
1312 4577 1601 4644 generatio,
1655 4592 1751 4630 nec
1794 4593 1888 4646 po-

291 4672 501 4717 strema
525 4664 864 4717 resurrectio.
915 4663 1188 4718 Faciamus
1222 4667 1492 4720 hominem.

366 4755 425 4811 5.
458 4754 554 4812 llic
598 4755 706 4824 jam
758 4771 850 4810 eos
887 4757 974 4826 qui
1020 4757 1415 4825 reprehendunt
1447 4763 1880 4826 praemonuimus.

291 4846 544 4901 llominis
579 4848 864 4915 appellatio
926 4848 1181 4902 llehraiea
1250 4851 1424 4918 lingua
1471 4849 1644 4918 ignem
1686 4853 1883 4920 signiti-

289 4945 384 4991 cat
533 4936 629 4990 llic
650 4939 882 4990 animum
902 4938 1114 5001 adhibe,
1137 4956 1205 5007 qu
1225 4955 1316 4992 rso
1339 4957 1350 4992 :
1371 4941 1458 5008 qui
1487 4942 1694 4994 sincere
1713 4941 1880 5008 audit,

290 5034 484 5096 utpote
505 5028 742 5080 veritatis
772 5029 974 5081 amicus
994 5029 1326 5092 etalunmus,
1351 5030 1577 5084 salutem
1604 5035 1882 5100 consequi-

291 5127 384 5171 tur
414 5134 427 5170 :
455 5117 546 5186 qui
576 5121 713 5170 vero‘
733 5117 924 5186 iniquis
950 5126 1031 5171 est
1058 5119 1295 5182 auribus,
1326 5135 1429 5173 non
1462 5122 1652 5189 quaerit
1684 5123 1735 5174 in
1777 5138 1881 5190 quo

289 5209 580 5262 utilitatem
608 5210 853 5276 accipiat,
879 5209 972 5264 sed
1002 5211 1052 5263 in
1082 5227 1188 5280 quo
1224 5212 1552 5265 criminetur.
1591 5213 1758 5267 Ilomo
1780 5215 1883 5268 IIe-

291 5300 475 5351 liraica
492 5296 718 5351 dialecto
736 5299 871 5366 ignis
890 5299 1099 5353 dicitur.
1123 5301 1231 5354 IIoc
1253 5316 1446 5356 nomen
1469 5317 1569 5356 non
1589 5307 1703 5357 sine
1724 5319 1881 5358 causa

289 5389 524 5444 inditum
551 5399 633 5443 est
658 5390 862 5442 Adamo
910 5409 922 5442 :
958 5392 1048 5444 sed
1085 5401 1311 5459 quatuor
1352 5403 1476 5446 sunt
1517 5395 1776 5448 elementa
1828 5397 1878 5448 in

286 5477 496 5534 mundo
523 5477 772 5548 (rursum
801 5479 868 5531 de
897 5479 1052 5532 rebus
1078 5495 1175 5548 ago
1207 5483 1557 5545 naturalibus,
1593 5485 1753 5537 velint
1788 5501 1880 5538 n0-

354 5609 431 5673 (a)
463 5615 611 5673 t_.ocus
633 5610 810 5673 citatus
835 5617 908 5657 est
929 5609 1094 5670 Aggtei
1118 5647 1129 5666 ,
1159 5617 1212 5658 ut
1253 5611 1394 5673 Biblia
1437 5613 1632 5662 adeunti
1675 5615 1877 5673 patebit.

357 5671 434 5731 (1))
468 5671 568 5734 Yiri
609 5670 869 5734 appellatio
907 5673 1135 5718 llehraiea
1176 5672 1360 5734 acet-dit
1400 5675 1456 5718 ad
1498 5675 1621 5734 ignis
1660 5670 1874 5723 nomen:

283 5730 422 5785 urbi
444 5730 513 5780 vir
552 5730 791 5779 Hebraice
828 5733 1130 5790 diciturnt'tx‘
1171 5731 1267 5792 igni
1280 5748 1306 5777 ς.
1336 5734 1423 5780 sed
1449 5736 1486 5781 si
1516 5730 1667 5795 ipsum
1702 5749 1878 5784 nomen

288 5809 414 5855 ε-τκ
434 5800 581 5849 «iam
599 5799 701 5849 vult
725 5800 783 5848 ad
803 5801 931 5859 ignis
954 5815 1127 5850 nomen
1153 5803 1408 5861 accedere,
1424 5803 1568 5865 longe
1589 5812 1716 5853 errat
1734 5813 1877 5853 Seve-

288 5883 467 5922 fauilla.

1334 453 1419 508 DE
1457 447 1669 508 MUNDI
1706 446 2096 504 CREATIDNE
2135 448 2387 504 UltATlU
2432 449 2492 504 Υ.

3439 470 3552 527 474

1983 566 2117 626 Iint)
2155 575 2538 636 :terra,aqua,
2583 580 2690 630 ai-r,
2745 565 2897 634 ignis.
2958 567 3161 621 (Inuera
3205 566 3466 619 elementa
3509 576 3566 620 ut

1981 665 2104 711 sunt
2119 665 2332 710 manent
2354 673 2368 720 ;
2393 656 2618 724 exempli
2642 671 2821 719 causa,
2840 654 2882 708 si
2913 665 3064 708 terra:
3091 655 3300 724 glebam
3321 668 3566 724 sumpse-

1985 749 2077 811 ris,
2107 763 2208 801 non
2241 757 2391 816 potes
2415 763 2480 801 ex
2504 763 2563 801 ea
2603 763 2760 816 quam
2805 758 2953 801 tenes
2993 749 3200 814 glebam
3245 762 3516 815 apponere
3551 764 3564 798 :

1983 854 2110 908 ergo
2141 838 2184 891 si
2214 838 2422 907 glebam
2447 839 2758 906 sumpseris,
2786 838 2836 891 id
2865 845 3042 890 uiauct
3070 840 3208 905 quod
3236 850 3334 891 est.
3360 840 3569 903 Aquam

1985 944 2194 982 rursum
2221 927 2267 981 si
2293 943 2538 982 mensura
2567 929 2788 996 quadam
2822 929 3113 996 sumpseris
3132 970 3144 992 ,
3175 938 3350 981 manet
3380 929 3567 981 eadem

1985 1035 2141 1089 aqua,
2174 1031 2518 1087 augmentum
2550 1034 2652 1071 non
2677 1020 2889 1084 accipit.
2927 1023 3064 1074 Aere
3093 1020 3136 1072 si
3187 1029 3356 1072 utrem
3394 1018 3567 1086 reple-

1985 1113 2146 1174 v.~ris,
2194 1111 2353 1163 alium
2400 1119 2570 1162 utrem
2603 1125 2668 1163 ex
2696 1111 2786 1162 illo
2828 1111 3048 1176 implere
3083 1126 3188 1164 non
3224 1119 3394 1178 potes.
3434 1108 3571 1178 Ignis

1985 1219 2110 1257 vero
2140 1218 2244 1256 non
2272 1213 2451 1256 manet
2482 1203 2653 1270 qualis
2681 1211 2780 1254 est.
2815 1202 2979 1254 Parva
3003 1202 3309 1255 accenditur
3331 1203 3570 1262 lucerna,

1986 1297 2396 1365 innumerasque
2415 1312 2482 1349 ex
2515 1295 2598 1348 illa
2629 1294 2769 1347 faces
2795 1293 3060 1356 accendis,
3109 1295 3364 1363 integram
3397 1294 3573 1348 forna-

1986 1401 2122 1450 cem,
2158 1387 2426 1440 llamtnam
2478 1387 2766 1455 ingentem,
2822 1399 2922 1439 nec
2973 1392 3153 1438 manet
3203 1385 3342 1453 ignis
3385 1385 3569 1438 eadem

1988 1479 2175 1543 forma,
2205 1478 2299 1532 sed
2329 1478 2711 1547 quantumlibet
2738 1479 3012 1530 materiam
3041 1478 3356 1545 corripuerit
3375 1518 3387 1538 ,
3417 1493 3573 1530 exsu-

1988 1572 2260 1638 perantius
2281 1583 2523 1640 augetur.
2553 1571 2684 1624 Cum
2721 1571 2992 1637 pra-sciret
3030 1585 3156 1639 ergo
3187 1571 3343 1631 Deus,
3378 1587 3439 1623 ex
3470 1587 3573 1623 uno

1988 1677 2214 1730 Corpore
2238 1664 2468 1716 humano
2498 1663 2778 1732 replendos
2827 1678 2947 1717 esse
2995 1663 3140 1717 orbis
3173 1664 3429 1717 terminos
3458 1663 3572 1729 (lu-

1989 1768 2147 1806 cerua
2179 1753 2374 1822 quippe
2407 1769 2507 1806 una
2538 1765 2613 1806 tot.
2654 1754 2896 1807 accendit
2919 1753 3080 1814 faces,
3111 1755 3332 1822 eratque
3359 1755 3570 1817 oriens,

1988 1844 2259 1910 occidens,
2303 1847 2598 1911 septentrio
2629 1854 2680 1898 et
2709 1845 2958 1898 meridies
2983 1847 3030 1912 ),
3059 1860 3251 1898 nomen
3281 1844 3471 1897 indidit
3497 1846 3574 1898 rei

1989 1946 2425 1991 consentaneum.
2461 1936 2664 1991 Idcirco
2695 1939 2865 2005 ipsum
2905 1937 3094 1991 Adami
3141 1951 3334 1990 nomen
3390 1939 3576 2004 pignus

1990 2036 2106 2079 erat
2131 2027 2274 2080 orbis
2309 2038 2590 2080 terrarum.
2626 2027 2756 2092 Quia
2796 2027 2940 2079 enim
2969 2026 3201 2080 futurum
3227 2039 3339 2080 erat
3371 2036 3425 2079 ut
3449 2042 3578 2094 qua-

1993 2129 2110 2171 tuor
2148 2118 2358 2172 climata
2385 2135 2451 2172 ex
2487 2120 2601 2187 ipso
2633 2119 3000 2186 itnplereutur,
3037 2118 3261 2185 imponit
3289 2119 3336 2172 ei
3381 2134 3575 2171 nomen

1993 2211 2160 2264 Adam
2189 2227 2201 2263 :
2234 2217 2362 2281 ἄλῖα
2386 2213 2591 2270 ἀνατολὴ
2615 2251 2627 2273 ,
2656 2211 2836 2264 oriens
2862 2253 2875 2274 ,
2909 2216 3048 2264 δέλτα
3084 2215 3208 2268 Eon;
3233 2251 3246 2274 ,
3298 2210 3572 2270 occidens,

1990 2311 2115 2374 to,“
2138 2311 2322 2375 ἄρκτος,
2347 2305 2658 2373 septentrio,
2685 2316 2747 2364 μῦ
2771 2315 3054 2372 μεσημϐρία,
3078 2305 3348 2358 meridies.
3384 2304 3447 2356 Et
3472 2319 3574 2355 ηυ-

1994 2411 2113 2449 men
2149 2396 2383 2450 etliterte
2410 2394 2777 2460 testificantur,
2809 2396 3074 2449 hominem
3100 2396 3425 2464 repleturuui
3458 2410 3577 2446 esse

1992 2489 2174 2541 orbem
2206 2499 2487 2542 terrarum.
2522 2488 2749 2541 Vocatur
2774 2504 2898 2558 ergo
2924 2488 3178 2542 llehraiea
3212 2489 3386 2556 lingua
3421 2488 3574 2556 ignis.

1991 2582 2122 2645 Quia
2171 2581 2327 2649 igitur
2369 2581 2502 2649 ignis
2541 2581 2946 2648 appellationem
2989 2579 3169 2643 habet,
3221 2594 3324 2632 non
3377 2579 3581 2632 dubitat

1991 2675 2264 2742 Scriptura
2293 2674 2451 2726 etiam
2473 2673 2688 2740 angelos
2706 2672 2951 2724 homines
2969 2685 3176 2724 vocare.
3199 2670 3421 2735 Quando
3436 2670 3578 2722 enim

1995 2773 2251 2819 venerunt
2278 2763 2437 2815 Maria
2480 2772 2532 2816 et
2563 2763 2720 2814 socizc
2748 2760 2998 2814 mulieres
3030 2759 3096 2812 ad
3130 2769 3529 2812 monumentum
3563 2799 3578 2823 ,

1993 2857 2119 2909 dicit
2152 2875 2161 2906 :
2190 2855 2320 2907 Ecce
2361 2855 2659 2907 adstiterant
2697 2853 2798 2906 illis
2849 2853 2949 2905 duo
2998 2853 3089 2905 viri
3134 2850 3289 2920 (Lac.
3345 2851 3432 2905 ⁸21.
3482 2850 3578 2920 4).

1995 2949 2364 3002 Erantautem
2408 2947 2599 3014 angeli.
2646 2946 2748 3014 Ipsi
2794 2961 2921 3000 vero
2955 2946 3126 3015 angeli
3177 2959 3386 3013 quoque
3447 2945 3582 3011 ignis

1995 3049 2248 3094 vocantur
2277 3058 2288 3092 :
2321 3054 2464 3104 nam,
2495 3039 2592 3104 Qui
2619 3039 2738 3108 facit
2778 3039 2983 3108 angelos
3011 3055 3126 3091 suos
3156 3039 3380 3105 spiritus,
3410 3048 3453 3089 et
3495 3038 3584 3088 mi-

1993 3135 2175 3186 nistros
2204 3149 2321 3187 suos
2346 3133 2512 3202 ignem
2540 3141 2761 3184 urentem
2786 3125 2953 3194 (Psal.
2989 3132 3104 3185 105.
3137 3132 3216 3199 4).
3245 3130 3400 3184 Viros
3430 3139 3584 3182 vocat

1995 3225 2131 3288 illos,
2164 3227 2286 3293 quia
2314 3238 2649 3276 communem
2680 3222 3009 3276 habentcum
3040 3222 3252 3274 homine
3285 3221 3577 3275 notionem.

1994 3317 2195 3387 Ecquid
2243 3316 2475 3370 mirum?
2506 3316 2622 3384 Ipse
2672 3315 2810 3368 Deus
2845 3325 3060 3368 vocatur
3089 3315 3241 3380 ignis,
3272 3323 3489 3366 vocatur
3521 3323 3574 3366 et

1996 3410 2173 3462 homo.
2206 3410 2295 3462 Ait
2320 3409 2573 3462 Servator
2598 3407 2664 3460 de
2692 3407 2849 3460 Patre
2877 3422 2974 3458 suo
3002 3427 3012 3459 :
3047 3405 3212 3458 Homo
3249 3406 3450 3473 quidam
3473 3414 3579 3456 erat

1996 3499 2379 3569 paterfamilias,
2401 3499 2483 3567 qtti
2511 3498 2750 3564 plantavit
2773 3497 2985 3549 vineam.
3014 3495 3076 3547 Et
3101 3497 3231 3548 misit
3259 3511 3421 3548 servos
3441 3509 3578 3556 suos,

1996 3602 2038 3643 tt
2069 3590 2220 3643 occisi
2246 3599 2358 3641 sunt
2385 3590 2510 3642 servi
2537 3587 2754 3657 (Matth.
2781 3587 2872 3640 ‘21.
2896 3588 2982 3640 55.
3017 3603 3121 3654 sqq.
3152 3589 3189 3654 ).
3224 3585 3392 3652 thue
3421 3600 3571 3636 eom-

1998 3682 2188 3748 pendio
2215 3680 2384 3734 dicam
2414 3698 2424 3732 :
2460 3679 2523 3732 Et
2555 3679 2678 3732 dixit
2705 3679 2852 3730 homo
2882 3678 2987 3742 ille,
3026 3677 3203 3728 Adhuc
3232 3692 3387 3728 unum
3417 3676 3582 3741 [ilium

1995 3774 2400 3837 habeo;miltam
2429 3772 2594 3835 illum,
2634 3772 2676 3823 si
2722 3774 2850 3839 forte
2896 3777 3232 3822 rever-cantur.
3285 3766 3422 3832 Quid
3475 3766 3577 3818 sibi

1997 3867 2102 3918 vult
2158 3880 2349 3918 nomen
2411 3867 2568 3918 homo
2623 3879 2717 3932 pro
2771 3863 2986 3917 nomine
3026 3861 3246 3915 divino?
3289 3860 3405 3914 Non
3437 3861 3580 3912 enim

1994 3956 2126 4009 dixit
2157 3954 2459 4022 parabolam
2500 3973 2512 4007 :
2561 3970 2666 4006 non
2695 3953 2848 4016 dixit,
2894 3951 3073 4006 Simile
3120 3961 3230 4015 est;
3262 3950 3377 4014 sed,
3412 3949 3580 4003 llomo

1992 4045 2194 4114 quidam
2217 4055 2342 4096 erat.
2373 4043 2576 4098 Idcirco
2604 4042 2813 4111 Moyses
2839 4060 2850 4094 :
2885 4040 3024 4094 Deus
3050 4051 3215 4093 noster
3243 4041 3372 4110 ignis
3399 4056 3582 4091 consu-

1995 4156 2130 4191 mens
2157 4138 2174 4209 (
2198 4137 2345 4190 Deut.
2377 4138 2431 4190 4.
2463 4136 2591 4207 24).
2616 4135 2858 4190 Salvator
2875 4149 3085 4202 quoque
3110 4141 3383 4201 postquam
3416 4147 3579 4184 vene-

1995 4239 2074 4282 rat
2101 4229 2230 4282 dicit
2263 4245 2274 4278 :
2306 4227 2484 4297 Ignem
2506 4227 2615 4280 veni
2634 4227 2825 4278 mittere
2854 4225 2904 4276 in
2933 4224 3151 4291 terram(
3176 4221 3303 4276 Luc.
3337 4221 3423 4275 12.
3447 4223 3515 4274 49
3540 4227 3576 4288 ).

1993 4318 2221 4371 Adhibet
2248 4317 2424 4386 itaque
2447 4331 2638 4370 nomen
2669 4315 2743 4369 rei
2771 4322 3208 4368 consentaneum.
3234 4313 3577 4379 Quandoqui-

1992 4409 2113 4461 dem
2171 4407 2328 4476 ignis,
2375 4407 2560 4476 utjam
2591 4406 2720 4471 dixi,
2750 4420 2812 4459 ex
2857 4419 3021 4474 parvo
3048 4418 3271 4472 magnus
3300 4402 3498 4467 evadit,
3529 4415 3584 4456 et

1993 4498 2154 4553 homo
2175 4513 2203 4551 a
2251 4513 2420 4567 parvo
2461 4498 2644 4552 orbein
2681 4506 2940 4550 terrarum
2970 4495 3226 4564 implevit,
3255 4504 3470 4547 vocatus
3501 4508 3584 4547 est

1994 4590 2153 4643 homo
2200 4590 2365 4658 ignis,
2397 4605 2490 4657 per
2518 4589 2666 4652 illud,
2700 4588 2972 4641 Faciamus
3000 4588 3252 4641 hominem
3274 4604 3289 4640 .·
3320 4604 3439 4640 nant
3472 4587 3580 4641 lie-

1993 4683 2170 4736 braice
2193 4692 2275 4736 est
2303 4700 2314 4735 :
2350 4681 2626 4735 Faciamus
2655 4684 2836 4752 ignem.

2062 4775 2249 4830 Contra
2265 4777 2804 4845 Anthropomorphitas
2825 4792 2840 4827 :
2859 4775 2992 4828 Deus
3011 4794 3109 4829 non
3129 4776 3569 4829 circumscribitur.

1992 4900 2060 4907 —-
2088 4867 2360 4921 Faciamus
2405 4870 2657 4922 hominem
2703 4870 2771 4920 ad
2817 4870 3086 4938 imaginem
3136 4879 3380 4921 nostram.
3428 4868 3574 4921 Multi

1992 4961 2273 5013 stultorum
2296 4969 2346 5012 et
2371 4959 2733 5026 imperitorum
2757 4967 3027 5027 putarunt,
3054 4959 3322 5012 hominem
3353 4959 3418 5011 ad
3446 4959 3577 5011 ima-

1990 5053 2167 5120 ginem
2194 5051 2284 5104 Dei
2317 5065 2455 5113 esse,
2488 5049 2626 5119 quod
2662 5049 2800 5102 Deus
2829 5063 2986 5101 nares
3017 5047 3226 5112 habeat,
3253 5062 3339 5101 aut
3369 5050 3573 5113 oculos,

1993 5142 2074 5195 vel
2104 5155 2277 5202 aures,
2311 5141 2389 5192 vel
2421 5155 2502 5205 os,
2532 5150 2586 5193 ut
2611 5154 2708 5192 nos
2740 5140 2998 5193 habemus
3029 5155 3040 5191 :
3071 5149 3124 5192 at
3156 5140 3284 5192 falsa
3315 5141 3573 5193 absurda-

1990 5249 2091 5302 quc
2114 5242 2192 5284 est
2223 5233 2337 5285 hinc
2365 5232 2565 5300 opinio.
2589 5231 2786 5299 Estque
2813 5231 3072 5285 hactenus
3105 5230 3323 5285 ba'rcsis
3349 5248 3465 5300 qum
3497 5232 3575 5284 di-

1990 5326 2059 5377 cit
2098 5324 2302 5378 Numen
2342 5324 2577 5377 divinum
2628 5324 2858 5377 hominis
2903 5323 3127 5377 formam
3178 5324 3394 5378 habere.
3439 5324 3571 5391 Quia

1989 5416 2128 5466 enim
2150 5414 2449 5477 audierunt,
2478 5412 2626 5464 Oculi
2652 5411 2874 5475 Domini,
2900 5430 3045 5466 aures
3071 5413 3269 5466 Domini
3290 5413 3459 5482 (Psal.
3481 5417 3566 5468 ὖῦ.

1991 5504 2100 5572 I0).
2142 5512 2215 5566 et,
2262 5503 2516 5555 ()doratus
2555 5516 2622 5553 csi
2665 5501 2910 5556 Dominus
2953 5502 3100 5569 ((ίεηο
3138 5504 3190 5558 8⁸
3229 5507 3343 5574 ²¹)’
3377 5516 3449 5570 cl’
3501 5509 3569 5558 ωδ

1993 5598 2194 5649 Domini
2223 5597 2481 5664 loquutum
2510 5606 2578 5647 cst
2607 5597 2756 5661 (lsai.
2793 5597 2840 5647 1.
2875 5597 2990 5665 ‘20),
3018 5607 3089 5662 et,
3117 5597 3301 5651 Manus
3334 5597 3423 5650 ΗΛ
3453 5601 3570 5664 [erit

1988 5688 2132 5754 (Job.
2179 5688 2264 5742 12.
2297 5688 2367 5756 9),
2417 5699 2488 5751 cl,
2527 5687 2685 5739 Pedes
2719 5687 2810 5738 Dei
2853 5699 3090 5742 steterunt
3123 5691 3290 5760 (l’sal.
3343 5693 3457 5745 15L
3489 5694 3590 5753 7)._

1990 5784 2362 5847 incorporeum
2403 5796 2522 5831 cum
2574 5778 2828 5832 membris
2871 5779 3241 5848 depinxerunt.
3291 5788 3569 5837 δριιιιιιιυςμ

1993 5870 2365 5926 absurditatem
2405 5887 2508 5923 non
2547 5870 2916 5937 percipientes.
2953 5870 3084 5923 Dicit
3123 5871 3279 5937 Deus,
3313 5883 3364 5926 ut
3394 5875 3569 5929 dist-as
