4102 6470
574 362 691 420 475

578 462 780 516 multam
820 460 1053 518 hominis
1093 477 1215 517 cum
1248 462 1356 517 Deo
1396 475 1519 517 esse
1542 461 1969 530 similitudinem,
1996 479 2167 534 quan-

578 562 690 609 tum
721 552 924 610 scilicet
955 554 1023 609 ad
1049 554 1382 624 corporalem
1421 553 1679 625 speciem.
1708 554 1823 611 Non
1853 557 1997 612 enim
2025 555 2167 611 hanc

575 664 762 703 vocem
791 648 941 714 tollo,
975 648 1252 703 Faciamus
1280 650 1533 703 hominem
1560 651 1629 702 ad
1648 648 1938 719 imaginem.
1971 649 2167 705 Verum

575 740 999 795 demonstratum
1022 749 1128 808 est,
1151 740 1425 811 quomodo
1445 741 1512 795 ad
1533 742 1806 813 imaginem
1830 742 1976 797 dicat
2004 742 2164 797 Deus.

574 833 770 889 Civium
796 842 841 887 et
868 842 1054 888 terram
1094 852 1187 903 ego
1226 835 1432 904 impleo,
1466 835 1588 887 dicit
1629 834 1880 889 Dominus
1914 835 2045 905 (Jer.
2074 833 2166 889 25.

571 925 691 999 24).
735 926 941 982 Rursus
970 928 1112 985 idem
1142 944 1159 981 :
1187 926 1379 983 Caium
1422 928 1547 980 mihi
1574 928 1791 993 solium;
1838 938 1973 982 terra
2001 936 2171 980 auum

572 1016 853 1073 scabellum
883 1016 1068 1086 pedum
1109 1034 1338 1074 nieorum
1374 1017 1529 1090 (lsai.
1562 1017 1653 1071 66.
1688 1016 1763 1089 1).
1803 1018 2169 1077 Vocesnese-

572 1108 846 1178 quemur?
871 1108 1240 1165 serviemusne
1281 1110 1497 1165 literre?
1525 1110 1631 1167 Sed
1668 1127 1791 1182 qua:
1821 1110 1947 1166 hinc
1974 1124 2171 1166 conse-

572 1210 812 1271 quuntur
848 1217 941 1257 me
982 1202 1325 1272 redarguent.
1367 1202 1648 1275 Quomodo
1681 1202 1930 1271 cogitabo
1976 1201 2168 1260 caelum

571 1292 765 1348 solium
805 1293 967 1349 esse?
1006 1293 1210 1349 Solium
1251 1296 1626 1365 complectitur
1666 1293 1982 1358 sedentem;
2028 1294 2171 1350 Deus

572 1399 704 1441 vero
729 1400 835 1439 non
868 1385 1347 1444 circumscribitur.
1375 1386 1514 1441 Nihil
1538 1394 1623 1441 est
1653 1386 1797 1441 circa
1838 1386 2047 1451 Deum;
2072 1384 2169 1441 sed

574 1476 691 1547 ipse
734 1478 904 1532 ambit
941 1479 1122 1533 omnia
1166 1486 1222 1533 et
1265 1478 1656 1548 circumcingit.
1698 1475 1752 1532 Si
1806 1492 1935 1547 ergo
1975 1476 2166 1532 caelum

573 1567 771 1623 haheat
821 1570 1040 1636 solium,
1091 1570 1363 1641 quomodo
1414 1571 1602 1624 czelnm
1654 1570 1833 1640 palmo
1880 1570 2169 1626 metietur?

569 1660 843 1729 quomodo
877 1661 1031 1716 sedet
1072 1663 1123 1715 in
1160 1661 1553 1717 c.12i0?Cwlum
1585 1662 1711 1715 milii
1734 1662 1874 1716 sedes
1912 1670 2007 1726 est,
2034 1670 2170 1716 terra

570 1763 737 1806 autem
763 1752 1038 1808 scabellnm
1065 1754 1252 1824 pedum
1270 1771 1495 1821 meorum
1519 1755 1566 1825 (Ι
1575 1755 1672 1809 sai.
1690 1754 1781 1811 40.
1804 1753 1912 1826 i2).
1939 1753 2166 1814 Ubinam

570 1845 762 1900 sedet?
790 1846 845 1900 in
881 1848 1014 1901 caalo
1045 1847 1187 1918 quod
1222 1848 1530 1904 cernimus?
1559 1846 1743 1903 Stella:
1787 1857 1913 1902 sunt
1941 1848 2043 1903 sub
2077 1847 2169 1901 fir-

573 1948 882 2003 momento;
923 1955 1077 2008 aqua:
1122 1954 1286 2009 super
1316 1940 1446 1994 illud
1483 1942 1671 2010 positas
1710 1949 1852 1994 sunt.
1901 1937 1957 1997 Si
2007 1953 2168 2008 supra

570 2028 743 2093 sedet,
790 2045 894 2087 non
941 2046 1104 2099 super
1142 2032 1325 2095 cados,
1378 2032 1471 2086 sed
1516 2032 1567 2085 in
1600 2033 1882 2099 superiore
1923 2032 2077 2087 aulo.
2111 2031 2170 2087 Si

571 2119 725 2175 sedet
744 2120 986 2186 omnino,
1009 2122 1171 2175 etiam
1202 2121 1364 2191 pedes
1388 2137 1559 2193 usque
1586 2123 1655 2176 ad
1682 2132 1876 2177 terram
1910 2122 2165 2192 pendent.

570 2211 832 2268 Talemne
877 2212 1099 2282 figuram
1131 2213 1395 2271 adscribis
1432 2214 1510 2278 ei,
1540 2213 1632 2284 qui
1661 2214 1780 2270 sine
1822 2214 1991 2283 tignra
2035 2215 2166 2271 est?

570 2304 766 2358 Annon
795 2303 1017 2372 impium
1046 2313 1129 2358 est
1158 2304 1289 2362 illud
1316 2306 1385 2358 ita
1409 2304 1682 2373 cogitare?
1704 2305 1949 2369 Demum,
1980 2306 2024 2361 si
2052 2306 2168 2376 ejus

572 2392 737 2464 pedes
786 2401 985 2447 terram
1021 2395 1249 2456 calcant,
1292 2395 1563 2461 quomodo
1598 2398 1827 2451 serimus
1848 2398 1873 2449 τ
1898 2399 2169 2466 quomodo

572 2486 826 2540 metimus
846 2485 873 2538 ἲ
895 2485 1165 2553 quomodo
1196 2485 1606 2555 pertransimus,
1638 2502 1735 2541 nec
1762 2487 1815 2541 in
1847 2488 2012 2557 pedes
2052 2490 2169 2559 ejus

574 2577 957 2647 impingimus?
1001 2576 1286 2643 Quomodo
1325 2578 1515 2632 cadum
1568 2579 1746 2648 palmo
1786 2596 2007 2635 mensus
2045 2582 2171 2636 est?

572 2685 734 2740 quam
766 2685 989 2741 magnos
1030 2670 1213 2725 habuit
1238 2670 1434 2740 digitos
1461 2673 1807 2741 proportione
1832 2672 2170 2729 divinitatis?

573 2770 629 2816 ct
655 2761 927 2832 quomodo
970 2761 1163 2817 talibus
1204 2763 1386 2832 digitis
1428 2763 1649 2833 exiguas
1689 2764 1898 2819 tabulas
1930 2766 2162 2835 scripsit,

576 2868 752 2923 neque
793 2852 899 2908 illis
949 2854 1235 2923 pluribus?
1264 2854 1373 2909 Nos
1422 2855 1590 2909 tribus
1629 2854 1821 2926 digitis
1861 2857 2166 2923 scribimus,

573 2945 795 3015 reliquis
823 2961 1040 3014 operam
1066 2945 1496 3010 conferentibus;
1530 2947 1667 3000 Deus
1696 2962 1803 3001 uno
1823 2948 1989 3017 digito
2018 2947 2172 3002 tabu-

575 3040 657 3094 las
686 3040 921 3108 scripsit.
951 3038 1202 3093 Vidistin'
1230 3039 1463 3108 aliquem
1487 3055 1594 3093 uno
1621 3039 1788 3109 digito
1808 3040 2171 3097 scribentem?

574 3129 713 3184 Sunt
738 3129 854 3183 haec
882 3130 1050 3199 magis
1080 3131 1389 3191 sementim,
1418 3146 1577 3199 quam
1601 3131 1785 3185 verba.

647 3226 702 3277 4.
745 3222 926 3293 Imago
968 3224 1061 3276 Dei
1090 3240 1284 3287 sumus,
1312 3224 1584 3292 quomodo.
1606 3253 1681 3263 —
1705 3222 1982 3279 Faciamus
2008 3224 2173 3277 homi-

578 3332 695 3368 nem
718 3315 785 3368 ad
813 3316 1085 3385 imaginem
1111 3325 1356 3369 nostram.
1388 3314 1517 3369 Vult
1546 3317 1685 3370 Deus
1722 3326 1781 3371 υι
1814 3326 2075 3387 quantum
2101 3323 2168 3373 ad

576 3408 831 3461 virtutem
870 3406 1074 3460 similes
1100 3407 1202 3479 ipsi
1226 3407 1414 3461 simus.
1437 3406 1575 3473 Quid
1602 3418 1720 3473 est,
1747 3409 1830 3463 Ad
1858 3410 2169 3481 imaginem!

582 3499 723 3553 Deus
756 3509 972 3553 sanetus
1018 3509 1135 3564 est;
1178 3499 1222 3552 si
1256 3500 1424 3554 sancti
1469 3498 1741 3566 fuerimus,
1776 3501 1843 3555 ad
1883 3502 2167 3568 imaginem

581 3589 676 3644 Dei
704 3605 908 3644 sumus.
943 3590 1095 3655 Nam,
1137 3590 1312 3644 Estote
1344 3593 1524 3655 sancti,
1554 3594 1672 3661 quia
1700 3610 1791 3664 ego
1817 3605 2021 3647 sanctus
2059 3612 2172 3649 sum

583 3681 766 3753 (Leuit.
812 3682 899 3737 19.
945 3682 1026 3749 2).
1062 3683 1201 3736 Deus
1226 3683 1406 3751 justus
1449 3691 1569 3747 est;
1613 3684 1656 3737 si
1686 3684 1947 3753 justitiam
1993 3695 2172 3742 secte-

580 3790 723 3840 mur,
759 3774 933 3844 imagn
962 3774 1054 3828 Dei
1082 3788 1289 3828 sumus.
1335 3773 1465 3826 Nam
1494 3774 1673 3827 Justus
1700 3774 1969 3839 Dominus,
2019 3786 2066 3830 et
2081 3778 2175 3845 ju-

581 3872 771 3924 stitiam
802 3869 978 3928 dimsit
1025 3867 1196 3937 (Psal.
1234 3868 1317 3922 10.
1348 3867 1425 3937 8).
1472 3867 1529 3922 Si
1570 3868 1953 3924 misericordes
1979 3871 2169 3936 simus,

579 3966 758 4031 imago
788 3976 976 4015 sumus
1004 3960 1117 4015 Dei.
1143 3961 1231 4015 Ait
1256 3962 1399 4015 enim
1439 3960 1695 4015 Servatur
1725 3979 1738 4014 :
1769 3960 1945 4015 Estotc
1973 3962 2174 4016 miseri-

583 4054 783 4119 cordes,
824 4054 951 4109 sicut
982 4052 1139 4106 Pater
1163 4063 1324 4111 vester
1362 4053 1647 4107 misericors
1686 4064 1761 4107 est
1787 4053 1937 4125 (Luc.
1970 4055 2023 4108 6.
2056 4055 2171 4126 56).

582 4144 747 4202 Vides
792 4162 893 4215 qua
940 4146 993 4199 in
1020 4154 1171 4213 parte
1216 4146 1285 4199 sit
1328 4144 1547 4214 imago?
1591 4145 1840 4200 Ostendit
1881 4154 1935 4200 et
1979 4146 2176 4200 Paulus

582 4238 869 4308 imaginem
897 4254 910 4302 ;
936 4238 1010 4291 ait
1040 4237 1185 4291 enim
1211 4255 1225 4291 :
1250 4236 1437 4291 Exuite
1477 4252 1562 4291 vos
1592 4246 1805 4289 veterem
1846 4237 2099 4290 hominem
2129 4246 2176 4291 et

580 4330 777 4387 induite
801 4347 1002 4396 nouum,
1035 4330 1122 4401 qui
1136 4329 1416 4385 secundum
1445 4328 1609 4382 Deum
1630 4338 1827 4383 creatus
1849 4340 1923 4382 est
1951 4330 2003 4383 in
2028 4329 2176 4399 agni-

584 4426 719 4479 tione
759 4425 1003 4487 veritatis,
1055 4424 1335 4479 secundum
1386 4422 1655 4492 imaginem
1702 4422 1812 4488 eius
1856 4422 1944 4491 qui
1990 4421 2175 4475 creauit

583 4536 697 4573 eum
737 4517 871 4591 (Col.
904 4519 955 4571 5.
1002 4518 1056 4571 9.
1098 4515 1211 4586 10).
1255 4514 1418 4569 Vides
1469 4513 1753 4567 virtutibus
1806 4513 1985 4579 tribui,
2032 4512 2175 4583 quod

585 4610 861 4679 Scriptura
904 4608 1054 4671 dicit,
1105 4606 1187 4659 Ad
1230 4606 1499 4676 imaginem
1540 4604 1804 4658 nostram?
1852 4604 1909 4659 In
1952 4620 2059 4673 quo
2096 4614 2179 4658 est

581 4705 721 4758 ratio
768 4701 1048 4772 imaginis?
1079 4700 1133 4754 ln
1163 4708 1425 4769 potestate
1465 4699 1591 4752 item
1619 4716 1631 4751 :
1658 4696 1914 4767 Imperent
1960 4698 2177 4767 piscibus

581 4798 763 4861 maris,
790 4807 837 4850 et
860 4794 1148 4849 volatilibus
1176 4794 1307 4857 creti,
1336 4804 1382 4847 et
1409 4792 1591 4857 bestiis,
1623 4801 1668 4844 et
1696 4790 1979 4861 reptililms,
2013 4800 2057 4842 et
2080 4796 2175 4860 ju-

582 4890 780 4952 mentis,
810 4900 855 4942 et
900 4890 1145 4943 universa:
1173 4898 1318 4941 terra:
1344 4882 1501 4955 (Gen.
1547 4886 1597 4941 1.
1640 4883 1753 4954 26).
1786 4884 1832 4938 Ο
1858 4884 1953 4938 Dei
1986 4899 2179 4939 consc-

583 4990 837 5050 quentem
862 4981 1141 5035 ordinem!
1173 4994 1205 5033 o
1234 4979 1517 5031 verborum
1544 4984 1847 5031 accuratam
1878 4976 2173 5029 rationem!

584 5073 691 5127 Cur
722 5073 856 5126 dixit
906 5071 1074 5141 prius,
1123 5069 1344 5123 Prwsint
1384 5067 1603 5137 piscibus
1644 5068 1836 5121 maris?
1871 5066 2175 5122 Secundum

583 5164 827 5220 ordinem
885 5162 1174 5217 creationis
1245 5169 1327 5215 est
1386 5159 1522 5214 ordo
1576 5159 1977 5213 dominationis.
2043 5159 2175 5223 Quia

587 5256 743 5325 primi
773 5271 836 5309 ex
872 5255 1003 5308 mari
1037 5253 1161 5307 facti
1212 5260 1336 5306 sunt
1378 5255 1555 5321 pisces
1603 5261 1657 5305 et
1696 5250 1955 5316 volatilia,
1992 5259 2175 5318 postea

584 5362 715 5402 vero
758 5363 823 5400 ex
856 5356 991 5400 terra
1024 5342 1397 5415 quadrupedes
1443 5351 1499 5395 et
1530 5341 1727 5407 ndiqua
1772 5356 1984 5409 pecora,
2019 5340 2176 5393 indu-

585 5442 658 5495 cit
689 5440 833 5509 prins
873 5455 932 5491 ea
966 5455 1083 5507 qua:
1112 5437 1286 5505 priora
1317 5434 1452 5489 facta
1486 5443 1627 5487 sunt.
1675 5432 1897 5486 Ρψιεδὺιι
1934 5433 2176 5500 piscibus,

584 5547 629 5587 et
679 5533 988 5598 volatilibus,
1044 5542 1091 5585 et
1142 5530 1329 5593 bestiis,
1384 5538 1430 5581 et
1496 5526 1777 5597 reptilibus,
1820 5536 1867 5579 et
1907 5525 2176 5595 jnmentis.

584 5624 942 5693 Quamobrem
968 5632 1077 5677 tres
1104 5621 1255 5689 pueri
1289 5620 1667 5676 benedicentes
1697 5619 1746 5672 in
1782 5618 1997 5671 fornace
2025 5616 2179 5669 ordi-

586 5734 709 5776 nem
751 5722 1004 5771 servant:
1040 5732 1057 5765 ι
1090 5711 1427 5776 Benedicite,
1478 5710 1643 5763 maria
1685 5716 1739 5763 et
1779 5708 2019 5770 flumina,
2070 5705 2180 5761 Do-

589 5825 756 5869 tumo.
802 5809 1127 5873 Benedicitc,
1171 5815 1288 5862 cete
1336 5815 1386 5859 et
1429 5803 1608 5859 omnia
1638 5816 1757 5868 quae
1800 5814 2086 5857 moventur
2126 5806 2175 5857 in

2040 348 2407 409 SEVERIANI

2274 382 2407 409 κω.

2274 462 2442 532 aquis,
2480 462 2729 518 Domino.
2756 465 3079 535 Benedicite,
3102 485 3291 527 omnes
3320 474 3569 530 volucres
3597 476 3736 542 cmli,

2282 556 2447 608 mino.
2481 553 2807 623 Benedicite,
2839 557 3024 614 bestia:
3065 570 3121 616 et
3161 577 3378 632 pecora.
3422 565 3752 633 Benedicite,
3783 570 3874 624 lilii

2276 646 2552 702 hominum
2578 666 2597 699 ι
2630 646 2794 721 (Dan.
2811 649 2870 703 2.
2883 651 3117 723 78.-82).
3149 654 3265 708 Alia
3284 667 3603 726 supererant
3621 660 3875 715 conside-

2274 740 2478 805 randa;
2516 740 2611 796 sed
2647 740 2715 796 ad
2753 743 3086 813 propositum
3134 754 3486 803 revertamur.
3538 748 3608 803 Et
3638 752 3879 821 formavit

2274 829 2416 884 Deus
2442 831 2694 885 hominem
2722 830 2874 905 (Gen.
2896 833 2953 895 2.
2986 836 3064 905 7).
3096 835 3213 891 Non
3232 839 3570 907 simpliciter
3592 841 3751 907 dixit,
3777 842 3881 897 Fe-

2274 922 2380 985 cit;
2420 920 2536 986 sed,
2590 920 2872 977 Formavit.
2923 924 3203 982 Formatio
3234 928 3433 985 dicitur
3472 929 3540 985 de
3577 930 3778 989 decore
3824 941 3881 989 et

2274 1023 2503 1073 omatu;
2536 1023 2595 1068 ut
2617 1014 2832 1085 quando
2868 1016 3064 1087 aliquis
3090 1019 3276 1075 videns
3318 1021 3613 1078 formosum
3642 1024 3874 1091 vultum,

2273 1106 2398 1176 quia
2429 1107 2649 1177 pulchre
2678 1107 3016 1163 eﬂ'ormatum
3057 1121 3160 1178 est,
3207 1111 3356 1175 dicit,
3388 1114 3528 1171 Nihil
3556 1114 3687 1172 fecit
3732 1116 3876 1173 Deus

2276 1197 2329 1253 in
2358 1214 2585 1270 corpore
2632 1210 2828 1271 praeter
2853 1200 3130 1267 decorum,
3178 1204 3273 1259 sed
3318 1214 3376 1260 et
3415 1205 3614 1261 decoro
3659 1218 3714 1263 et
3756 1210 3874 1263 usui

2275 1296 2567 1366 prospexit.
2599 1296 2840 1368 Exempli
2864 1311 3048 1363 causa,
3078 1298 3267 1355 oculus
3293 1300 3404 1355 duo
3429 1300 3612 1368 habet,
3636 1317 3791 1357 usum
3821 1314 3875 1359 et

2274 1389 2523 1445 decorem
2555 1408 2568 1445 :
2599 1405 2721 1445 nam
2760 1400 2814 1448 et
2838 1390 3005 1455 videt,
3038 1402 3093 1447 et
3132 1402 3413 1449 venustum
3441 1394 3617 1451 reddit
3644 1396 3873 1460 vultum,

2274 1478 2571 1552 faciemque
2614 1491 2794 1547 ornat,
2840 1483 3130 1552 omniaque
3178 1484 3458 1553 conspicit.
3512 1485 3672 1540 Auris
3721 1500 3874 1543 us'lm

2276 1574 2462 1637 habet,
2496 1584 2821 1646 aspectuque
2841 1575 3077 1646 jucunda
3122 1576 3410 1646 est:qnod
3451 1577 3597 1632 enim
3636 1579 3872 1632 circum.

2274 1666 2506 1736 positum
2553 1675 2635 1720 est
2659 1667 2959 1738 cymbalum
2997 1667 3194 1722 animal
3225 1677 3469 1724 exornat.
3513 1668 3877 1732 Similiterque

2276 1773 2437 1812 nasus
2485 1757 2682 1813 olfactu
2736 1758 3043 1814 necessario
3093 1759 3346 1828 praeditus
3389 1769 3502 1825 est;
3554 1759 3670 1824 sed,
3717 1774 3876 1816 secus

2274 1864 2433 1917 quam
2465 1849 2518 1903 in
2543 1850 2754 1904 ca-teris
2780 1850 3123 1912 animalibus,
3156 1850 3303 1904 velut
3335 1850 3574 1905 medium
3617 1851 3876 1920 parietem

2272 1939 2438 1995 efficit
2464 1939 2532 1995 ad
2558 1940 2811 1996 decorem
2839 1940 3215 2010 complendum
3243 1958 3257 1995 :
3287 1940 3340 1996 id
3366 1942 3508 1995 enim
3550 1943 3641 1998 uni
3674 1942 3875 1996 homini

2274 2033 2532 2104 competit
2562 2051 2575 2089 :
2598 2042 2793 2089 caetera
2815 2035 3012 2107 quippe
3031 2035 3279 2089 animalia
3310 2050 3495 2090 nasum
3519 2051 3625 2089 non
3652 2035 3872 2103 habent,

2274 2126 2369 2181 sed
2402 2140 2563 2191 unam
2590 2136 2795 2184 tantum
2827 2127 3035 2183 narium
3076 2125 3418 2197 positionem.
3449 2126 3563 2183 Hoc
3589 2141 3718 2182 vero
3757 2143 3875 2181 eam

2274 2218 2344 2273 ob
2364 2232 2478 2273 rem
2507 2217 2758 2273 formavit
2793 2218 2954 2274 Deus.
2984 2218 3111 2273 Ideo
3149 2217 3339 2281 David,
3375 2216 3478 2283 Qui
3502 2218 3753 2289 plantavit
3782 2235 3872 2272 au-

2274 2325 2402 2375 rem,
2425 2325 2528 2363 non
2555 2309 2775 2363 audiet?
2799 2319 2889 2362 aut
2918 2311 3004 2381 qui
3030 2310 3179 2377 ﬁnxit
3209 2310 3434 2378 oculum,
3462 2326 3563 2363 non
3590 2310 3874 2362 considerat

2279 2400 2449 2469 (Psal.
2480 2400 2568 2456 93.
2600 2401 2696 2470 9)?
2739 2400 2829 2456 Sic
2879 2414 3076 2456 terram
3122 2401 3243 2457 fecit
3290 2401 3356 2455 ad
3405 2413 3653 2456 ornatum
3706 2410 3760 2455 et
3810 2400 3875 2455 ad

2277 2506 2454 2546 usum.
2484 2491 2563 2544 Ac
2578 2507 2646 2545 ne
2686 2490 2839 2559 plura
2882 2491 2976 2544 tibi
3012 2490 3207 2545 decora
3233 2505 3562 2553 recenseam,
3596 2500 3874 2560 postquam

2277 2599 2440 2637 unum
2467 2582 2655 2639 dixem
2681 2582 3114 2655 prattergrediar.
3150 2583 3306 2638 Dedit
3332 2583 3470 2639 Deus
3503 2582 3731 2649 bomlni,
3764 2584 3873 2636 viro

2276 2672 2499 2740 scilicet,
2524 2688 2647 2729 eum
2672 2673 2792 2727 aliis
2821 2674 2982 2729 etiam
3017 2673 3241 2728 uberum
3270 2672 3716 2729 concinnitatem.
3753 2672 3875 2727 Viro

2275 2778 2372 2819 cur
2395 2764 2599 2822 ubera?
2624 2764 2846 2820 Decoris
2874 2778 3056 2820 causa.
3093 2763 3229 2819 Nam
3259 2776 3376 2821 esto
3409 2765 3622 2821 mulieri
3652 2778 3879 2819 conces-

2277 2857 2409 2913 serit
2432 2858 2595 2911 ubera
2619 2856 2689 2911 ob
2719 2866 2927 2911 natura:
2968 2858 3366 2919 necessitatem,
3397 2855 3465 2911 ad
3494 2856 3647 2911 lactis
3673 2856 3878 2911 submi-

2278 2951 2645 3007 nistrationem
2669 2965 2684 3015 ;
2709 2950 2824 3004 viro
2852 2964 2949 3005 cur
2972 2949 3171 3004 ubera?
3201 2949 3283 3005 Ad
3311 2950 3591 3015 decorum,
3616 2947 3685 3004 ad
3713 2964 3877 3002 orna-

2280 3056 2411 3099 tum.
2439 3042 2903 3112 Quemadmodum
2948 3042 3094 3098 enim
3144 3044 3194 3097 in
3226 3043 3467 3098 :rdiﬂciis
3504 3043 3609 3097 alia
3638 3042 3772 3097 fiunt
3810 3042 3881 3096 ob

2278 3138 2676 3203 necessitatem,
2702 3137 2802 3191 alia
2831 3137 2900 3195 ob
2918 3137 3174 3193 decorum
3205 3154 3221 3205 ξ
3248 3137 3325 3191 sic
3352 3137 3491 3193 Deus
3522 3146 3574 3191 et
3607 3136 3881 3190 hominem

2278 3230 2508 3293 ornavit,
2536 3238 2591 3284 et
2612 3230 2711 3299 ipsi
2736 3228 2802 3283 ad
2831 3244 2983 3283 usum
3008 3228 3311 3284 necessaria
3332 3228 3578 3284 contulit.
3606 3226 3884 3281 Formm-it

2278 3338 2402 3377 eum
2432 3331 2655 3392 accepto
2684 3321 2905 3391 pulvere
2932 3320 2998 3376 de
3037 3331 3201 3376 terra.
3232 3321 3411 3376 Beata:
3439 3320 3877 3374 Christianorum

2278 3429 2424 3482 spes,
2472 3413 2516 3467 si
2572 3412 2995 3467 intellexerimus
3042 3427 3105 3465 ea
3144 3427 3263 3480 qua!
3303 3411 3570 3465 audimus.
3618 3410 3727 3465 Cur
3769 3426 3881 3463 non

2278 3505 2433 3566 dixit,
2460 3503 2682 3574 Accepit
2704 3504 2914 3573 glebam
2946 3503 3012 3557 de
3042 3505 3220 3557 terra?
3250 3503 3476 3556 Tantum
3493 3517 3691 3573 corpus
3716 3502 3882 3557 clior-

2280 3597 2444 3651 mavit
2473 3614 2485 3649 :
2511 3610 2573 3650 ac
2619 3612 2685 3648 ne
2727 3595 2879 3665 gleba
2910 3595 3129 3665 quidem
3155 3608 3289 3665 opus
3334 3593 3540 3658 habuit,
3572 3594 3665 3647 sed
3699 3593 3886 3661 pulve-

2278 3702 2394 3744 rem
2436 3685 2680 3756 accepit?
2713 3686 2852 3739 Deus
2894 3684 3139 3755 praevidit
3182 3683 3360 3738 futura
3404 3698 3467 3737 ac
3516 3684 3559 3737 si
3595 3685 3883 3751 prmsentia

2281 3788 2482 3835 essent.
2512 3779 2645 3846 Quia
2674 3778 3000 3848 praevidebat
3029 3776 3133 3832 hoc
3152 3776 3350 3831 animal
3385 3788 3506 3831 esse
3538 3777 3884 3840 moriturum,

2282 3880 2337 3925 et
2369 3871 2421 3925 in
2451 3870 2727 3940 pulverem
2772 3869 3257 3934 transmittendum,
3303 3869 3411 3938 jam
3457 3867 3587 3921 olim
3632 3868 3684 3921 in
3726 3882 3887 3922 crea-

2283 3962 2429 4015 tione
2459 3976 2609 4030 spem
2640 3958 3049 4014 resurrectionis
3072 3959 3327 4014 ostendit.
3361 3959 3569 4027 Accipit
3604 3960 3886 4028 pulverem

2282 4052 2351 4107 de
2382 4062 2545 4111 terra.
2582 4060 2638 4106 ut
2666 4067 2786 4107 cum
2832 4050 3033 4105 videris
3079 4050 3131 4105 in
3173 4050 3421 4120 sepulcro
3450 4051 3744 4122 pulverem,
3785 4064 3890 4104 no-

2282 4147 2424 4200 veris
2453 4160 2598 4207 eum,
2631 4145 2719 4215 qui
2766 4144 2895 4199 illud
2926 4142 3244 4207 ell‘ormavit,
3277 4143 3378 4199 hoc
3404 4158 3617 4215 quoque
3655 4142 3886 4197 suscita-

2283 4246 2461 4292 turum
2502 4252 2643 4292 esse.
2683 4235 2949 4290 Formavit
2993 4235 3249 4289 hominem
3275 4244 3477 4304 sumpto
3507 4234 3570 4288 de
3608 4242 3741 4287 terra
3768 4235 3890 4300 put-

2283 4344 2412 4391 uere,
2432 4336 2477 4380 et
2494 4328 2759 4397 insufﬂauit
2787 4328 2839 4379 in
2861 4328 3041 4397 facient
3061 4326 3169 4397 ejus
3190 4327 3499 4397 spiraculum
3521 4326 3635 4379 vita!
3655 4324 3803 4396 (Gen.
3825 4325 3881 4380 9..

2283 4419 2361 4489 7).
2397 4418 2528 4473 Vide
2566 4419 2853 4473 discrimen
2902 4418 3042 4474 inter
3070 4418 3317 4473 homines
3362 4426 3415 4472 et
3460 4418 3638 4474 bruta.
3678 4416 3889 4471 Caetera

2284 4510 2459 4565 omnia
2491 4524 2611 4563 cum
2643 4510 2843 4564 faceret
2873 4510 3034 4575 Deus,
3061 4508 3220 4563 simul
3248 4508 3425 4562 omnia
3459 4506 3727 4577 produxit,
3756 4521 3889 4562 cum

2285 4617 2512 4672 corpore
2538 4603 2791 4655 animam.
2824 4600 3221 4663 Animadverte,
3256 4612 3461 4668 quaeso.
3497 4597 3645 4652 Fecit
3681 4599 3887 4651 natati-

2288 4695 2376 4759 lia,
2407 4694 2565 4748 simul
2593 4696 2823 4748 animam
2852 4701 2906 4747 et
2942 4707 3158 4761 corpus.
3193 4692 3392 4746 Educet
3438 4702 3571 4746 terra
3599 4692 3848 4745 animalia
3867 4736 3883 4757 ,

2288 4787 2463 4857 prodit
2504 4786 2665 4840 simul
2713 4801 2835 4841 cum
2884 4800 3110 4854 corpore
3160 4785 3357 4839 anima.
3413 4782 3656 4837 llomiuis
3710 4782 3890 4850 primo

2286 4896 2479 4950 corpus
2507 4878 2652 4946 facit,
2683 4877 2878 4932 deinde
2897 4878 3151 4931 animam.
3184 4874 3349 4946 Cujus
3378 4876 3489 4944 spei
3516 4873 3715 4927 causa?
3736 4872 3891 4940 Qua-

2287 4972 2353 5026 lis
2383 4969 2653 5035 formatio,
2696 4969 2815 5022 talis
2844 4967 3062 5022 solutio.
3112 4966 3237 5021 Ideo
3266 4966 3567 5045 animantes
3612 4979 3764 5033 Spem
3793 4979 3893 5017 re-

2286 5061 2640 5119 surrectionis
2669 5076 2775 5115 non
2807 5061 3027 5124 habent,
3062 5060 3186 5129 quia
3218 5075 3324 5128 quo
3352 5057 3514 5111 modo
3556 5056 3706 5109 factm
3735 5065 3890 5121 sunt,

2286 5156 2477 5212 eodem
2505 5153 2663 5207 modo
2701 5154 3018 5206 moriuntur.
3050 5150 3220 5206 Simul
3249 5164 3446 5219 corpus
3472 5156 3526 5201 et
3550 5146 3725 5199 anima
3754 5146 3890 5198 abo-

2289 5248 2485 5302 lcntur.
2511 5245 2719 5314 Corpus
2741 5243 2972 5299 hominis
2995 5242 3061 5298 de
3091 5252 3229 5296 terra
3252 5242 3479 5309 accepit,
3503 5240 3738 5293 animum
3769 5236 3891 5304 ip~c

2291 5340 2473 5393 tribuit
2501 5337 2756 5401 creando,
2793 5352 2896 5389 non
2930 5351 2995 5389 ex
3023 5350 3117 5388 sua
3159 5332 3458 5388 substantia
3492 5328 3841 5400 producendo
3872 5346 3889 5385 :

2289 5441 2349 5486 ut
2388 5447 2507 5486 cum
2549 5438 2815 5483 mortuum
2862 5428 3020 5482 fuerit
3051 5440 3268 5495 corpus,
3313 5426 3426 5479 sive
3453 5423 3637 5486 homo,
3688 5437 3758 5475 ne
3788 5422 3892 5477 dc-

2289 5539 2566 5594 spercmus
2604 5524 2671 5577 de
2713 5522 2909 5576 animo.
2959 5520 3095 5586 Quid
3140 5520 3305 5583 enim,
3350 5516 3490 5587 quod
3538 5516 3587 5570 in
3634 5515 3893 5583 sepulcro

2290 5617 2589 5686 depositum
2615 5616 2683 5669 sit
2718 5630 2911 5683 corpus
2930 5613 2950 5663 ?
2978 5612 3052 5665 Ne
3084 5611 3350 5680 putaveris
3383 5609 3453 5663 ibi
3480 5620 3600 5662 esse
3626 5607 3890 5659 animam.

2290 5709 2405 5763 Non
2433 5709 2574 5763 cnim
2607 5708 2673 5761 de
2702 5716 2839 5761 terra
2881 5712 3091 5773 sumpta
3121 5712 3225 5769 est,
3269 5717 3365 5756 nec
3394 5701 3445 5753 in
3477 5710 3675 5752 terram
3706 5711 3894 5751 τοῖσι

2296 5820 2450 5864 temp,
2488 5811 2647 5881 spem
2681 5812 2809 5869 ergo
2834 5797 3036 5852 statuit.
3072 5794 3196 5851 ldeo
3222 5794 3381 5849 etiam
3430 5791 3479 5846 iu
3517 5786 3767 5845 Ezechiel
3799 5802 3894 5843 re-
