4158 6488
293 381 414 439 475

287 491 715 566 περιγράφεται.
754 495 920 548 Οὐδέν
957 496 1074 550 ἐστι
1121 498 1246 570 περὶ
1285 498 1378 552 τὸν
1407 498 1569 553 Θεόν·
1605 500 1783 554 πάντα
1812 499 1870 553 δέ

293 581 485 635 κυκλοῖ
511 584 604 636 καὶ
628 586 850 656 τειχίζει
879 589 907 641 6
938 588 1089 653 Θεός.
1119 589 1181 643 Εἰ
1211 585 1302 643 οῦν
1335 592 1561 663 οὐρανὸν
1600 592 1713 662 ἐχει
1743 591 1869 662 θρό-

291 688 404 735 νον,
434 672 550 737 πῶς
575 677 835 747 μετρήσει
861 679 954 732 τὸν
974 681 1202 752 οὐρανὸν
1227 681 1471 755 σπιθαμῇ
1498 701 1512 748 ;
1543 683 1666 746 Πῶς
1689 683 1745 734 δὲ.
1775 682 1871 736 καὶ

291 763 526 836 κάθηται
557 768 638 831 εἰς
669 770 759 822 τὸν
785 770 1044 842 οὐρανόν;
1093 775 1155 827 '0
1189 775 1446 843 οὐρανὸς
1471 775 1602 845 ἐμοὶ
1636 775 1866 841 θρόνος,

287 862 329 929 ἡ
355 863 426 917 δὲ
452 863 530 934 τῇ
557 867 889 921 ὑποπόδιον
921 869 1040 924 τῶν
1064 871 1266 925 ποδῶν
1281 891 1420 941 μου.
1453 871 1565 925 Ποῦ
1591 870 1824 941 κάθηται
1849 887 1864 936 ;

289 955 383 1006 ἐπί
426 954 518 1007 τὸν
563 958 916 1028 φαινόμενον;
979 962 1232 1034 Ἀστέρες
1291 964 1547 1018 ὑποκάτω
1600 962 1693 1015 τοῦ
1749 979 1866 1014 στε-

292 1045 594 1116 ρεώματος,
659 1049 802 1122 ὓδωρ
859 1054 1062 1108 ἐπάνω.
1121 1055 1183 1109 Εἰ
1234 1055 1419 1109 ἐπάνω
1472 1054 1725 1126 κάθηται,
1767 1055 1866 1108 οὐκ

287 1137 473 1189 ἐπάνω
500 1137 607 1191 τῶν
641 1140 901 1210 οὐρανῶν,
937 1144 1052 1197 ἀλλ’
1081 1149 1160 1210 εἰς
1187 1147 1279 1200 τὸν
1315 1145 1586 1217 ἀνώτερον
1615 1146 1861 1217 οὐρανόν.

285 1227 349 1279 Εἰ
387 1228 615 1300 κάθηται
649 1233 883 1297 πάντως,
913 1238 1006 1288 καὶ
1029 1238 1079 1291 οἰ
1111 1238 1270 1300 πόδες
1299 1238 1601 1308 κρέμανται
1637 1237 1740 1301 ἕως
1764 1237 1864 1307 τῆς

281 1319 408 1388 γῆς.
449 1320 699 1377 Τοιοῦτον
749 1325 933 1396 σχῆμα
983 1328 1270 1399 περιτίθης
1312 1328 1396 1400 τῷ⁸
1435 1329 1857 1400 ἀσχηματῖστψς

281 1410 400 1463 οὐκ
430 1411 575 1468 ἐστιν
607 1415 802 1479 άσεϐἐς
840 1420 933 1472 καὶ
959 1419 1118 1474 τοῦτο
1159 1421 1301 1474 οὕτω
1330 1421 1552 1491 νοῆσαι;
1587 1416 1730 1474 Εῐτα⁴
1749 1419 1857 1472 λοι-

278 1500 405 1564 πὸν,
437 1505 484 1556 εί
508 1506 559 1558 οἰ
584 1507 742 1571 πόδες
769 1509 935 1562 αὐτοῦ
966 1512 1193 1565 πατοῦσι
1215 1513 1314 1584 τὴν
1341 1512 1465 1583 γῆν,
1491 1511 1608 1575 πῶς
1635 1510 1857 1580 σπείρο-

282 1608 418 1660 μενῖ
444 1593 560 1658 πῶς
581 1597 866 1670 θερίζομεν
891 1618 904 1666 ;
935 1603 1050 1667 πῶς
1079 1603 1403 1675 διερχόμεθα
1425 1604 1500 1675 μὴ
1527 1601 1858 1672 συγκρούον-

274 1692 370 1740 τες
402 1680 566 1733 αὐτοῦ
594 1686 708 1748 τοῖς
739 1687 924 1752 ποσίν;
957 1689 1081 1751 Πῶς
1112 1690 1167 1742 δὲ
1210 1692 1482 1761 ἐμέτρησε
1513 1689 1604 1742 τὸν
1631 1687 1857 1757 οὐρανὸν

277 1771 559 1842 σπιθαμῆς
609 1777 725 1840 πῶς
770 1777 1061 1841 δακτύλους
1109 1776 1221 1851 εἶχε
1261 1783 1528 1851 μεγάλους
1562 1779 1856 1846 ἀναλόγους

275 1863 343 1932 τῇ
402 1861 648 1937 θεότητι;
708 1872 802 1922 καὶ
856 1871 976 1934 πῶς
1013 1873 1069 1924 ἐν
1126 1873 1353 1936 ἐκείνοις
1405 1875 1518 1935 τοῖς
1571 1871 1852 1934 δακτύλοις

273 1952 480 2024 ἔγραψε
507 1956 716 2024 πλάκας
744 1962 944 2032 μικράς
970 1962 1252 2028 δακτύλοις
1287 1965 1550 2026 τοιούτοις
1568 2003 1581 2026 ,
1611 1963 1703 2015 καὶ
1731 1961 1852 2014 οὐδὲ

272 2045 513 2113 πολλοῖςς
557 2049 745 2120 Ἡμεῖς
780 2055 924 2123 τρισὶ
962 2055 1243 2119 δακτύλοις
1281 2056 1581 2127 γράφομεν,
1613 2055 1721 2109 τῶν
1760 2055 1854 2108 ἄλ-

270 2136 381 2188 λων
422 2141 854 2212 συνεργούντων·
903 2146 1034 2210 Θεὸς
1082 2149 1162 2200 ἐνὶ
1210 2147 1456 2218 δακτύλῳ
1497 2147 1595 2211 τὰς
1638 2146 1850 2208 πλάκας

269 2227 528 2302 ἔγραψεν.
560 2231 711 2298 Εἱδές
728 2253 848 2292 τινα
875 2239 954 2292 ἐνί
975 2239 1222 2313 δακτύλῳ
1242 2241 1554 2313 γράφοντα;
1583 2239 1850 2311 Νοήματά

268 2326 388 2378 ἐστι
413 2326 585 2382 ταῦτα
620 2329 818 2400 μᾶλλον
847 2333 877 2404 ἢ
905 2335 1142 2406 ῥήματα.

338 2461 400 2518 δ’.
424 2467 774 2538 Ποιήσωμεν·
810 2473 1124 2543 ἄνθρωπον
1151 2473 1276 2528 κατ’
1301 2474 1504 2528 είκόνα
1531 2471 1840 2542 ἡμετέραν.

266 2554 521 2611 Βούλεται
552 2562 583 2631 ή
591 2564 698 2631 μᾶς
723 2566 750 2616 6
762 2565 891 2627 Θεὸς
907 2565 1146 2635 μιμητάς
1160 2565 1323 2619 αὐτοῦ
1337 2561 1471 2619 εἶναι
1490 2567 1608 2618 κατ’
1623 2566 1841 2636 ἀρετήν.

266 2646 331 2700 Τί
378 2648 512 2714 ἐστι,
552 2656 688 2707 Κατ’
728 2656 967 2720 εἰκόνα;
1008 2658 1138 2722 Θεὸς
1187 2658 1373 2727 ἀγιος·
1415 2658 1510 2712 ἐὰν
1558 2657 1843 2728 γενώμεθα

265 2741 430 2808 ἅγιοι,
473 2747 589 2800 κατ’
619 2749 802 2802 εἰκόνα
833 2752 996 2819 ἐσμὲν
1035 2750 1191 2805 Θεοῦ.
1236 2753 1490 2805 Γίνεσθε
1523 2753 1632 2821 γάρ
1667 2751 1839 2818 ἅγιοι,

263 2830 356 2885 ὅτι
529 2835 698 2905 ἅγιός
736 2841 872 2907 εἰμι.
919 2841 1050 2904 Θεὸς
1079 2841 1318 2905 δίκαιος·
1361 2841 1456 2892 ἐὰν
1499 2839 1843 2908 δικαιοσύνην

264 2931 630 3002 μετέλθωμεν,
647 2934 808 2987 εἰκών
837 2940 1001 3006 ἐσμεν
1023 2932 1177 2992 Θεοῦ.
1203 2937 1435 3003 Δίκαιος
1474 2935 1580 3007 γὰρ
1605 2934 1840 3003 Κύριος,

262 3023 361 3076 καί
389 3024 782 3093 δικαιοσύνην
823 3028 1156 3098 ἠγάπησεν.
1200 3028 1326 3082 Ἐάν
1361 3022 1509 3098 ὦμεν
1541 3026 1840 3097 φιλάνθρωο

262 3131 375 3175 ποι,
407 3115 694 3185 ἐλεήμονες
716 3158 729 3182 ,
768 3119 929 3172 εἰκών
963 3123 1130 3191 ἐσμεν
1157 3119 1247 3172 τοῦ
1279 3119 1434 3172 Θεοῦ.
1465 3120 1626 3186 Λέγει
1667 3119 1774 3188 γὰρ
1814 3117 1842 3168 ὁ

263 3207 483 3276 Σωτήρ·
528 3209 782 3265 Γίνεσθε
827 3213 1212 3281 οἰκτίρμονες,
1257 3215 1336 3279 ὡς
1373 3217 1406 3268 ό
1444 3211 1642 3279 Πατὴρ
1676 3209 1841 3279 ὑμῶν

260 3300 551 3366 οἰκτείρει.
589 3297 741 3365 Εἶδες
771 3303 873 3355 ποῦ
907 3307 940 3374 ή
985 3305 1176 3368 εἰκώνς
1209 3307 1458 3357 Δείκνυςι
1499 3305 1591 3356 καὶ
1630 3301 1840 3363 Παῦλος

258 3392 360 3460 τὴν
401 3392 602 3444 εἰκόνα·
632 3393 778 3461 λέγει
816 3395 923 3465 γάρ
949 3413 962 3425 ·
1012 3395 1419 3450 Ἀποδύσασθε
1452 3395 1558 3448 τὸν
1581 3394 1841 3447 παλαιὸν

259 3484 608 3550 ἄνθρωπον,
662 3485 758 3539 καί
807 3486 1147 3541 ἐνδύσασθε
1188 3488 1297 3540 τὸν
1334 3487 1511 3552 νέον,
1542 3487 1653 3540 τὸν
1691 3486 1841 3539 κατὰ

263 3576 410 3628 Θεὸν
448 3576 764 3632 κτισθέντα
787 3580 873 3644 εἰς
909 3579 1236 3648 ἐπίγνωσιν
1260 3580 1543 3646 ἀληθείας
1563 3621 1576 3643 ,
1607 3581 1732 3631 κατ’
1761 3581 1841 3631 εἰ·

258 3669 409 3722 κόνα
439 3669 545 3722 τοῦ
576 3671 895 3736 κτίσαντος
922 3671 1127 3726 αὐτόν.
1165 3667 1315 3734 Εἶδες
1346 3672 1432 3724 ὅτι
1473 3673 1594 3732 ταῖς
1621 3671 1840 3740 ἀρεταῖς

257 3764 623 3832 ἐπιγράφεται
649 3764 729 3827 τὸ,
768 3765 907 3822 Κατ’
941 3765 1142 3820 εἰκόνα
1173 3765 1506 3834 ηλιετέραν;
1557 3764 1644 3815 Ἐν
1670 3762 1774 3815 τίνι
1802 3764 1835 3831 ή

255 3853 453 3918 εἰκώνς
524 3855 610 3907 Ἐν
661 3856 725 3925 τῇ
791 3855 1007 3925 ἐξουσίᾳ
1057 3854 1255 3908 πάλιν·
1319 3854 1684 3922 Ἀρχέτωσαν
1722 3853 1840 3907 τῶν

257 3948 479 4015 ἰχθύων
509 3947 616 4014 τῆς
643 3947 980 4014 θαλάσσης,
1012 3947 1106 4000 καί
1136 3946 1253 4001 τῶν
1280 3946 1564 4001 πετεινῶν
1595 3947 1702 4001 τοῦ
1735 3948 1837 3999 ou)-

247 4040 462 4108 ρανοῦ,
495 4042 592 4094 καί
622 4039 736 4093 τῶν
756 4041 992 4110 θηρίων,
1014 4042 1108 4094 καί
1133 4039 1250 4094 τῶν
1277 4039 1558 4108 ἑρπετῶν,
1592 4040 1689 4094 καὶ
1719 4039 1838 4093 τῶν

253 4130 510 4197 κτηνῶν,
541 4132 640 4186 καί
667 4134 870 4200 πάσης
893 4135 1000 4201 τῆς
1029 4133 1161 4204 γῆς.
1198 4136 1263 4186 Ὢ
1293 4136 1391 4203 τῆς
1425 4134 1517 4186 τοῦ
1548 4133 1681 4186 Θεοῦ
1711 4135 1839 4186 ἀκο-

252 4222 472 4284 λουθίας
490 4239 503 4253 ·
529 4222 575 4275 ὣ
594 4224 691 4293 τῆς
712 4225 816 4280 τῶν
841 4225 1100 4295 ῥημάτων
1120 4225 1422 4296 ἀκριϐείας.
1447 4227 1597 4279 Διατί
1623 4226 1838 4296 πρῶτον

252 4313 680 4384 ἐμνημόνευσεν,
718 4317 1080 4386 Ἀρχέτωσαν
1104 4317 1221 4371 τῶν
1244 4319 1463 4387 ἰχθύων
1483 4317 1593 4385 τῆς
1611 4317 1838 4372 θαλάσ-

251 4422 410 4472 σης;
450 4406 607 4460 Κατὰ
631 4406 728 4480 τὴν
759 4409 908 4473 τάξιν
932 4410 1029 4478 τῆς
1061 4409 1420 4480 δημιουργίας
1449 4408 1597 4481 [485]
1626 4411 1657 4480 ή
1685 4410 1836 4474 τάξις

252 4499 354 4569 τῆς
367 4499 702 4564 δεσποτείας.
742 4502 958 4574 Ἐπειδὴ
989 4503 1194 4574 πρῶτοι
1218 4504 1279 4556 ἐκ
1307 4505 1403 4574 τῆς
1422 4504 1694 4575 θαλάσσης
1715 4504 1834 4572 ἐγέ-

252 4609 408 4647 νοντο
438 4593 652 4663 ἰχθύες,
693 4597 785 4649 καὶ
817 4597 1067 4657 πετεινά,
1113 4596 1247 4666 μετά
1283 4599 1453 4651 ταῦτα
1493 4599 1549 4651 δὲ
1579 4598 1688 4652 ἀπὸ
1731 4597 1836 4666 γῆς

251 4685 326 4739 τά
355 4686 659 4756 τετράποδα
698 4689 792 4740 καὶ
836 4687 903 4740 τά
948 4687 1109 4740 λοιπά
1156 4690 1348 4759 κτήνη,
1399 4689 1608 4757 εἰσάγει
1649 4684 1741 4742 οὖν
1767 4688 1837 4741 τά

253 4779 451 4850 πρῶτα
476 4783 760 4850 γενόμενα.
805 4780 1168 4850 Ἀρχέτωσαν
1190 4781 1306 4833 τῶν
1328 4783 1565 4849 ἰχθύων,
1596 4780 1690 4833 καί
1719 4781 1838 4834 τῶν

252 4871 572 4934 πετεινῶν,
602 4872 699 4926 καί
727 4872 845 4926 τῶν
877 4873 1127 4940 θηρίων,
1157 4874 1249 4925 καί
1281 4872 1398 4926 τῶν
1426 4871 1706 4939 ἑρπετῶν,
1737 4871 1834 4926 καί

253 4961 378 5015 τῶν
404 4962 655 5030 κτηνῶν.
694 4962 857 5017 Ὅθεν
892 4965 985 5017 καὶ
1008 4966 1057 5017 οἰ
1087 4967 1232 5034 τρεῖς
1269 4964 1456 5025 παῖδες
1488 4963 1836 5030 εὐλογοῦντες

255 5057 316 5107 ἐν
367 5059 432 5125 τῇ
476 5055 689 5127 καμίνῳ
738 5058 1064 5125 φυλάττουσι
1109 5060 1206 5126 τὴν
1256 5055 1444 5120 τάξιν·
1493 5056 1832 5124 Εὐλογεῒτε,

254 5144 564 5201 θάλασσαι
596 5149 690 5202 καί
728 5149 976 5218 ποταμοὶ
999 5189 1014 5214 ,
1055 5149 1159 5203 τὸν
1195 5151 1432 5217 Κύριον.
1481 5147 1832 5215 Εὑλογεῖτε,

255 5237 414 5306 κήτη
443 5239 539 5292 καί
577 5237 774 5294 πάντα
804 5241 876 5293 τὰ
915 5240 1235 5309 κινούμενα
1259 5241 1330 5292 ἐν
1357 5241 1556 5302 ὕδασι,
1585 5239 1692 5292 τὸν
1721 5240 1836 5293 Κύ-

251 5345 408 5398 ριον.
439 5331 754 5397 Εὑλογεῖτε
775 5371 789 5396 ,
831 5331 1028 5385 πάντα
1054 5333 1124 5385 τὰ
1150 5333 1390 5384 πετεινά
1424 5331 1529 5384 τοῦ
1555 5331 1832 5400 οὐρανοῦ,

255 5420 370 5473 τὸν
397 5421 632 5488 Κύριον.
663 5423 998 5491 Εὑλοτεῒτε.
1022 5423 1092 5475 τὰ
1121 5423 1293 5490 θηρία
1319 5423 1413 5474 καί
1441 5422 1511 5474 τὰ
1539 5422 1728 5482 νηκτά
1755 5425 1830 5491 (ί.

257 5515 488 5584 κτήνη).
520 5515 867 5584 Εὐλογεῖτε,
908 5518 1023 5570 υἱοί
1068 5515 1185 5568 τῶν
1221 5517 1564 5582 ἀνθρώπων.
1598 5511 1705 5568 Ἦν
1735 5517 1835 5585 μὲν

255 5602 355 5660 οὖν
384 5609 475 5660 καὶ
496 5609 657 5680 ἕτερα
689 5611 1051 5682 ἐπιθεωρῆσαι
1075 5626 1088 5639 ⁸
1118 5611 1232 5663 ἀλλ’
1267 5612 1344 5673 εἰς
1376 5611 1438 5662 τὸ
1478 5611 1834 5681 προκείμενον

257 5701 664 5772 ἐπανέλθωμεν.
690 5705 799 5758 Kal
828 5707 1096 5759 ἔπλασεν
1125 5709 1157 5759 ὁ
1192 5705 1333 5771 Θεὸς
1354 5706 1459 5759 τὸν
1499 5705 1830 5772 ἄνθρωπον.

257 5789 378 5849 Οὐκ
416 5788 567 5850 εἶπεν
597 5795 800 5863 ἁπλῶς,
826 5798 1110 5867 ἐποίησεν,
1151 5796 1263 5852 ἀλλ’
1301 5798 1592 5855 ἔπλασεν.
1629 5797 1831 5860 Πλάσις

1327 380 1412 434 DE
1450 379 1668 437 ΜΕΝϋί
1709 379 2104 438 CREATIONE
2140 381 2396 438 ORATIO
2436 381 2500 436 ι’.

3436 373 3550 432 476

1977 499 2194 569 λέγεται
2234 500 2330 552 ἐπὶ
2353 498 2454 570 τῆς
2478 496 2830 568 εὐπρεπείας
2854 496 2928 559 ὼς
2954 496 3080 548 ὅταν
3105 511 3189 557 τις
3215 493 3550 565 θεασάμενος

1974 595 2272 665 πρόσωπον
2288 593 2580 664 εῦμορφον,
2609 593 2796 664 ἐπειδὴ
2814 591 2978 646 καλὸν
3001 591 3242 661 πλάσμα,
3271 592 3422 661 λέγῃ.
3448 592 3548 644 Οὐ-

1969 686 2060 741 δὲν
2089 686 2343 756 ἐποίησεν
2362 688 2390 739 6
2413 685 2544 749 Θεὸς
2569 687 2626 739 ἐν
2649 685 2726 756 τῷ
2762 684 2974 756 σώματι
2999 685 3266 755 ἀπρεπὲς,
3291 683 3427 738 ἀλλά
3451 684 3546 736 καὶ

1969 778 2105 848 πρὸς
2131 777 2233 847 τὴν
2263 777 2592 848 εὐπρέπειαν
2631 777 2724 830 καὶ
2759 777 2894 848 πρὸς
2930 775 3028 847 τήν
3059 777 3274 846 χρῆσιν.
3317 771 3475 842 Οἶον,
3513 775 3546 828 6

1967 870 2242 941 όῳθαλμὸς
2274 869 2366 924 δύο
2395 869 2508 940 ἔχει
2529 912 2544 934 ,
2575 872 2666 924 καὶ
2699 872 2895 942 χρῆσιν
2927 868 3022 922 καὶ
3052 868 3415 940 εὐπρέπειαν·
3451 870 3544 922 καὶ

1965 963 2075 1034 γάρ
2105 964 2311 1032 βλέπει,
2337 964 2431 1015 καὶ
2465 962 2743 1031 φαιδρύνει
2774 963 2832 1014 τὸ
2863 962 3185 1032 πρόσωπον,
3223 960 3317 1012 καὶ
3349 963 3544 1030 κοσμεῖ

1965 1056 2062 1126 τὴν
2087 1057 2230 1126 ὄψιν,
2262 1057 2353 1108 καὶ
2389 1057 2491 1126 ὁρᾷ
2516 1055 2711 1108 πάντα.
2756 1054 2822 1105 Ἦ
2862 1054 2998 1125 ἀκοὴ
3027 1054 3139 1124 ἔχει
3178 1054 3277 1125 τήν
3322 1055 3538 1124 χρῆσιν,

1965 1147 2076 1218 ἔχει
2131 1151 2227 1220 τὴν
2276 1149 2449 1219 όψινι
2479 1163 2496 1181 ο
2550 1148 2611 1200 τὸ
2661 1147 2768 1218 γάρ
2819 1146 3199 1218 περικείμενον
3264 1147 3542 1218 κύμϐαλον

1965 1248 2160 1315 κοσμεῖ
2199 1246 2260 1298 τὸ
2299 1243 2456 1308 ζῶον.
2511 1242 2738 1313 Ὁμοίως
2770 1242 2803 1311 ή
2839 1239 2925 1311 ῥὶς
2967 1240 3080 1310 ἔχει
3125 1242 3221 1311 τὴν
3271 1242 3540 1312 ὄσφρησιν

1962 1335 2293 1402 ἀναγκαίαν·
2327 1334 2440 1388 ἀλλ’
2467 1333 2600 1404 ἔχει,
2634 1333 2785 1403 παρά
2807 1331 2873 1384 τά
2899 1329 3031 1384 ἄλλα
3060 1329 3193 1393 ζῶα,
3223 1331 3412 1402 ὥσπερ
3448 1349 3540 1402 με·

1965 1428 2223 1497 σότοιχον,
2257 1428 2348 1481 καὶ
2375 1425 2613 1495 πληροῦν
2639 1425 2735 1494 τὴν
2762 1421 3094 1493 εὐπρέπειαν
3117 1437 3129 1451 ⁸
3163 1421 3320 1474 τοῦτο
3342 1421 3417 1491 τῷ
3447 1424 3536 1474 ἀν-

1962 1516 2163 1588 θρώπῳ
2209 1517 2477 1587 ὑπάρχει·
2511 1515 2580 1569 τὰ
2622 1515 2731 1584 γὰρ
2768 1514 2903 1569 άλλα
2949 1513 3063 1578 ζῶα
3107 1513 3386 1583 μυκτῆρας
3435 1515 3535 1567 οὐκ

1959 1609 2190 1678 ἔχουσιν,
2218 1608 2352 1661 ἀλλά
2392 1608 2518 1678 μίαν
2552 1605 2779 1659 καθόλου
2809 1606 2907 1674 τὴν
2947 1604 3115 1657 θέσιν.
3148 1602 3317 1657 Τοῦτο
3359 1603 3415 1657 δὲ
3445 1603 3534 1659 διὰ

1957 1701 2116 1752 τοῦτο
2154 1700 2382 1752 ἔπλασεν
2411 1701 2438 1751 6
2466 1699 2616 1760 Θεός.
2650 1698 2739 1749 Διὸ
2767 1697 2860 1749 καὶ
2890 1696 3050 1748 Δαυῖδ
3069 1713 3082 1725 ·
3133 1696 3194 1748 '0
3227 1697 3533 1764 φυτεύσας

1956 1789 2023 1842 τὸ
2047 1786 2175 1856 οὖς,
2210 1789 2341 1858 οὐχὶ
2379 1789 2618 1850 ἀκούεις
2654 1787 2690 1854 ἢ
2736 1791 2768 1841 ό
2801 1785 3042 1852 πλάσας
3068 1787 3172 1838 τὸν
3199 1786 3530 1855 ὀφθαλμὸν,

1955 1881 2090 1948 οὐχί
2134 1879 2439 1942 κατανοεῖς
2488 1878 2642 1931 Οὐτω
2683 1877 2775 1930 κοιλ⁷
2817 1877 2916 1944 τὴν
2955 1876 3055 1946 γῆν
3109 1876 3364 1946 ἐποίησε,
3397 1876 3531 1946 πρὸς

1953 1972 2301 2043 εὐπρέπειαν,
2326 1971 2462 2042 πρὸς
2488 1971 2700 2040 χρῆσιν.
2726 1967 2830 2021 Καὶ
2856 1968 2943 2022 ῖνα
2973 1968 3046 2038 μὴ
3069 1965 3228 2032 δείξω
3253 1984 3332 2021 σοι
3364 1967 3532 2024 πολλά

1951 2070 2226 2140 εὐπρεπῆ,
2258 2069 2314 2122 ἐν
2336 2068 2506 2122 εἰπὼν
2543 2068 2944 2138 ὑπερϐήσομαι.
2977 2069 3217 2124 Ἔδωκεν
3237 2069 3265 2120 6
3294 2069 3425 2132 Θεὸς
3454 2069 3530 2138 τῷ

1951 2162 2244 2234 ἀνθρώπῳ,
2265 2162 2408 2231 λέγω
2430 2161 2495 2231 δὴ
2520 2159 2598 2230 τῷ
2620 2160 2793 2230 ἀνδρὶ,
2824 2160 2961 2230 μετά
2984 2160 3092 2213 τῶν
3118 2160 3289 2214 ἄλλων
3309 2161 3401 2214 καὶ
3428 2178 3530 2231 μα-

1951 2253 2091 2306 στῶν
2118 2253 2400 2324 ἁρμονίαν.
2441 2251 2619 2322 Ἀνδρὶ
2648 2252 2850 2321 μαστὸς
2877 2251 3050 2315 διατί;
3082 2253 3180 2305 Διά
3206 2251 3304 2322 τὴν
3335 2251 3530 2322 εὐπρέ-

1948 2361 2127 2399 πειαν.
2171 2346 2352 2398 Ἔστω
2384 2344 2492 2415 γὰρ
2519 2344 2738 2411 γυναικί
2769 2342 2857 2395 διά
2883 2343 2942 2394 τὸ
2970 2345 3264 2412 ἀναγκαῖον
3297 2344 3394 2412 τῆς
3429 2343 3526 2412 φύ-

1955 2451 2114 2500 σεως,
2139 2434 2228 2488 διὰ
2250 2434 2348 2506 τήν
2379 2434 2640 2504 χορηγίαν
2677 2433 2770 2487 τοῦ
2797 2433 3097 2500 γάλακτος·
3140 2433 3290 2504 ἀνδρί
3323 2433 3525 2504 μαστὸς

1946 2528 2087 2581 διατι
2105 2544 2119 2593 ;
2136 2527 2235 2580 Διά
2252 2529 2351 2598 τὴν
2377 2528 2727 2594 εὐπρέπειαν,
2751 2525 2840 2578 διὰ
2854 2527 2945 2596 τὴν
2974 2525 3292 2594 εὐκοσμίαν.
3315 2527 3525 2595 Ὠσπερ

1945 2621 2054 2690 γὰρ
2100 2621 2156 2674 ἐν
2195 2624 2306 2683 τοῖς
2360 2619 2753 2689 οἰκοδομήμασι
2797 2617 2917 2670 τινὰ
2965 2615 3062 2686 μὲν
3094 2617 3303 2684 γίνεται
3339 2616 3427 2670 διὰ
3463 2618 3523 2670 τὸ

1944 2713 2238 2780 ἀναγκαῖον
2256 2754 2269 2776 ,
2298 2713 2420 2764 τινά
2451 2711 2504 2763 δέ
2530 2712 2617 2764 διὰ
2641 2710 2738 2779 τὴν
2763 2708 3115 2777 εὐπρέπειαν⁹
3143 2707 3310 2766 οὕτως
3336 2710 3364 2760 6
3394 2706 3522 2768 Θεὸς

1945 2804 2039 2856 καὶ
2085 2804 2357 2872 ἐκόσμησε
2399 2803 2489 2853 τὸν
2530 2801 2844 2870 ἄνθρωπον,
2883 2798 2977 2849 καὶ
3018 2796 3153 2865 πρὸς
3191 2798 3289 2866 τὴν
3329 2797 3522 2867 χρῆσιν

1945 2893 2263 2965 ἀπήρτισεν.
2292 2892 2562 2945 Ἔπλασεν
2587 2891 2748 2944 αὐτὸν
2778 2888 2904 2960 χοῦν
2933 2887 3114 2941 λαϐὼν
3138 2886 3245 2940 ἀπὸ
3271 2887 3368 2956 τῆς
3394 2889 3517 2957 γῆς.

1943 2986 2223 3057 Μακάριαι
2256 2988 2310 3038 αἱ
2344 2983 2684 3056 Χριστιανῶν
2715 2981 2925 3044 ἐλπίδες
2946 3021 2961 3044 ,
3004 2980 3098 3033 ἐὰν
3131 2980 3440 3049 ἐπιγνῶμεν
3486 2977 3522 3032 ἃ

1942 3075 2229 3147 ἀκούομεν.
2256 3079 2404 3130 Διατί
2430 3078 2528 3129 οὐκ
2549 3070 2668 3129 εἷπε
2689 3092 2702 3105 ·
2730 3074 2925 3126 Ἔλαϐε
2946 3073 3113 3142 βῶλον
3132 3073 3237 3126 ἀπὸ
3254 3071 3354 3141 τῆς
3381 3073 3482 3142 γῆς
3503 3088 3519 3136 ;

1943 3168 2206 3221 Τοσοῦτον
2242 3169 2398 3238 σῶμα
2446 3168 2677 3221 ἔπλασε·
2723 3168 2814 3220 καὶ
2859 3166 2919 3218 οὐ
2964 3166 3154 3237 χρείαν
3198 3164 3356 3235 ἐσχεν
3397 3163 3519 3217 οὐδὲ

1944 3258 2136 3328 βώλου,
2160 3259 2293 3313 ἀλλὰ
2320 3260 2446 3329 χοῦν
2474 3259 2770 3329 λαμϐάνεις
2813 3257 2871 3310 '0
2902 3257 3032 3319 Θεὸς
3057 3257 3272 3326 προεῖδε
3302 3257 3370 3309 τά
3403 3255 3520 3325 μέλ-

1940 3350 2097 3402 λοντα
2129 3350 2202 3412 ὼς
2235 3352 2381 3403 ὄντα.
2431 3349 2645 3419 Ἐπειδὴ
2673 3348 2914 3420 προῄδει,
2944 3349 3024 3401 ὅτι
3055 3347 3235 3417 μέλλει
3264 3347 3518 3417 τελευτᾷν

1941 3442 2002 3494 τὸ
2034 3441 2189 3504 ζῶον,
2233 3442 2325 3492 καὶ
2359 3442 2438 3500 είς
2476 3439 2603 3509 χοῦν
2641 3439 3100 3509 μεταϐάλλεσθαι,
3134 3438 3421 3507 προλαϐὼν
3460 3441 3518 3491 ἐν

1942 3535 2008 3602 τῇ
2057 3531 2381 3602 δημιουργίᾳ
2430 3529 2593 3594 ἔδειξε
2632 3530 2729 3600 τὴν
2775 3528 2965 3581 ἐλπίδα
3009 3528 3108 3597 τῆς
3148 3530 3515 3591 ἀναστάσεως.

1941 3623 2220 3693 Δαμϐάνει
2253 3621 2377 3691 χοῦν
2408 3621 2513 3674 ἀπὸ
2550 3620 2650 3690 τῆς
2677 3620 2801 3690 γῆς,
2836 3620 2902 3672 ἵν’
2946 3621 3073 3672 ὅταν
3116 3620 3231 3690 ἴδῃς
3265 3621 3321 3672 ἐν
3363 3621 3517 3688 τάφῳ

1941 3721 2091 3790 χοῦν,
2125 3720 2266 3790 γνῷς
2293 3721 2372 3772 ὅτι
2401 3718 2428 3769 6
2466 3719 2639 3770 ἐκεῖνο
2669 3717 2875 3780 πλάσας
2911 3719 3004 3770 καὶ
3028 3716 3186 3770 τοῦτο
3215 3716 3513 3786 ἀνίστησιν.

1945 3814 2218 3866 Ἐπλασε
2241 3811 2344 3864 τὸν
2369 3812 2699 3878 ἄνθρωπον,
2723 3809 2875 3878 χοῦν
2895 3809 3095 3863 λαϐὼν
3114 3810 3231 3863 ἀπὸ
3251 3807 3361 3877 τῆς
3382 3805 3513 3876 τῆς,

1940 3904 2036 3957 καί
2085 3904 2468 3970 ἐνεφύσησεν
2497 3904 2584 3968 εἰς
2615 3901 2680 3954 τὸ
2728 3901 3052 3969 πρόσωπον
3089 3899 3274 3954 αὑτοῦ
3317 3899 3517 3965 πνοὴν

1939 3995 2106 4062 ζωῆς.
2154 3995 2325 4048 Βλέπε
2373 3993 2636 4064 διαφοράν
2679 3992 2979 4063 ἀνθρώπων
3023 3988 3114 4044 ἰαὶ
3160 3993 3387 4060 ἀλόγων.
3435 3991 3516 4044 Τὰ

1938 4088 2072 4141 ἀλλα
2100 4089 2274 4142 πάντα
2305 4087 2470 4141 ποιῶν
2491 4087 2519 4138 6
2548 4085 2699 4150 Θεὸς,
2723 4084 2857 4155 ὁμοῦ
2891 4085 3064 4138 πάντα
3082 4085 3349 4155 ἐπήγαγε,
3375 4083 3513 4154 μετά

1938 4180 2031 4233 τοῦ
2066 4186 2311 4251 σώματος
2361 4180 2455 4232 καὶ
2487 4179 2585 4248 τὴν
2628 4179 2830 4248 ψυχήν.
2871 4179 3142 4248 Πρόσεχε,
3189 4177 3509 4249 παρακαλῶ.

1953 4277 2204 4344 Ἐποίησε
2247 4275 2314 4327 τά
2358 4274 2549 4344 νηκτὰ,
2595 4272 2730 4342 όμοῦ
2781 4271 2938 4342 σῶμα
2987 4270 3136 4343 [486]
3179 4272 3272 4325 καὶ
3313 4273 3508 4344 ψυχήν.

1954 4366 2316 4436 Ἑξαγαγέτω
2364 4367 2399 4432 ὴ
2446 4363 2522 4432 γῆ
2562 4362 2706 4424 ζῶα·
2750 4363 3014 4434 προῆλθεν
3054 4363 3188 4432 όμοῦ
3233 4364 3368 4432 μετά
3405 4365 3512 4418 τῶν

1943 4460 2208 4528 σωμάτων
2242 4455 2333 4508 καί
2357 4457 2389 4525 ή
2411 4455 2576 4526 ψυχή.
2603 4455 2706 4507 Τὸν
2724 4455 3008 4525 ἄνθρωπον
3032 4457 3174 4506 ποιεῖ
3196 4453 3272 4523 τῷ
3301 4454 3513 4524 σώματι

1942 4549 2176 4620 πρῶτον,
2215 4544 2332 4600 εἶτα
2356 4550 2422 4617 τῇ
2447 4546 2612 4616 ψυχῇ.
2643 4545 2740 4598 Διά
2766 4546 2922 4599 ποίαν
2951 4545 3168 4607 ἐλπίδα;
3197 4549 3294 4598 Οἴα
3319 4548 3350 4616 ἡ
3380 4549 3513 4600 πλά-

1941 4659 2044 4705 σις,
2079 4639 2300 4709 τοιαύτη
2338 4639 2431 4691 καὶ
2457 4639 2489 4708 ή
2527 4637 2677 4700 λύσις
2698 4653 2710 4666 ·
2738 4637 2806 4689 τά
2847 4636 2959 4701 ζῶα
2998 4637 3084 4689 διά
3107 4636 3263 4688 τοῦτο
3289 4640 3512 4691 ἀνάστα-

1941 4751 2023 4787 σιν
2046 4733 2143 4785 οὐκ
2165 4732 2298 4802 ἔχει,
2329 4730 2513 4799 ἐπειδὴ
2535 4730 2608 4792 ὼς
2629 4729 2863 4797 ἐγένετο,
2885 4727 3027 4781 οὕτω
3049 4729 3140 4780 καὶ
3160 4729 3509 4800 άποθνήσκει”

1938 4825 2071 4896 ὁμοῦ
2111 4825 2170 4877 τὸ
2200 4824 2356 4892 σῶμα
2399 4823 2492 4876 καὶ
2520 4823 2551 4892 ή
2577 4821 2722 4891 ψυχή
2749 4822 3089 4890 ἀφανίζεται.
3128 4821 3200 4872 Τὸ
3231 4820 3389 4889 σῶμα
3419 4820 3511 4871 τοῦ

1938 4917 2224 4988 ἀνθρώπου
2261 4914 2449 4967 ἔλαϐεν
2491 4913 2598 4964 ἀπὸ
2629 4913 2727 4980 τῆς
2762 4916 2892 4978 γῆς,
2925 4912 3022 4982 τὴν
3052 4910 3107 4963 δὲ
3142 4909 3319 4980 ψυχὴν
3352 4910 3514 4972 αὐτὸς

1936 5010 2116 5062 δίδωσι
2157 5007 2377 5069 κτίσας,
2407 5005 2837 5074 δημιουργήσας,
2873 5003 2972 5055 οὐκ
3016 5003 3079 5054 ἐκ
3114 5002 3209 5071 τῆς
3242 5003 3375 5064 ἰδίας
3420 5004 3514 5055 οὐ-

1939 5101 2058 5164 σίας
2080 5098 2342 5162 ἐκϐαλὼν,
2374 5099 2440 5151 ἵν’
2466 5100 2592 5150 ὅταν
2629 5095 2874 5166 ἀποθάνῃ
2905 5095 2965 5147 τὸ
2997 5094 3175 5164 σῶμα,
3201 5095 3233 5164 ἢ
3262 5094 3290 5143 6
3313 5095 3515 5164 ἀνθρω-

1940 5209 2059 5257 πος,
2093 5193 2166 5262 μὴ
2195 5190 2522 5259 ἀπογνῶμεν
2552 5189 2650 5259 τῆς
2677 5187 2873 5257 ψυχῆς.
2908 5187 2974 5238 Τί
2998 5185 3126 5254 γάρ,
3151 5185 3232 5236 ὅτι
3255 5184 3426 5255 ἐτάφη
3454 5186 3513 5236 ἐν

1937 5284 2091 5353 τάφῳ
2118 5284 2178 5335 τὸ
2210 5281 2402 5352 σῶμα;
2432 5282 2521 5350 Μὴ
2550 5281 2927 5352 προσδοκήσῃς
2963 5279 3080 5330 ἐκεῖ
3117 5271 3255 5330 εῖναι
3289 5276 3386 5346 τὴν
3411 5277 3512 5345 ψυ-

1935 5376 2057 5445 χήν.
2088 5373 2164 5426 Οὐ
2201 5373 2309 5444 γάρ
2341 5371 2449 5426 άπὸ
2475 5373 2577 5441 γῆς
2606 5371 2834 5442 ἐλήφθη,
2874 5371 2994 5424 οὐδέ
3021 5371 3100 5433 εἰς
3137 5371 3239 5440 γῆν
3277 5370 3512 5439 ἀπέρχεο

1935 5485 2045 5520 ται.
2088 5469 2355 5536 Ἔστησεν
2385 5463 2477 5519 οὖν
2507 5468 2606 5537 τὴν
2651 5465 2858 5519 ἐλπίδα.
2895 5465 2992 5517 Διά
3025 5463 3181 5516 τοῦτο
3218 5464 3307 5515 καὶ
3346 5463 3403 5514 ἐν
3435 5461 3512 5531 τῷ

1949 5559 2204 5630 Ἰεζεκιὴλ
2248 5558 2579 5628 προφητεύει
2630 5559 2726 5629 τὴν
2777 5557 3072 5611 ἀνάστασιν
3117 5555 3258 5607 οὕτω
3302 5553 3509 5621 λέγων’

2003 5738 2028 5766 ⁸
2053 5736 2308 5800 Combeﬁs.
2334 5737 2598 5797 legendum
2617 5743 2756 5800 putat
2778 5736 2901 5799 ἔχειν
2929 5735 3012 5791 τὴν
3033 5735 3211 5799 τέρψιν.
3235 5732 3336 5784 Sed
3361 5729 3515 5781 lectio

1939 5804 1992 5849 ut
2014 5805 2092 5850 est
2119 5799 2233 5848 ferri
2259 5804 2441 5860 potest.
