4102 6508
292 432 410 487 477

282 540 670 596 surrectionent
701 537 1016 592 vaticinatur
1044 535 1126 590 his
1168 534 1347 590 verbis
1375 553 1386 587 :
1420 537 1636 590 Mortuis
1675 538 1867 590 ossibus

283 649 471 700 corpus
495 637 682 701 factum
708 639 781 683 est
809 627 1017 700 (Ezeclt.
1051 628 1137 683 37.
1170 625 1247 696 9).
1281 625 1479 680 Deinde
1504 627 1577 680 ait
1602 644 1616 680 :
1645 626 1727 679 Ea:
1746 644 1871 692 qua-

283 732 400 775 tuor
437 722 592 778 ventis
630 722 792 774 veniat
833 720 1062 787 spiritus,
1112 729 1157 769 et
1196 717 1510 786 ingrediatur
1554 718 1605 769 in
1649 728 1870 770 mortuos

283 814 400 880 bos,
429 823 474 866 et
513 813 699 866 vivant.
738 811 825 864 Sic
857 819 911 863 et
944 809 1104 863 David
1136 809 1329 862 clamat
1358 826 1370 860 :
1402 808 1612 876 Auferes
1641 808 1871 877 spiritum

281 920 477 970 eorum,
521 913 570 956 et
596 902 854 969 deﬁcient,
901 911 946 953 et
986 901 1035 952 in
1067 899 1318 965 pulverem
1365 915 1512 951 suum
1543 906 1868 950 revertentur.

286 994 500 1048 Emittes
533 992 780 1062 Spiritum
809 1001 971 1056 tuum,
1003 999 1046 1042 et
1079 990 1397 1054 creabantur,
1431 997 1476 1040 et
1505 988 1764 1040 renovabis
1787 986 1871 1053 [a-

281 1085 412 1136 ciem
436 1094 581 1136 terrte
604 1081 774 1154 (Psal.
810 1081 933 1135 105.
963 1080 1052 1134 29.
1084 1080 1197 1146 '50).
1231 1078 1414 1131 Vidisti
1441 1078 1694 1147 Spiritum
1721 1091 1871 1131 crea-

285 1175 503 1229 torem?
531 1174 704 1226 vidisti
732 1188 851 1225 eum
887 1172 994 1225 Deo
1015 1170 1366 1238 operantem?

368 1265 422 1320 5.
465 1265 570 1318 Sed
608 1263 670 1316 ad
703 1263 1031 1333 propositum
1063 1276 1410 1314 revertamur.
1447 1258 1744 1328 lusu/ﬂavit.
1775 1258 1875 1312 Per

285 1355 455 1419 illud,
507 1353 822 1424 lnsuﬂlavit,
877 1353 1067 1404 anitu-e
1130 1351 1523 1419 Silllpllt'iltllem
1577 1349 1811 1402 ostendit
1859 1367 1872 1403 :

284 1446 409 1500 ideo
437 1460 533 1499 nec
561 1445 738 1498 multis
767 1447 1135 1497 ceucinuatur.
1168 1441 1398 1494 Attende
1419 1441 1550 1508 jam.
1576 1439 1706 1505 Quia
1728 1455 1878 1492 crea-

285 1547 404 1594 tura
434 1539 844 1597 inveteraverat,
871 1534 1013 1587 illam
1041 1534 1286 1588 Christus
1312 1534 1360 1585 iu
1385 1533 1780 1600 diSpCllSﬂliUlle
1803 1529 1876 1600 (a)

289 1629 573 1682 instaurat.
629 1628 910 1682 Formatos
951 1636 1033 1680 est
1077 1626 1242 1678 Adam
1291 1626 1356 1678 de
1402 1635 1541 1677 terra
1587 1623 1880 1694 :formavit

282 1723 532 1776 Christus
573 1723 699 1776 (Ξωεί
746 1721 930 1774 oculos
963 1736 1027 1774 ex
1057 1720 1167 1772 luto
1188 1760 1201 1783 ,
1235 1729 1289 1772 ut
1321 1718 1443 1772 hinc
1475 1720 1689 1772 noveris
1718 1733 1837 1771 cum
1863 1757 1876 1780 ,

285 1815 378 1882 qui
419 1813 623 1882 accepit
653 1812 918 1880 pulverem
945 1811 1010 1863 de
1042 1821 1178 1864 terra
1202 1852 1215 1870 ,
1246 1821 1298 1863 et
1329 1811 1595 1863 lortnavit.
1629 1808 1874 1862 lusuflla-

283 1903 365 1956 vit
409 1905 545 1957 Deus
587 1905 640 1956 in
685 1903 868 1956 faciem
897 1901 1064 1955 Adam
1117 1902 1375 1968 spiracula
1408 1902 1562 1963 vit-.e;
1595 1899 1877 1952 iusuﬁlavit

280 1995 529 2050 Christus
581 1994 630 2047 in
672 1993 860 2048 faciem
905 1999 1300 2061 apostolorum,
1345 2001 1399 2045 et
1439 1991 1574 2045 dixit
1619 1991 1882 2058 :Accipite

281 2084 540 2155 Spiritum
584 2096 812 2138 sanctum
860 2084 1035 2155 (Joan.
1078 2085 1166 2137 20.
1197 2084 1309 2153 9.2).
1342 2084 1470 2136 liam
1502 2099 1619 2152 quae
1651 2084 1881 2150 perierat

280 2176 477 2231 Adami
524 2175 973 2238 iusulﬁationem,
1021 2175 1264 2226 Christus
1317 2175 1583 2236 restituit,
1628 2184 1682 2227 et
1712 2173 1881 2226 factus

283 2275 370 2320 est
409 2279 591 2319 rursus
619 2265 778 2318 homo
806 2265 853 2317 in
878 2266 1108 2316 animam
1138 2264 1424 2317 viventem.
1460 2263 1554 2316 llic
1581 2263 1736 2316 seriei
1762 2263 1879 2315 ani—

283 2372 432 2409 tuum
477 2355 688 2408 adhibe.
743 2354 963 2408 Etiamsi
1011 2354 1152 2407 enim
1185 2355 1326 2408 vocis
1373 2369 1629 2422 organum
1662 2352 1874 2420 deﬁcit,

281 2457 539 2505 Consueta
592 2457 766 2501 tamen
821 2463 916 2518 spe
967 2463 1333 2516 praecurrens,
1385 2447 1716 2513 fratrtuuque
1759 2458 1879 2497 veta

281 2543 630 2608 acccleraus,
678 2542 841 2595 credo
885 2542 1114 2595 dandum
1166 2541 1292 2596 tnilti
1329 2557 1449 2594 esse
1481 2541 1696 2593 verbum
1726 2581 1738 2603 ,
1775 2556 1878 2591 non

283 2632 467 2686 meriti
517 2632 621 2687 tnei
664 2647 861 2697 causa,
905 2632 997 2685 sed
1040 2630 1331 2685 alacritatis
1356 2631 1658 2684 auditortun
1687 2629 1877 2696 gratia.

282 2722 512 2777 Etiamsi
540 2723 740 2778 sanctis
763 2738 865 2776 non
893 2724 1060 2776 simus
1089 2722 1435 2791 comparandi
1459 2736 1472 2784 ;
1497 2731 1550 2773 at
1572 2722 1643 2772 illi
1671 2735 1882 2789 quoque

281 2815 413 2872 cuia
454 2823 580 2869 sunt
619 2815 789 2884 passi,
819 2814 1168 2882 corporisque
1195 2812 1592 2867 inﬁrmitatibus
1622 2811 1880 2880 impedie-

282 2907 498 2962 bantur.
539 2906 597 2959 ld
641 2906 952 2958 testiﬁcatur
995 2905 1161 2957 David
1204 2905 1384 2958 dicens
1430 2922 1443 2956 :
1483 2903 1732 2955 Laboravi
1771 2904 1880 2955 rtu-

283 3016 432 3052 mrms
452 3040 466 3062 ,
489 3014 656 3050 rauca:
683 2999 832 3065 [actia
860 3007 973 3049 sunt
999 2999 1172 3065 fauces
1204 3012 1326 3049 metu
1355 2994 1524 3067 (Psat.
1559 3001 1646 3048 (38.
1681 3001 1753 3063 4).
1779 2995 1881 3047 Me-

282 3092 391 3147 lius
437 3107 594 3161 porro
636 3102 716 3143 cst
756 3107 910 3143 rauca
943 3105 1072 3142 Voce
1103 3098 1242 3142 recta
1275 3089 1485 3152 dicere,
1515 3105 1671 3156 quam
1695 3129 1708 3151 ,
1739 3101 1879 3140 recta

283 3199 454 3247 Voce,
499 3184 678 3235 animo
713 3196 1021 3251 perversum
1053 3195 1188 3232 esse.
1228 3179 1481 3231 l‘lantavit
1513 3177 1645 3231 Deus
1677 3178 1885 3248 paradi-

281 3293 400 3328 sum
424 3276 475 3328 in
501 3274 659 3327 Edent
686 3277 752 3326 ad
774 3275 1012 3326 orien'em
1040 3271 1188 3343 (Gen.
1223 3272 1276 3325 ‘2.
1312 3273 1388 3338 8).
1415 3271 1550 3337 Quid
1574 3279 1655 3324 est
1679 3269 1882 3324 Edcm?

285 3366 458 3423 [ﬁdem
487 3366 750 3436 signiﬁcat
780 3365 996 3418 delicias
1027 3380 1040 3428 ;
1074 3380 1135 3417 ac
1165 3364 1207 3417 si
1236 3364 1352 3431 quis
1374 3362 1597 3426 diceret,
1625 3361 1884 3415 Plantavit

287 3457 598 3527 paradisum
632 3457 682 3509 in
713 3455 919 3509 deliciis
942 3498 955 3518 ,
981 3457 1093 3509 sive
1123 3457 1173 3508 in
1206 3454 1462 3508 delicioso
1492 3455 1641 3514 loco,
1680 3453 1730 3505 in
1764 3454 1882 3522 pul-

285 3551 424 3606 chro
463 3551 600 3603 loco.
646 3550 874 3618 Ideoque
915 3550 965 3601 in
1009 3550 1108 3601 ﬁne
1136 3547 1263 3600 dicit
1297 3564 1308 3598 :
1343 3544 1411 3598 Et
1437 3547 1578 3616 ejecit
1606 3545 1766 3596 Adam
1793 3585 1806 3608 ,
1839 3553 1884 3596 et

287 3642 554 3694 collocavit
585 3658 700 3692 eum
726 3657 786 3692 ea:
813 3641 1019 3692 adverso
1049 3638 1274 3708 paradisi
1298 3634 1589 3703 voluptatis.
1623 3633 1883 3687 Plantavit

285 3732 430 3790 Deus
451 3732 744 3798 paradisum
772 3730 824 3780 in
855 3729 1015 3781 Edent
1045 3728 1110 3778 ad
1134 3728 1370 3780 orientem
1395 3725 1548 3796 (Gen.
1572 3727 1622 3779 5.
1647 3725 1758 3793 24).
1776 3725 1884 3778 Cur

287 3839 398 3877 non
427 3822 479 3874 in
507 3822 610 3874 alio
637 3820 872 3881 climate,
896 3817 987 3872 sed
1011 3817 1076 3870 ad
1098 3817 1362 3870 orientem
1389 3815 1709 3884 paradisus?
1731 3813 1884 3868 Unde

288 3914 500 3972 initium
532 3927 720 3966 cursus
744 3909 1112 3974 ltnninarium,
1144 3909 1266 3961 inde
1292 3908 1608 3976 principimu
1640 3909 1760 3960 vita:
1785 3908 1882 3958 lto-

287 4009 515 4062 mitium.
545 4006 927 4076 Prtcsigniﬁcat
958 4005 1093 4060 Deus
1121 4002 1358 4057 futurum
1396 4020 1406 4055 :
1438 4002 1503 4054 ad
1536 4001 1797 4054 orientem
1831 4001 1884 4053 in

290 4099 542 4166 paradiso
591 4098 737 4165 ponit
785 4097 1082 4159 hominem,
1132 4104 1188 4148 ut
1228 4095 1506 4155 ostendat,
1537 4092 1883 4161 quemadmo—

289 4190 421 4244 dum
465 4188 745 4240 luminaria
792 4187 878 4239 illa
916 4186 1142 4239 orientia
1174 4195 1394 4238 currunt
1423 4182 1488 4234 ad
1519 4181 1883 4245 occidentem,

288 4291 346 4334 ct
374 4278 622 4332 occidunt
664 4294 677 4332 :
711 4277 781 4329 ita
828 4286 881 4329 et
921 4275 1061 4329 hunc
1100 4286 1351 4342 Oportere
1379 4289 1408 4326 a
1439 4274 1540 4325 vita
1576 4273 1627 4325 in
1661 4281 1885 4325 mortem

291 4385 516 4423 currere
541 4367 875 4432 etoccidcre,
903 4365 1345 4434 quemadmodum
1363 4363 1664 4421 luminaria,
1692 4361 1886 4413 alium-

288 4475 402 4530 que
470 4475 678 4513 rursum
747 4460 1007 4511 orientem
1077 4470 1290 4509 sumere
1367 4471 1429 4506 ex
1500 4452 1888 4506 resurrectione

291 4559 652 4604 mortuorum.
698 4547 943 4602 Cucurrit
979 4545 1146 4599 Adam
1195 4545 1258 4598 ad
1299 4542 1665 4605 occidentem,
1698 4539 1906 4594 occidit.

291 4644 351 4697 in
399 4643 695 4710 sepulcrum
744 4659 756 4693 :
804 4649 1043 4707 sequuta:
1091 4647 1212 4692 sunt
1255 4636 1398 4688 illum
1439 4651 1525 4688 res
1587 4643 1778 4696 tet-rte,
1835 4641 1889 4686 et

290 4749 422 4788 cum
470 4732 559 4785 illo
597 4730 874 4783 occidente
918 4729 1138 4796 sepulta}
1177 4736 1315 4780 sunt.
1355 4725 1506 4777 Venit
1532 4723 1806 4786 Christus,
1837 4731 1891 4775 et

293 4838 423 4880 eum
447 4821 534 4888 qui
556 4819 826 4873 occiderat
849 4820 976 4871 oriri
1007 4818 1228 4871 curavit.
1258 4815 1381 4868 Ideo
1404 4816 1530 4867 dicit
1560 4814 1625 4866 de
1653 4813 1742 4865 illo
1771 4827 1890 4879 pro-

296 4919 462 4987 pheta
493 4930 506 4967 :
541 4912 670 4966 Ecce
692 4915 764 4966 vir
786 4954 799 4977 ,
836 4912 1011 4963 Oriens
1040 4925 1219 4962 nomen
1247 4909 1376 4976 ejus,
1400 4917 1446 4959 et
1473 4907 1563 4959 sub
1585 4905 1673 4957 illo
1702 4904 1890 4956 orietur

299 5008 489 5080 (Zaclt.
533 5007 586 5061 6.
640 5006 727 5074 1'2)
755 5024 767 5066 ;
812 5019 1002 5072 nempe
1029 5019 1091 5057 ex
1122 4999 1397 5069 sepulcris.
1431 4997 1482 5050 In
1514 4998 1717 5050 Adamo
1745 4996 1884 5048 orci-

294 5103 381 5157 «ιιι
421 5098 615 5158 homo,
665 5097 714 5148 itt
761 5095 971 5148 Christo
1009 5104 1157 5146 ortus
1180 5101 1259 5144 est
1295 5109 1306 5142 :
1339 5090 1387 5142 id
1420 5089 1730 5141 testiﬁcatur
1757 5085 1885 5138 l'au-

299 5194 391 5246 lus
440 5208 452 5242 :
509 5208 525 5239 ε
560 5188 690 5241 Nam
733 5188 867 5240 sicut
897 5188 945 5239 iu
979 5186 1143 5238 Adam
1177 5196 1364 5237 omnes
1389 5179 1706 5242 moriuntur,
1741 5178 1808 5230 ita
1837 5187 1890 5230 et

300 5286 356 5338 in
388 5283 597 5337 Christo
621 5293 805 5332 omnes
827 5277 1226 5331 vivilicabuntur
1258 5294 1274 5325 ι
1311 5274 1384 5344 (1.
1406 5272 1521 5326 Cor.
1547 5270 1794 5338 15.22).‹
1825 5268 1891 5322 Et

299 5373 515 5442 accepit
547 5372 684 5423 Deus
712 5370 1004 5434 hominem,
1033 5383 1188 5435 quem
1219 5365 1434 5427 iecerat,
1459 5373 1513 5417 et
1546 5362 1713 5430 posuit
1745 5361 1889 5413 illum

302 5469 355 5520 itt
387 5464 630 5534 paradiso
655 5479 673 5512 δ
704 5459 852 5530 (Ceu.
879 5459 1058 5525 “2.15).
1090 5459 1266 5512 Intulit
1290 5456 1436 5508 illum
1468 5455 1518 5506 in
1548 5461 1782 5521 paratam
1806 5451 1891 5502 do—

304 5574 474 5613 mum.
508 5551 966 5622 Quemadmodum
999 5551 1041 5604 is
1061 5592 1073 5613 ,
1102 5551 1188 5617 qui
1216 5551 1442 5616 aliqui-ni
1467 5548 1650 5598 invitat
1678 5544 1739 5594 ad
1764 5559 1892 5596 eou-

309 5649 542 5714 vtiiutu,
590 5645 762 5714 primo
808 5649 1027 5709 apparat
1065 5641 1239 5705 cedes,
1280 5648 1333 5691 et
1372 5648 1493 5690 tunc
1538 5633 1737 5688 inducit
1769 5649 1889 5684 eum

372 5800 445 5858 (oi
477 5797 700 5852 Scilicet,
736 5794 803 5858 iit
826 5791 1148 5858 incarnatione
1180 5803 1283 5858 sua.
1313 5796 1406 5836 Mos
1425 5795 1520 5854 _est
1553 5783 1891 5858 Ecclesiasticis

308 5844 732 5923 safuvtut'ibusrpcr
752 5854 1169 5918 dispensationem,
1195 5849 1569 5902 ittt'at'tltt.lOllCttt
1591 5844 1885 5904 intelligere.

1373 423 1461 479 DE
1501 424 1715 481 MUNDI
1754 422 2144 480 CREATIONE
2183 423 2437 481 ORATIO
2473 427 2530 480 ν.

3453 441 3566 496 478

1977 550 2134 605 quem
2173 537 2416 592 invitavit
2448 558 2460 592 :
2493 539 2570 594 sic
2599 551 2655 594 et
2682 541 2768 596 hic
2796 558 3010 612 quoque
3037 563 3050 598 :
3078 547 3280 614 paravit
3308 548 3386 602 il'ii
3415 549 3560 604 mdes

1979 629 2324 696 magniﬁcas,
2383 629 2684 698 paradisum
2716 671 2730 693 ,
2777 641 2832 686 et
2881 635 2960 688 sic
3009 635 3285 691 invitatum
3331 639 3556 695 induxit.

1979 717 2202 772 Ubinam
2253 718 2507 776 formatus
2554 723 2684 776 est?
2726 722 2782 777 In
2826 735 2963 779 terra
2989 766 3004 792 ,
3043 736 3192 782 extra
3237 732 3556 798 paradisum.

1979 808 2443 874 Quemadmodum
2483 812 2626 865 enim
2660 814 2936 868 luminaria
2958 858 2972 881 ,
3007 817 3132 875 alibi
3162 819 3295 873 facta
3322 833 3445 876 sunt
3465 864 3480 888 ,
3509 833 3556 878 et

1982 900 2147 966 posita
2191 909 2314 953 sunt
2353 902 2405 954 in
2432 903 2565 957 caelo
2598 921 2611 956 :
2640 904 2715 957 sie
2746 914 2799 958 et
2827 906 2993 960 Adam
3020 919 3168 962 extra
3199 912 3453 965 formatos
3481 923 3561 967 est

1982 991 2030 1040 in
2075 990 2176 1042 alia
2228 1001 2380 1045 terra:
2429 1003 2610 1061 parte,
2651 1005 2706 1048 et
2745 1005 2868 1051 tunc
2898 997 3139 1052 inductus
3166 1011 3246 1053 est
3274 1003 3323 1054 in
3356 1004 3561 1071 paradi-

1979 1093 2117 1131 sum.
2162 1079 2437 1135 Undcnam
2487 1082 2629 1137 hoc?
2675 1086 2761 1138 Ait
2811 1087 3080 1155 Scriptura
3108 1089 3160 1142 in
3189 1092 3568 1160 ﬁne,quando

1980 1173 2182 1236 ejectus
2221 1182 2303 1227 est
2342 1173 2508 1227 Adam
2540 1193 2552 1227 :
2590 1195 2607 1227 ‹
2644 1176 2709 1229 Et
2738 1177 2914 1230 emisit
2947 1179 3082 1232 Deus
3111 1181 3276 1234 Adam
3311 1184 3377 1237 de
3408 1200 3565 1253 para-

1980 1262 2098 1316 diso
2129 1264 2435 1331 voluptatis,
2463 1277 2518 1319 ut
2538 1279 2850 1336 Oper-aretur
2869 1281 3084 1336 terrain,
3104 1272 3288 1343 dequa
3315 1290 3562 1346 sumptus

1981 1364 2082 1409 cst.
2129 1355 2313 1409 Posuit
2344 1357 2487 1410 illum
2528 1359 2576 1411 in
2609 1361 2855 1428 paradiso
2885 1363 3198 1430 voluplatis,
3231 1375 3284 1419 ttt
3314 1382 3568 1436 operare-

1985 1453 2068 1496 tur
2097 1454 2150 1499 et
2179 1448 2471 1501 custodiret
2504 1449 2680 1502 illum»
2714 1450 2865 1520 (Gen.
2899 1452 2952 1505 ‘2.
2986 1454 3098 1522 9.5).
3133 1454 3202 1510 Ut
3232 1470 3565 1525 operaretur.

1982 1533 2116 1597 Quid
2161 1535 2210 1587 in
2256 1537 2500 1604 paradiso
2544 1540 2982 1596 desiderabatur?
3020 1546 3099 1598 sin
3142 1549 3387 1614 operario
3432 1566 3569 1619 opus

1983 1635 2136 1691 erat,
2189 1627 2451 1680 undcnam
2497 1633 2772 1683 aratrum?
2822 1634 2959 1687 unde
2984 1637 3081 1686 alia
3115 1639 3453 1704 agricultura:
3483 1642 3568 1695 in-

1983 1718 2313 1769 strumenta?
2339 1719 2556 1785 Upcrari
2587 1731 2634 1773 et
2663 1723 2930 1778 custodire
2960 1737 3277 1795 pra‘ceptum
3304 1729 3393 1782 Dei
3419 1773 3431 1794 ,
3462 1731 3568 1784 illi-

1984 1822 2085 1872 quc
2126 1807 2386 1870 credere,
2435 1810 2526 1863 Dei
2564 1826 2697 1879 opus
2743 1822 2875 1866 erat.
2918 1815 3004 1867 Ait
3030 1816 3280 1870 Servator
3313 1837 3324 1870 :
3361 1819 3472 1872 lloc
3497 1833 3569 1875 est

1984 1911 2111 1961 opus
2135 1895 2260 1958 Dei,
2296 1907 2348 1948 ut
2378 1901 2592 1951 credatis
2619 1902 2668 1952 in
2701 1919 2840 1967 cum,
2871 1921 3012 1970 quem
3036 1907 3167 1959 misit
3191 1908 3278 1960 ille
3308 1909 3484 1978 (loan.
3513 1913 3566 1966 6.

1984 1986 2095 2056 ‘29).
2138 1986 2592 2052 Quemadmodum
2629 1990 2785 2058 igitur
2811 1994 3021 2048 Christo
3049 1998 3268 2052 credere
3297 2015 3430 2068 opus
3454 2012 3568 2070 est,

1984 2079 2060 2129 sic
2088 2079 2245 2131 etiam
2279 2080 2498 2134 credere
2524 2095 2786 2152 pra:cepto
2806 2126 2819 2147 ,
2858 2087 3171 2140 moriturum
3199 2105 3316 2142 esse
3337 2131 3353 2156 ,
3379 2093 3420 2143 si
3447 2094 3569 2146 leti-

1984 2170 2153 2236 gerit;
2185 2173 2444 2224 victurum
2467 2213 2481 2235 ,
2515 2175 2557 2225 si
2591 2190 2693 2226 non
2727 2176 2972 2242 tetigerit.
3013 2182 3158 2246 Opus
3184 2189 3298 2232 erat
3323 2181 3572 2247 Spiritua-

1987 2261 2110 2313 lium
2137 2263 2417 2315 verberum
2446 2267 2764 2319 observatio.
2796 2267 2938 2320 Pauli
2961 2285 3093 2336 Opus
3116 2271 3420 2337 quodnam?
3444 2290 3571 2329 num

1984 2353 2212 2420 agricola
2242 2353 2435 2408 Paulus
2467 2357 2626 2409 erat?
2657 2374 2784 2410 num
2811 2359 2965 2411 aliam
2992 2360 3172 2413 habuit
3198 2365 3574 2418 vocationem?

1987 2461 2163 2499 nonne
2209 2456 2372 2500 totunt
2415 2449 2530 2515 ejus
2558 2465 2689 2517 opus
2718 2462 2827 2502 erat
2849 2490 2862 2513 ,
2892 2453 3111 2504 verbum
3136 2451 3158 2504 ?
3187 2470 3357 2507 nonne
3387 2457 3576 2523 pra-di-

1987 2541 2123 2590 calio
2149 2539 2170 2588 ?
2204 2539 2338 2591 Dicit
2369 2549 2540 2593 tamen
2572 2541 2846 2610 discipulis
2870 2584 2882 2605 ,
2915 2541 3058 2611 Opus
3083 2561 3240 2594 meum
3261 2561 3344 2597 vos
3375 2548 3492 2597 estis
3519 2549 3568 2598 in

1987 2626 2203 2681 Domino
2226 2629 2432 2697 (LCor.
2463 2631 2518 2685 9.
2549 2633 2622 2694 1).
2657 2631 2722 2685 Ut
2753 2643 3067 2698 operaretur,
3101 2634 3298 2703 inquit,
3332 2646 3379 2689 et
3409 2647 3571 2690 custo-

1987 2720 2114 2772 diret
2140 2721 2306 2773 illum.
2342 2723 2384 2773 A
2419 2722 2688 2790 qttonatu?
2715 2723 2820 2776 Fur
2849 2740 2952 2776 non
2983 2733 3127 2788 erat,
3160 2728 3331 2778 viator
3362 2728 3535 2780 ludius
3558 2770 3572 2794 ,

1988 2811 2262 2865 insidiator
2291 2813 2464 2865 nullus
2493 2832 2504 2866 :
2534 2829 2561 2864 a
2593 2830 2698 2883 quo
2728 2814 3062 2868 custodiret?
3092 2813 3158 2869 Ut
3187 2815 3480 2870 custodiret
3508 2819 3570 2870 il-

1989 2904 2092 2956 lum
2136 2904 2274 2969 sibi;
2317 2921 2384 2957 ne
2415 2906 2791 2973 pnevaricatus
2813 2905 3108 2965 :uuitteret;
3140 2907 3232 2959 sed
3263 2917 3316 2958 ut
3345 2907 3570 2961 inauda-

1989 3009 2096 3048 tum
2141 2997 2446 3049 custodiens
2493 3006 2731 3049 servaret
2772 2996 2872 3048 sibi
2921 2997 3241 3064 paradisum.
3297 2997 3408 3051 Una
3455 3014 3573 3052 cum

1989 3104 2117 3143 voce
2146 3103 2295 3141 mens
2322 3089 2537 3142 deﬁcit:
2572 3104 2752 3141 verum
2783 3089 3060 3141 Sententiis
3093 3089 3420 3143 insistamus.
3454 3090 3576 3144 Ρο-

1985 3182 2084 3233 suit
2124 3181 2265 3232 illum
2305 3181 2356 3232 in
2390 3180 2646 3250 paradiso.
2686 3179 2945 3247 Deinceps
2971 3179 3244 3248 Scriptura
3275 3195 3338 3233 ex
3368 3181 3431 3233 iis
3456 3197 3575 3250 qua:

1988 3281 2377 3339 praecesserunt
2418 3270 2718 3324 subindicat
2757 3269 2953 3323 futura.
2989 3269 3200 3323 Flavius
3231 3283 3397 3324 autem
3420 3289 3577 3342 egre-

1987 3362 2218 3414 diebutur
2260 3379 2324 3414 ea:
2365 3362 2552 3425 Edent,
2602 3363 2822 3430 irrigans
2869 3362 3158 3429 paradisum
3183 3361 3338 3430 (Gen.
3370 3363 3424 3415 ‘2.
3461 3364 3574 3430 10).

1988 3453 2030 3506 1-1
2057 3469 2121 3506 nc
2161 3452 2307 3506 disce
2338 3469 2440 3504 non
2471 3452 2740 3503 hortulutn
2774 3451 2938 3504 fuisse
2969 3452 3273 3520 paradisum
3296 3493 3308 3515 ,
3339 3455 3578 3521 angustis

1988 3544 2230 3596 terminis
2256 3544 2737 3610 circumscriptum.
2770 3542 2984 3595 Fluvios
3014 3553 3190 3595 tantus
3213 3543 3462 3612 irrigabat
3481 3585 3497 3612 ,
3524 3555 3578 3596 ut

1988 3651 2052 3690 ex
2090 3637 2205 3704 ejus
2245 3636 2592 3689 redundantia
2618 3644 2844 3704 quatuor
2871 3635 3011 3687 ﬁuvii
3040 3636 3327 3688 orirentur.
3358 3634 3577 3688 Flavius

1991 3740 2159 3782 autem
2202 3730 2547 3798 egrediebatur
2585 3744 2648 3780 ea:
2699 3727 2857 3779 Iidem
2879 3768 2893 3792 ,
2924 3738 2974 3778 ut
3001 3727 3233 3795 irrigaret
3260 3729 3577 3795 paradisum.

1992 3822 2191 3876 Deinde
2221 3832 2494 3890 postquam
2537 3821 2842 3886 irrigavvrat
2863 3859 2874 3879 ,
2909 3817 3244 3869 dividebatur
3273 3819 3321 3869 in
3351 3827 3578 3886 quatuor

1989 3912 2156 3981 capita
2187 3928 2200 3975 ;
2249 3913 2296 3963 in
2347 3910 2577 3978 'I'igritu,
2627 3910 2676 3961 in
2724 3909 2896 3960 Nilum
2920 3947 2934 3970 ,
2970 3908 3018 3960 iu
3054 3907 3409 3975 Euphratem,
3442 3918 3495 3961 ct
3529 3912 3578 3960 itt

1991 4005 2274 4058 l’hisouctu
2299 4045 2314 4067 ,
2355 4003 2432 4054 sic
2469 4004 2517 4054 in
2559 4001 2831 4069 Scriptura
2873 4000 3106 4065 dictum,
3137 4014 3292 4068 quem
3321 4015 3459 4051 nunc
3491 4016 3578 4052 vo-

1990 4106 2111 4149 cant
2138 4093 2451 4146 Danubium.

2063 4188 2114 4239 6.
2164 4183 2267 4238 Cur
2301 4195 2400 4234 tant
2437 4184 2535 4234 late
2572 4192 2761 4248 pateret
2787 4181 3084 4248 paradisus,
3115 4195 3228 4230 eum
3253 4181 3412 4230 Adam
3442 4181 3584 4233 solus

1991 4278 2311 4330 inltubitaret.
2365 4276 2658 4326 Muciorum
2681 4289 2742 4325 cx
2764 4272 3002 4339 paradiso
3024 4272 3334 4322 manantium
3357 4269 3588 4339 explica-

1994 4371 2062 4422 tio
2099 4368 2393 4438 singularis.
2426 4396 2496 4404 -—
2525 4366 2653 4418 Vide
2701 4363 3121 4432 magnitudinem
3166 4363 3307 4415 ﬁuvii
3341 4362 3492 4415 divisi
3530 4361 3584 4414 in

1994 4473 2219 4531 quatuor
2263 4460 2479 4513 ﬁumina
2530 4476 2542 4510 :
2597 4459 2786 4525 hicque
2831 4457 2976 4508 solus
3024 4457 3206 4523 irrigat
3254 4453 3576 4522 paradisum.

1995 4562 2257 4620 Quorsum
2314 4551 2476 4604 talis?
2526 4551 2668 4603 solus
2720 4557 2838 4601 erat
2884 4549 3087 4609 Adam;
3132 4561 3248 4613 qua:
3293 4543 3583 4596 necessitas

1999 4647 2128 4700 tanti
2168 4645 2352 4698 ﬂuvii?
2388 4643 2490 4697 Sed
2539 4657 2640 4694 non
2685 4641 2770 4692 uni
2818 4649 3017 4690 tanttnn
3067 4636 3340 4705 paradisus
3370 4643 3583 4699 paratus

1995 4749 2140 4804 erat,
2180 4752 2364 4792 verum
2416 4735 2605 4788 ﬁnibus
2648 4744 2821 4786 terrm.
2853 4732 3184 4800 Pra‘paratus
3212 4735 3326 4779 crat
3355 4724 3581 4792 patriar-

1996 4833 2109 4885 t-his
2130 4873 2146 4898 ,
2177 4829 2449 4900 prophetis
2469 4867 2485 4892 ,
2508 4825 2794 4895 apostolis,
2820 4819 3164 4889 evangelistis
3187 4857 3200 4880 ,
3235 4815 3578 4885 martyribus,

1996 4922 2391 4980 confessoribus
2413 4920 2630 4980 sanctis,
2665 4917 2927 4979 ﬁdelibus,
2957 4913 3039 4980 pie
3063 4909 3380 4973 viventibus,
3406 4909 3583 4961 omni-

1999 5019 2097 5070 bus
2117 5017 2297 5086 justis.
2325 5013 2380 5068 Si
2402 5012 2542 5065 enitn
2573 5009 2761 5062 latroni
2790 5023 2887 5059 una
2920 5004 3047 5057 hora
3079 5000 3352 5055 conﬁtenti
3378 5000 3584 5069 paradi-

1996 5123 2114 5162 suut
2151 5106 2402 5160 Servator
2431 5100 2672 5171 promisit
2713 5099 2895 5151 dicens
2939 5111 2951 5146 :
3000 5093 3165 5146 Hodie
3191 5107 3383 5145 meeum
3409 5090 3505 5142 eris
3534 5091 3585 5141 iu

1999 5199 2235 5271 paradiso
2282 5195 2429 5267 (Luc.
2471 5193 2563 5247 25.
2608 5192 2733 5261 45);
2763 5190 2850 5259 qui
2879 5204 2906 5240 a
2937 5187 3213 5256 juventute
3241 5185 3580 5242 laborarunt,

2001 5294 2262 5347 Abraham
2287 5332 2299 5352 ,
2349 5288 2525 5348 Isaac,
2567 5284 2760 5347 Jacob,
2816 5281 2970 5348 hujus
3006 5278 3095 5331 ﬁlii
3130 5273 3438 5344 patriarcha:
3461 5313 3474 5333 ,
3508 5273 3582 5336 (ιι)

2001 5385 2168 5455 [.‘ilutu
2203 5381 2381 5449 utique
2402 5387 2524 5431 sunt
2550 5371 2908 5442 consequuti.)
2940 5374 3000 5422 .-\t
3033 5379 3155 5421 ante
3181 5368 3277 5419 bos
3298 5378 3484 5417 omnes
3511 5366 3583 5412 la-

2002 5451 2083 5527 iro
2109 5472 2407 5540 paradisum
2430 5465 2787 5533 consequitur.
2815 5463 2984 5528 Οιμϊςι
3016 5475 3140 5524 ergo
3167 5458 3301 5509 Deus
3327 5451 3454 5510 edit,
3479 5467 3582 5503 non

2001 5568 2115 5634 ejus
2149 5580 2305 5616 causa
2334 5561 2471 5630 quod
2506 5567 2751 5626 apparet,
2789 5556 2877 5607 sed
2907 5554 3021 5619 ejus
3053 5549 3188 5617 quod
3220 5552 3578 5610 exspectatur.

2001 5633 2105 5710 Cur
2146 5665 2340 5706 tantam
2385 5660 2542 5704 terra:
2572 5645 2900 5700 latitudini-nt
2930 5643 3080 5695 fecit?
3109 5655 3173 5689 an
3207 5642 3420 5703 propter
3442 5633 3583 5685 Ada-

2005 5765 2144 5801 mqu
2169 5788 2181 5808 ,
2229 5760 2295 5797 an
2335 5753 2547 5811 preptcr
2587 5754 2679 5791 eos
2720 5736 2807 5804 qui
2843 5736 2983 5788 illaut
3013 5746 3149 5782 nunc
3181 5724 3574 5779 inhabitabant?

2072 5841 2142 5899 (ii)
2178 5846 2287 5894 igua.-
2315 5834 2497 5882 ttacinis
2519 5830 2821 5888 clauduntur,
2848 5827 3024 5875 desunt.
3050 5825 3094 5868 iu
3119 5827 3296 5866 Gt'tlJL'U.
