4102 6464
542 381 659 437 479

546 498 677 555 Inde
700 492 942 549 dividitur
967 490 1019 544 in
1049 496 1261 558 thtuor
1290 481 1566 553 principia.
1598 476 1710 532 Non
1733 474 1866 530 dixit
1885 513 1900 532 .
1931 472 1982 525 In
2013 483 2145 541 qua-

547 602 670 646 tuor
713 599 945 657 expansa
984 581 1237 644 ﬂumina,
1285 575 1379 631 sed
1427 576 1480 627 in
1511 581 1740 642 quatuor
1766 565 2024 657 principia
2050 603 2066 657 ,
2091 560 2145 616 id

553 689 676 747 est,
716 653 912 735 fontes.
943 673 1146 727 Nomen
1177 667 1265 723 uni
1290 666 1524 728 Phison,
1554 676 1712 733 quem
1744 657 1903 713 modo
1933 653 2147 710 diceba-

549 789 669 830 nms
698 789 714 840 ;
750 768 945 827 deinde
972 765 1158 823 Gehon
1185 806 1199 828 ,
1240 761 1326 816 hic
1356 769 1433 816 est
1463 758 1633 814 Nilus.
1662 754 1851 814 Gebon
1875 761 2026 807 vetus
2053 765 2150 804 no-

548 883 670 924 men
708 864 826 935 ejus
867 870 949 916 est
985 877 1000 915 :
1041 858 1094 913 id
1130 854 1441 911 testiﬁcatur
1481 847 1738 906 leretnias
1759 846 1944 901 dicens
1970 863 1982 900 :
2013 844 2148 908 Quid

547 967 638 1020 tibi
668 973 714 1017 et
744 965 836 1016 vita
860 956 1099 1029 .Egypti,
1125 964 1178 1008 ut
1203 953 1342 1006 bibas
1368 964 1551 1015 aquam
1575 945 1750 1000 Gelton
1773 942 1906 1017 μετ’.
1934 940 1988 995 2.
2021 938 2148 1009 i8)?

549 1056 646 1111 llic
692 1053 928 1107 animum
975 1046 1188 1102 adhibe.
1236 1042 1420 1109 Cogita
1467 1038 1609 1092 hunc
1651 1049 1772 1090 esse
1816 1031 2142 1103 paradisum.

551 1148 676 1200 llzcc
703 1145 847 1200 enim
873 1139 1060 1195 melius
1080 1145 1298 1206 aSpectn
1320 1147 1477 1204 quam
1501 1128 1668 1185 verbo
1693 1132 1993 1181 traduntur.
2020 1123 2149 1178 Pro-

547 1238 628 1292 dit
669 1237 856 1306 ingens
897 1231 1124 1294 ﬂuvius,
1168 1227 1390 1297 cepioso
1435 1221 1685 1294 pneditus
1725 1221 1991 1281 alveo,et
2016 1223 2150 1285 rigat

554 1327 878 1398 paradisum.
929 1321 1056 1377 Inde
1104 1322 1155 1375 in
1202 1319 1609 1373 subterraneum
1634 1311 1916 1383 quemdam
1946 1310 2148 1362 hiatum

551 1418 745 1484 fertur,
775 1417 1198 1483 immensamque
1220 1412 1321 1466 sub
1349 1419 1486 1464 terra
1513 1415 1754 1478 penetrat
1775 1403 1943 1466 viam,
1969 1411 2024 1456 ut
2050 1415 2149 1456 no-

553 1517 632 1568 vit
660 1519 703 1567 is
732 1510 818 1582 qni
852 1509 989 1562 viam
1017 1507 1203 1561 stravit
1230 1504 1486 1560 Dominus
1516 1519 1529 1555 ς
1562 1500 1842 1570 ﬂuxusque
1867 1498 1960 1554 diu
1987 1499 2147 1563 latet,

549 1617 713 1677 atque
745 1607 795 1659 in
824 1603 1034 1658 diversa
1066 1601 1177 1654 loca
1206 1599 1494 1662 dividitur,
1527 1597 1896 1663 invenitnrque
1926 1592 2065 1645 alius
2098 1593 2149 1643 in

552 1699 859 1767 EthiOpia,
903 1696 1038 1751 alius
1075 1695 1126 1749 in
1167 1692 1444 1748 occidente
1467 1731 1483 1756 ,
1514 1689 1650 1744 alius
1679 1690 1730 1742 in
1761 1686 1967 1741 oriente
1992 1727 2006 1752 ,
2041 1684 2151 1738 Deo

550 1792 630 1848 sic
661 1807 748 1861 per
780 1792 1188 1844 subterraneum
1218 1785 1430 1840 alveum
1459 1783 1722 1846 trahente,
1753 1778 2033 1851 primoque
2055 1776 2152 1830 ﬂu-

551 1899 640 1938 vio
676 1891 959 1938 extraneos
1002 1878 1176 1933 fontes
1221 1885 1466 1932 curante.
1502 1874 1607 1930 Cur
1634 1873 1747 1927 ita?
1771 1871 1847 1926 Ne
1869 1869 2150 1925 ﬂuviorum

553 1976 779 2040 vestigia
821 1981 1140 2043 sequentes,
1187 1968 1490 2041 paradisum
1522 1965 1845 2026 invenirent.
1882 1977 1948 2017 ne
1975 1969 2152 2031 posset

555 2066 863 2122 hominibus
907 2065 1121 2134 pervius
1167 2077 1307 2118 esse.
1338 2061 1472 2117 Nam
1499 2059 1544 2114 si
1574 2073 1640 2113 eo
1671 2058 1774 2112 iter
1798 2071 1916 2112 esse
1949 2064 2149 2126 posset,

553 2174 716 2218 nemo
741 2173 864 2215 ante
890 2159 1084 2213 divites
1116 2156 1417 2228 paradisum
1452 2153 1712 2209 inveniret
1747 2168 1761 2205 :
1796 2165 1979 2206 verum
2012 2149 2152 2203 Deus

554 2255 784 2312 occlusit
805 2267 910 2308 tam
937 2252 1259 2323 pauperibus
1284 2289 1299 2311 ,
1326 2263 1484 2319 quam
1512 2245 1784 2307 divitibus,
1814 2253 1872 2297 ut
1899 2242 2011 2296 sola
2043 2244 2153 2294 vir-

556 2358 670 2404 tute
696 2349 834 2402 viam
880 2347 1196 2401 invenirent.
1229 2345 1495 2410 Quantum
1525 2339 1722 2394 laboris
1749 2350 2034 2406 suscepere
2065 2350 2155 2403 pa-

558 2438 840 2504 triarchae,
881 2437 1186 2506 prophetae,
1235 2431 1437 2499 sancti,
1471 2440 1772 2501 quaerentes
1807 2426 2152 2498 paradisum,

559 2546 660 2586 nec
679 2530 1021 2585 invenerunt.
1045 2528 1208 2582 Latro
1231 2567 1244 2589 ,
1278 2525 1367 2596 qui
1392 2525 1444 2578 itt
1471 2524 1559 2578 illa
1591 2527 1670 2577 via
1704 2537 1809 2576 non
1839 2521 2152 2585 incesserat,

558 2623 652 2679 sed
699 2621 955 2686 credidit,
995 2635 1122 2675 vere
1153 2623 1290 2672 viam
1318 2617 1555 2682 invenit,
1587 2631 1708 2670 eum
1738 2627 1930 2683 nempe
1958 2611 2044 2682 qui
2076 2609 2156 2665 di-

559 2717 667 2781 xit,
718 2713 831 2784 Ego
874 2729 985 2766 sunt
1015 2712 1114 2766 ria.
1144 2711 1350 2767 invenit
1380 2708 1682 2778 paradisum
1704 2749 1719 2770 ,
1749 2722 1906 2775 quem
1937 2705 2154 2759 inobse-

560 2808 776 2879 quentia
810 2808 982 2876 primo
1012 2803 1214 2859 homini
1242 2801 1467 2856 occlusit
1494 2798 1672 2871 (Joan.
1705 2799 1789 2852 14.
1820 2798 1898 2866 ti).
1929 2796 2155 2850 Causam

560 2910 739 2957 autem
795 2913 979 2969 quer
1033 2912 1132 2950 cur
1180 2893 1683 2963 bistoriographus,
1737 2894 2158 2943 commemorato

563 2993 736 3064 primo
780 2990 940 3045 ﬂuvio
960 3030 975 3056 ,
1000 2987 1197 3043 dixerit
1226 3005 1238 3040 :
1269 2984 1350 3038 Ibi
1376 2995 1448 3039 est
1479 2999 1662 3036 aurum
1689 2982 1902 3044 bonum,
1935 2979 2156 3032 carbun-

560 3087 704 3141 culus
742 3094 790 3139 et
828 3083 959 3153 lapis
984 3080 1220 3153 prasinus
1247 3077 1397 3148 (Gen.
1428 3078 1484 3130 9..
1513 3077 1625 3146 12).
1657 3076 1710 3130 Si
1744 3088 1961 3143 prorsus
1991 3081 2158 3126 terra-

564 3193 682 3234 rum
730 3175 916 3231 orbem
959 3171 1318 3237 describeret,
1350 3174 1622 3238 Oporteret
1659 3182 1786 3221 sane
1828 3167 1878 3220 in
1921 3164 2158 3235 qualibet

564 3269 784 3339 regione
820 3265 1001 3319 dicere
1027 3278 1146 3333 qua:
1175 3261 1280 3316 illic
1313 3261 1450 3314 bona
1481 3259 1784 3322 orirentur,
1815 3254 2154 3323 smaragdos,

564 3362 910 3435 hyacinthos,
945 3357 1032 3412 ubi
1065 3356 1356 3427 topazinm,
1390 3355 1477 3409 ubi
1501 3354 1726 3409 diversa:
1749 3351 1852 3406 illae
1879 3352 2153 3414 materia);

564 3455 660 3510 sed
689 3468 876 3508 aurum
905 3459 1108 3505 tantum
1134 3463 1196 3504 ac
1223 3449 1359 3502 duos
1389 3447 1593 3516 lapides
1618 3446 1874 3511 assumit,
1908 3442 2156 3498 saccrdo~

563 3546 621 3601 tii
651 3545 929 3614 primitias,
954 3545 1073 3613 quia
1103 3541 1355 3597 sacerdos
1380 3555 1594 3594 auream
1625 3540 1871 3593 laminam
1892 3536 2154 3608 gestabat,

563 3643 616 3695 in
662 3653 764 3708 qua
815 3636 910 3691 Dei
951 3650 1145 3690 nomen
1174 3643 1288 3689 erat
1325 3633 1657 3702 inscriptum.
1685 3632 1849 3685 Erant
1876 3628 2154 3683 duodecim

564 3731 765 3802 lapides
812 3743 972 3800 supra
1017 3727 1311 3784 sacerdotis
1353 3733 1569 3795 pectus,
1611 3723 1853 3790 sardius,
1884 3721 2156 3790 topazius,

563 3821 874 3893 smaragdus
895 3863 910 3889 ,
942 3819 1328 3881 carbunculus,
1357 3816 1669 3887 sapphirns,
1689 3816 1890 3885 jaspis,
1916 3813 2154 3884 ligni-ius,

562 3914 812 3978 achates,
857 3912 1190 3983 amethystus
1215 3953 1229 3974 .
1277 3909 1675 3980 chrysolithus.
1712 3907 1980 3978 betyllus,
2015 3920 2156 3975 onyx

568 4003 762 4077 (Exod.
804 4002 894 4058 28.
928 4003 1136 4072 l7-20).
1171 4001 1249 4055 Ex
1277 3999 1360 4054 his
1386 3998 1665 4053 duodecim
1700 3998 1960 4066 lapidibus
1991 3995 2156 4065 prasi-

565 4110 666 4152 nus
703 4105 1011 4165 segregatus
1051 4102 1131 4148 est
1163 4091 1322 4147 tribui
1346 4091 1696 4156 sacerdotali,
1727 4099 1780 4144 et
1804 4090 2158 4143 carbunculus

564 4190 744 4260 regite.
786 4186 923 4255 Quid
963 4187 1033 4241 ita
1058 4186 1080 4239 ?
1106 4186 1234 4252 Quia
1264 4185 1399 4255 ignis
1427 4187 1697 4254 proprium
1726 4192 1807 4238 est
1834 4198 1989 4238 urere
2014 4191 2068 4236 et
2098 4182 2160 4236 il-

565 4285 824 4338 luminare
872 4300 887 4335 :
934 4280 1177 4350 regisque
1222 4279 1494 4348 proprium
1526 4276 1838 4332 benefacere
1865 4284 1919 4332 et
1946 4277 2153 4347 punire.

565 4375 722 4430 Ponit
745 4373 936 4427 Ruben
965 4374 1186 4442 primam
1219 4371 1412 4424 tribum
1443 4370 1494 4421 in
1524 4369 1718 4431 sardio,
1752 4368 2073 4439 Symeonent
2103 4368 2154 4421 in

565 4465 802 4537 topazio,
836 4463 962 4518 Levi
993 4463 1044 4517 in
1067 4460 1239 4531 lapide
1262 4460 1478 4531 prasino
1498 4501 1513 4525 ,
1542 4458 1734 4513 ludam
1751 4501 1765 4522 .
1790 4475 1856 4512 ex
1880 4474 1985 4528 quo
2005 4458 2159 4513 Chri-

565 4568 700 4621 stus,
733 4557 782 4609 in
811 4551 1133 4609 carbunculo
1158 4549 1470 4606 rubicundo.
1503 4549 1658 4605 Certe
1686 4548 1845 4604 lsaias
1875 4555 1993 4615 post
2018 4548 2156 4601 inul-

566 4660 616 4701 ta
665 4646 844 4713 elapsa
869 4653 1106 4714 tempora
1133 4642 1261 4697 dicit
1279 4640 1628 4711 lerosolymze
1657 4659 1668 4695 :
1695 4635 1760 4692 In
1783 4639 2014 4692 ntanibus
2038 4639 2160 4692 meis

566 4737 773 4806 depinaii
795 4750 963 4787 muros
987 4744 1118 4799 tuos,
1145 4742 1191 4786 et
1215 4735 1267 4785 in
1292 4740 1557 4800 conspectu
1586 4748 1694 4784 meo
1711 4747 1761 4784 es
1789 4747 2004 4800 semper.
2029 4728 2159 4783 Ecce

567 4841 800 4898 prepare
829 4824 1188 4877 carbunculum
1215 4823 1436 4891 lapidem
1459 4833 1597 4874 tuum
1615 4821 1767 4893 (Isui.
1793 4822 1880 4876 40.
1904 4822 2153 4876 l6.et54.

568 4921 658 4993 ll)
678 4961 692 4984 ,
723 4919 1061 4974 Set-valorem
1091 4915 1415 4984 signiﬁcans.
1451 4912 1583 4966 Ecce
1609 4914 1741 4966 enim
1766 4953 1780 4976 ,
1829 4912 2030 4982 inquit,
2062 4929 2158 4980 po-

567 5026 684 5064 nam
712 5011 765 5062 in
795 5008 923 5063 Sion
947 5007 1169 5077 lapidem
1203 5007 1531 5077 angularem,
1565 5007 1806 5069 electum,
1837 5004 2106 5073 pretiosum
2138 5021 2158 5057 :

565 5111 613 5156 et
659 5102 747 5172 qui
789 5101 957 5154 credet
984 5099 1036 5152 in
1066 5114 1178 5152 eum
1197 5138 1212 5163 ,
1246 5113 1347 5150 non
1374 5095 1712 5166 confundetur
1739 5093 1888 5167 (Isai.
1922 5094 2014 5150 28.
2049 5096 2156 5162 16).

567 5192 933 5252 Carbunculus
972 5205 1102 5260 ergo
1129 5198 1434 5259 segregatus
1461 5197 1542 5242 est
1569 5189 1727 5258 regiae
1756 5187 1914 5243 tribui
1944 5203 1958 5252 ;
1985 5185 2159 5258 prasi-

568 5301 671 5343 nus
718 5281 1032 5341 sacerdotali
1081 5297 1094 5334 :
1135 5295 1256 5335 nam
1303 5279 1581 5334 sacerdotii
1624 5288 1706 5333 est
1729 5287 1876 5335 recte
1911 5285 2154 5351 πράττειν,

567 5395 747 5452 agere.
789 5379 829 5431 A
861 5374 1020 5431 ﬂuvio
1048 5373 1140 5429 illo
1166 5371 1489 5427 dirimuntur
1511 5380 1737 5440 quatuor
1759 5370 1930 5426 fontes
1955 5370 2160 5424 ﬂuvio—

570 5485 708 5525 rum.
738 5469 846 5524 Cur
875 5479 1002 5536 ergo
1022 5478 1158 5532 aqua
1179 5477 1363 5518 eorum
1393 5476 1498 5514 non
1519 5461 1738 5529 :equalis
1758 5459 1876 5514 est?
1901 5461 2159 5527 Quiut-unt

570 5561 711 5617 enim
741 5559 999 5622 studiosi,
1030 5556 1077 5611 si
1099 5554 1169 5610 ab
1192 5569 1298 5610 uno
1325 5553 1484 5606 ﬂuvio
1505 5594 1518 5618 ,
1548 5565 1633 5604 aut
1657 5552 1724 5605 ab
1747 5567 1851 5605 uno
1872 5551 2037 5616 fonte,
2062 5567 2158 5606 cur

574 5668 680 5709 non
728 5666 834 5706 una
879 5653 1115 5706 omnium
1154 5645 1426 5718 qualitas?
1456 5644 1592 5710 Quid
1622 5660 1748 5715 ergo
1775 5644 1849 5698 rei
1878 5648 1999 5698 est?
2030 5645 2162 5698 Afﬁ-

571 5745 787 5801 cluntur
813 5741 1106 5796 secundum
1139 5751 1356 5803 terram,
1385 5749 1440 5793 et
1464 5736 1747 5808 qualitates
1776 5737 2032 5802 locorum,
2066 5752 2159 5804 per

569 5851 690 5909 quae
715 5840 1009 5890 transeunt.
1033 5829 1491 5901 Quemadmodum
1519 5829 1630 5900 ipsa
1661 5843 1793 5900 aqua
1817 5845 1974 5885 unum
2003 5829 2157 5887 habet

1993 347 2360 407 SEVERIANI

3758 376 3869 432 480

2255 477 2503 526 naturam
2550 477 2604 526 et
2647 474 2997 544 qualitatem,
3050 475 3146 532 sed
3189 478 3235 532 si
3261 478 3624 542 absinthium.
3651 481 3698 537 si
3729 499 3860 540 ane-

2258 560 2439 627 thum,
2467 563 2517 618 si
2540 573 2657 618 ruta
2688 564 2996 620 infundatur
3015 608 3031 631 ,
3060 567 3219 621 aliam
3251 569 3481 640 acquirit
3502 571 3861 642 qualitatem;

2255 667 2320 708 ac
2345 662 2535 709 natura
2567 655 2779 725 quidem
2810 671 2914 712 una
2935 696 2950 723 ,
2980 657 3074 713 sed
3101 660 3338 715 materia:
3369 669 3746 719 transmutant.
3771 665 3863 722 Sic

2255 749 2416 801 etiam
2443 745 2499 802 in
2529 747 2734 814 ﬂuviis,
2759 749 2880 820 quia
2911 765 3007 821 per
3025 760 3277 807 extranea
3303 753 3415 808 loca
3443 766 3698 823 manant;
3727 757 3865 813 alius

2258 853 2353 906 per
2393 847 2619 906 terram,
2670 855 2789 912 qnze
2830 841 3096 896 diversam
3138 841 3299 898 habet
3339 845 3686 915 qualitatem,
3729 849 3867 904 alius

2256 944 2354 999 per
2377 931 2534 986 aliam
2555 971 2570 997 ,
2603 947 2634 986 a
2663 933 2793 989 locis
2819 932 3143 988 inﬁciuntur.

2329 1023 2382 1077 7.
2413 1021 2511 1078 Ubi
2541 1039 2570 1076 a
2599 1023 2863 1094 positione
2895 1024 3135 1080 locorum
3167 1025 3384 1082 ﬂumina
3414 1028 3759 1098 qualitatibus
3782 1031 3862 1085 af-

2256 1117 2476 1182 fecerat,
2503 1117 2718 1174 demum
2766 1118 2822 1173 in
2865 1121 3111 1188 paradiso
3139 1122 3264 1174 facit
3297 1120 3461 1176 Omne
3505 1123 3698 1193 lignum
3741 1123 3864 1194 pul-

2258 1211 2435 1264 chrum
2458 1211 2588 1278 visu,
2618 1221 2664 1265 et
2690 1211 2760 1264 ad
2788 1228 2952 1266 escam
2971 1228 3123 1266 suave
3149 1210 3300 1280 (Gen.
3331 1213 3385 1267 2.
3413 1210 3489 1283 9).
3520 1213 3675 1270 Prius
3694 1224 3866 1270 trans-

2255 1303 2520 1373 gressoris
2564 1304 2967 1358 excusationem
3022 1305 3258 1361 abstulit.
3302 1306 3436 1372 Quia
3467 1307 3610 1361 enim
3651 1309 3720 1363 de
3749 1325 3867 1362 mu-

2257 1396 2390 1453 liere
2415 1397 2569 1465 dixit,
2617 1396 2755 1452 Vidit
2800 1399 2982 1451 ntulier
3021 1399 3236 1469 lignum,
3267 1399 3405 1468 quod
3436 1401 3710 1471 pulchrum
3754 1403 3867 1454 visu

2259 1503 2406 1561 esset,
2446 1507 2491 1548 et
2519 1493 2587 1547 ad
2617 1493 2914 1548 vescendum
2941 1509 3096 1547 suave
3125 1491 3276 1563 (Gen.
3307 1493 3361 1548 5.
3391 1494 3447 1560 6)
3476 1512 3489 1548 :
3520 1510 3586 1549 ne
3617 1495 3738 1564 quis
3769 1511 3863 1563 pn-

2261 1596 2417 1650 taret.
2443 1588 2582 1644 inter
2605 1588 2706 1642 alia
2736 1589 2875 1657 ligna
2906 1586 3008 1642 hoc
3036 1587 3208 1641 solum
3238 1587 3493 1642 decorum
3520 1586 3703 1653 fuisse,
3729 1587 3869 1643 hanc

2261 1681 2626 1751 prmstatttiam
2665 1681 2915 1735 onmibns
2960 1680 3136 1735 inesse
3175 1678 3488 1735 testiﬁcatus
3516 1688 3621 1748 est,
3660 1689 3714 1736 et
3749 1682 3867 1735 visu

2257 1772 2542 1841 elegantia,
2572 1781 2625 1826 et
2651 1770 2805 1826 valde
2833 1771 2992 1837 bona,
3028 1779 3084 1825 nt
3109 1771 3282 1825 discas
3310 1787 3431 1826 enin
3466 1788 3571 1826 non
3600 1788 3665 1826 ex
3691 1788 3865 1842 penu-

2258 1865 2334 1918 ria
2382 1873 2772 1935 transgressum
2820 1879 2971 1928 esse,
3016 1864 3108 1918 sed
3139 1865 3188 1918 itt
3236 1863 3507 1920 afﬂuentia
3554 1881 3675 1919 cum
3722 1874 3868 1920 esset

2259 1967 2582 2027 prosa-nium
2611 1956 2795 2011 fuisse.
2818 1954 2884 2010 Et
2909 1956 3101 2026 lignum
3128 1957 3262 2020 vitm,
3292 1956 3482 2027 inquit,
3502 1958 3557 2011 in
3581 1957 3745 2010 medio
3771 1975 3866 2027 pa-

2259 2049 2438 2112 radisi,
2469 2058 2515 2102 et
2543 2049 2737 2119 lignum
2765 2048 2986 2103 scientia:
3008 2047 3128 2102 boui
3152 2057 3200 2102 et
3224 2050 3347 2101 mali
3369 2048 3520 2120 (Gen.
3549 2048 3604 2102 2.
3634 2048 3710 2119 9).
3743 2047 3869 2102 Tria

2262 2142 2522 2209 lignorum
2568 2141 2880 2196 discrimina
2912 2160 2924 2195 :
2957 2141 3057 2196 alia
3092 2141 3165 2194 illi
3211 2141 3333 2195 data
3366 2149 3510 2206 sunt,
3540 2151 3596 2195 ut
3625 2143 3868 2206 viveret;

2259 2233 2383 2294 alia,
2419 2242 2474 2285 ut
2513 2233 2650 2287 bene
2691 2233 2929 2297 viveret;
2971 2234 3096 2298 alia,
3147 2244 3202 2287 ut
3231 2249 3447 2302 semper
3486 2234 3706 2289 viveret.
3737 2234 3871 2288 Erat

2262 2323 2401 2377 unde
2425 2324 2561 2378 bene
2588 2324 2808 2388 viveret,
2837 2341 2902 2379 ex
2927 2325 3121 2395 quibus
3147 2325 3308 2380 edere
3336 2326 3560 2390 licebat;
3589 2334 3698 2381 erat
3726 2326 3868 2382 unde

2261 2415 2398 2470 bene
2427 2416 2722 2476 viveret.ex
2755 2416 3055 2485 prohibitis.
3088 2417 3303 2472 Poterat
3326 2419 3469 2472 enim
3501 2418 3636 2474 bene
3659 2420 3868 2483 vivere,

2261 2508 2304 2562 si
2334 2509 2593 2579 tetigisset
2623 2523 2728 2563 non
2761 2507 3047 2578 prohibita,
3081 2520 3255 2566 etnon
3290 2512 3548 2582 tetigisset
3580 2511 3869 2581 prohibita.

2260 2599 2390 2655 illud
2423 2611 2538 2656 erat
2575 2602 2711 2656 bene
2737 2601 2936 2667 vivere,
2977 2601 3086 2656 Deo
3115 2603 3359 2673 obsequi.
3395 2603 3632 2658 Positum
3661 2615 3779 2659 erat
3809 2606 3876 2658 li-

2260 2708 2421 2762 gnum
2451 2693 2571 2746 vita:
2599 2693 2648 2746 in
2693 2693 2891 2757 medio,
2921 2693 3072 2763 quasi
3105 2696 3414 2761 praemium;
3449 2695 3651 2765 lignum
3692 2697 3873 2751 scicn-

2265 2785 2351 2838 tia:
2374 2825 2389 2848 ,
2421 2793 2479 2838 ut
2509 2784 2778 2854 paizrstra,
2813 2794 2870 2838 ut
2915 2786 3270 2855 gymnasium.
3299 2785 3356 2840 Si
3408 2786 3714 2841 mandatum
3756 2803 3876 2841 ser-

2261 2891 2356 2932 ves
2375 2877 2515 2932 circa
2545 2877 2742 2946 lignum
2771 2876 2894 2944 hoc,
2935 2877 3134 2946 accipis
3165 2877 3467 2946 praemium.
3498 2883 3575 2932 Ae
3603 2878 3723 2933 vide
3773 2880 3874 2932 mi-

2261 2972 2522 3026 raculum.
2557 2969 2792 3026 Paradisi
2822 2971 2961 3041 ligna
2986 2970 3185 3035 omnia,
3211 2969 3404 3041 ubique
3427 2971 3477 3024 in
3506 2971 3728 3026 circuitu
3752 2986 3877 3024 ver-

2263 3063 2474 3126 nantia,
2531 3063 2728 3132 ubique
2779 3061 3050 3118 fructifera
3099 3079 3112 3114 :
3162 3061 3269 3116 duo
3320 3071 3524 3117 tantum
3582 3063 3634 3117 in
3693 3062 3873 3118 medio

2261 3163 2430 3217 erant,
2464 3153 2528 3208 ad
2551 3154 2884 3225 gymnasium
2916 3163 2967 3208 et
2995 3153 3243 3209 stadium.
3275 3153 3404 3222 Qua:
3441 3153 3492 3207 in
3523 3153 3748 3209 circuitu
3775 3153 3874 3206 ali-

2263 3255 2500 3301 mentum
2547 3245 2875 3315 prmbehant.
2928 3245 3123 3300 Verum
3176 3245 3616 3316 transgressionis
3655 3257 3708 3301 et
3744 3247 3871 3317 ligni

2261 3353 2440 3392 sermo
2481 3338 2622 3393 aliud
2651 3339 2704 3392 in
2739 3348 2948 3406 tempus
2978 3346 3309 3402 reservetur;
3335 3337 3661 3407 propositum
3692 3348 3873 3392 autem

2265 3430 2364 3484 bne
2387 3429 2495 3498 jam
2538 3441 2618 3483 est
2653 3446 2666 3481 :
2697 3427 2915 3482 adducit
2953 3428 3092 3482 Deus
3117 3429 3362 3483 animalia
3410 3430 3588 3483 omnia
3615 3429 3682 3483 ad
3731 3429 3873 3483 Ada-

2265 3538 2429 3576 mum.
2488 3520 2719 3575 Audiant
2749 3519 2981 3575 lueretici
3014 3537 3028 3574 :
3063 3535 3162 3575 nec
3208 3521 3419 3576 mireris
3461 3521 3508 3575 si
3546 3521 3614 3575 ad
3660 3522 3872 3592 singula

2264 3615 2403 3669 dicta
2430 3657 2445 3680 ,
2486 3615 2554 3669 ad
2598 3615 2835 3684 singulas
2881 3628 3040 3669 voces
3084 3622 3271 3669 contra
3319 3613 3600 3669 haereticos
3644 3624 3869 3684 agatur;

2264 3721 2360 3778 per
2414 3722 2629 3762 omnem
2694 3706 2837 3761 enim
2907 3707 3244 3762 occasionem
3307 3706 3774 3776 reprehenduntur
3835 3707 3870 3762 ii

2263 3798 2352 3868 qui
2411 3809 2595 3852 contra
2653 3798 2945 3868 gloriosum
2992 3814 3214 3867 regnum
3261 3797 3560 3869 insurgunt.
3600 3797 3760 3867 Lapis
3811 3815 3873 3852 ex

2263 3906 2408 3943 muro
2451 3889 2637 3943 clamat
2673 3887 2898 3960 (Habac.
2942 3888 2996 3942 2.
3031 3889 3150 3962 H);
3185 3905 3292 3944 non
3336 3890 3478 3954 dico,
3527 3891 3752 3946 verbum
3803 3906 3870 3946 ex

2265 3982 2565 4051 Scriptura,
2612 3982 2729 4036 Iota
2761 4000 2940 4049 unum,
2969 3994 3056 4036 aut
3085 4000 3212 4038 unus
3239 4000 3369 4055 apex
3395 3983 3608 4055 (Hattlt.
3656 3985 3710 4039 5.
3753 3984 3869 4053 i8),

2267 4076 2547 4130 lla‘J'CliCOS
2581 4077 2878 4146 inculpatos
2917 4094 3020 4132 non
3048 4078 3263 4141 sinunt;
3313 4077 3382 4132 ab
3422 4077 3671 4131 omnibus
3712 4091 3874 4131 accu.

2265 4177 2452 4222 santur
2497 4167 2586 4237 qui
2626 4177 2822 4238 negant
2850 4167 3086 4223 omnium
3133 4169 3436 4222 Dominum.
3492 4166 3873 4224 Animadverte

2267 4261 2444 4331 igitur.
2474 4260 2664 4316 Videre
2688 4269 2805 4316 erat
2825 4275 2938 4315 rem
2961 4259 3303 4330 stupendum,
3327 4258 3591 4313 Adamum
3614 4268 3871 4328 stantem,

2265 4363 2320 4408 et
2360 4355 2525 4408 Denm
2571 4354 2725 4424 quasi
2753 4353 3055 4407 ministrum
3085 4351 3150 4406 ad
3182 4349 3445 4404 Adamunt
3487 4349 3868 4407 adducentem.

2267 4447 2486 4500 Addurit
2514 4446 2656 4500 enim
2687 4444 2825 4498 Deus
2851 4444 3115 4497 animalia.
3148 4442 3244 4497 llic
3284 4441 3521 4509 attende,
3566 4456 3675 4497 non
3703 4442 3870 4512 dicta,

2269 4537 2360 4591 sed
2402 4536 2743 4590 sententiam.
2786 4534 2972 4604 Cogita
3001 4535 3168 4589 Deum
3199 4544 3451 4597 Stantem,
3502 4542 3557 4589 et
3600 4533 3872 4588 Adamum

2267 4626 2656 4695 explorantem.
2681 4625 2916 4680 Adduxit
2944 4625 3082 4679 Deus
3106 4623 3304 4688 omnia,
3333 4623 3542 4678 Adamo
3561 4622 3700 4678 dixit
3720 4625 3874 4679 verbi

2267 4717 2436 4788 gratia
2468 4735 2481 4770 :
2514 4717 2630 4785 Quo
2667 4716 2884 4771 nomine
2914 4715 3001 4769 hic
3032 4715 3124 4769 tibi
3167 4713 3375 4769 videtur
3405 4714 3674 4769 vocandus
3701 4728 3829 4769 esse
3857 4714 3880 4766 ἲ

2271 4809 2422 4879 isque
2451 4809 2526 4862 ait
2558 4825 2570 4860 :
2623 4807 2854 4862 Vocetur
2900 4807 3003 4861 leo.
3039 4805 3150 4861 Hoc
3196 4805 3336 4860 Deus
3362 4805 3558 4859 sanxit.
3606 4804 3704 4859 Hic
3733 4819 3874 4859 vero

2269 4919 2374 4972 quo
2405 4901 2664 4957 nomine?
2692 4901 2898 4954 Taurus
2933 4909 3170 4953 vocetur.
3197 4897 3362 4953 Recte
3389 4898 3640 4952 statuisti.
3668 4897 3873 4953 Sintili~

2272 5007 2455 5066 terque
2482 4995 2810 5064 singulorum
2843 4993 3058 5046 nomina
3087 4992 3227 5044 Deus
3255 4990 3573 5060 obsignavit.
3603 4991 3689 5043 Ait
3719 4991 3869 5042 enim

2269 5091 2541 5161 Scriptura
2575 5107 2587 5142 :
2621 5087 2853 5141 Adduxit
2882 5102 2941 5140 ea
2967 5085 3033 5137 ad
3061 5083 3249 5148 Adam,
3285 5093 3337 5137 ut
3369 5083 3578 5149 videret,
3620 5082 3743 5153 quid
3769 5097 3868 5134 ro-

2270 5193 2407 5237 caret
2433 5198 2490 5235 ea
2543 5178 2611 5233 Et
2655 5194 2804 5232 omne
2840 5174 2973 5247 quod
3003 5175 3194 5229 vocavit
3222 5174 3406 5241 Adam,
3438 5175 3534 5228 hoc
3569 5185 3639 5228 est
3679 5189 3871 5225 nomen

2269 5276 2398 5343 ejus.
2437 5272 2586 5327 Vide.
2620 5271 2753 5340 Quia
2784 5269 2850 5323 ad
2899 5267 3180 5338 imaginem
3214 5267 3383 5336 ipsum
3425 5273 3720 5329 creaVerat,
3763 5278 3872 5317 vo-

2269 5367 2366 5421 luit
2394 5374 2448 5422 et
2475 5364 2731 5418 honorem
2761 5363 2811 5416 itt
2839 5369 3184 5429 conspectum
3213 5358 3475 5430 proferre,
3503 5368 3558 5413 et
3579 5353 3871 5412 ostendere

2269 5474 2396 5513 vere
2421 5459 2594 5528 ipsum
2623 5455 2906 5526 imaginem
2933 5454 3207 5524 sapientia:
3229 5452 3391 5507 ferre.
3428 5453 3502 5505 Ac
3533 5465 3642 5504 rem
3671 5449 3872 5503 miram

2269 5553 2410 5607 vide.
2445 5552 2584 5605 Deus
2625 5550 2726 5604 sibi
2773 5548 2986 5602 nomina
3031 5555 3158 5600 ante
3200 5544 3501 5604 deﬁnierat.
3545 5541 3868 5608 volebatqun

2269 5661 2366 5715 per
2412 5644 2696 5714 imaginem
2743 5655 2890 5696 suam
2921 5639 3224 5701 ostendere,
3269 5635 3454 5691 Adatni
3485 5633 3697 5688 decreta
3738 5647 3869 5688 cum

2272 5738 2365 5792 Dei
2399 5736 2666 5791 voluntate
2695 5732 3018 5788 consentire.
3055 5730 3215 5785 Certe
3240 5743 3360 5782 cum
3391 5726 3549 5780 vellet
3577 5721 3869 5778 ostendere

2270 5832 2561 5902 Scriptura,
2592 5827 2706 5883 διες
2731 5841 2848 5898 qua:
2882 5824 3117 5882 Adamus
3145 5820 3398 5892 imposuit
3427 5818 3660 5884 nomina,
3693 5814 3872 5872 Deum
