4158 6496
318 439 442 496 479

333 557 540 629 ἀρτίως
578 556 880 628 είρηκαμεν
904 572 918 588 ⁸
948 553 1065 612 εἶτα
1085 559 1113 611 6
1140 559 1295 629 Γηών
1313 574 1327 590 ⁸
1360 552 1516 621 οὗτός
1557 557 1706 608 ἑστιν
1730 557 1759 608 6
1786 556 1909 608 Νεῖ-

331 639 447 702 λος.
479 638 630 708 Γηὼν
657 639 718 692 τὸ
750 639 974 709 ἀρχαῖον
1003 641 1166 694 αὑτοῦ
1192 641 1382 710 δνομα.
1419 639 1706 709 Μαρτυρεῖ
1747 638 1911 708 Ἰερε-

336 723 469 792 μίας
515 721 714 787 λέγων’
754 723 815 775 Τι’
861 737 959 776 σοι
1001 723 1094 776 καί
1152 723 1225 790 τῇ
1257 723 1376 788 ὀδῷ
1431 723 1773 790 Αιγύπτου,
1804 717 1912 772 τοῦ

334 805 496 859 πιεῖν
554 805 711 874 ὕδωρ
763 806 982 873 Γηὼν;
1047 804 1308 860 Ἐνταῦθα
1365 805 1622 875 πρόσεχε.
1669 803 1910 872 Νόμισον

333 886 522 941 τοῦτον
568 881 708 940 εἶναι
737 887 828 941 τὸν
858 889 1203 962 παράδεισον.
1236 889 1302 940 ’Δ
1340 899 1365 928 ι
1422 887 1531 958 γάρ
1558 887 1677 956 ὅψει
1712 883 1911 956 μᾶλλον

333 970 368 1039 ἢ
415 969 556 1040 λόγῳ
607 970 976 1040 παραδίδοται.
1027 971 1361 1044 Προέρχεται
1417 970 1661 1040 ποταμὸς
1711 967 1910 1030 πολὺς,

334 1053 590 1106 πλούσιον
621 1056 766 1123 νᾶμα
795 1054 932 1125 ἔχων
961 1096 975 1117 ,
1029 1055 1124 1108 καλ⁵
1169 1053 1385 1124 ἀρδεύει
1429 1054 1520 1105 τὸν
1561 1051 1908 1123 παράδεισον.

345 1135 586 1198 Ἐκεῖθεν
617 1137 838 1208 φέρεται
880 1140 958 1200 είς
997 1138 1264 1206 ὑπόνομόν
1301 1153 1352 1189 τι
1402 1136 1534 1206 χάος
1558 1177 1573 1197 ,
1625 1135 1720 1187 καί⁸
1764 1131 1910 1185 δύνει

333 1219 444 1273 ὑπὸ
473 1220 577 1290 γῆν
605 1220 830 1290 ἄπειρον
853 1261 868 1284 ,
903 1221 978 1284 ὡς
1007 1218 1144 1274 οἶδεν
1173 1223 1201 1273 6
1227 1220 1327 1292 τὴν
1368 1221 1486 1273 ὁδὸν
1537 1217 1784 1290 στρώσας
1818 1219 1914 1269 Δε-

334 1303 540 1372 σπότης
565 1321 579 1334 ⁸
613 1306 704 1357 καὶ
736 1302 987 1358 λανθάνει
1041 1306 1132 1358 ἐπὶ
1179 1306 1312 1358 πολὺ
1347 1304 1406 1358 τὸ
1441 1304 1652 1375 ῥεῦμα,
1691 1302 1786 1353 καὶ
1831 1300 1914 1362 εἰς

329 1385 623 1456 διαφόρους
658 1386 856 1451 τόπους
890 1387 1226 1449 ἀναδίδοται,
1269 1388 1362 1441 καὶ⁵
1401 1387 1712 1458 εὑρίσκεται
1739 1386 1768 1436 6
1813 1384 1913 1453 μὲν

330 1470 413 1532 είς
453 1471 549 1539 τὴν
579 1470 863 1524 Αἰθιοπίαν
887 1513 900 1535 ,
929 1472 958 1522 6
989 1471 1044 1524 δὲ
1079 1473 1157 1534 εἰς
1181 1471 1352 1534 δύσιν,
1378 1473 1406 1523 6
1433 1471 1489 1524 δὲ
1520 1472 1600 1532 εἰς
1624 1467 1910 1537 ἀνατολὴν,

328 1550 427 1604 τοῦ
455 1552 587 1605 Θεοῦ
613 1552 756 1606 οὑτω
783 1554 852 1607 δι’
887 1554 1156 1623 ὑπόνομον
1201 1554 1448 1615 ἕλκοντος
1480 1553 1540 1604 τὸ
1583 1550 1756 1623 ῥεῦμα
1775 1591 1787 1611 ,
1817 1550 1913 1602 καὶ

332 1633 614 1698 ποιοῦντος
641 1636 796 1701 ξένας
822 1636 1003 1705 πηγάς
1047 1636 1127 1707 τῷ
1169 1636 1370 1708 πρώτῳ
1400 1634 1648 1705 ποταμῷ.
1679 1635 1830 1687 Διατί
1855 1632 1910 1684 δὲ

329 1717 521 1779 τοῦτο;
549 1719 666 1772 Ἵνα
696 1719 769 1790 μη
798 1720 910 1783 τοῖς
937 1720 1107 1788 ἴχνεσι
1134 1719 1244 1771 τῶν
1272 1719 1530 1788 ποταμῶν
1555 1715 1909 1770 ἀκολουθοῦνο

327 1817 423 1863 τες
448 1801 646 1870 εὕρωσι
679 1802 770 1854 τὸν
797 1803 1143 1873 παράδεισον,
1173 1803 1258 1856 ἴνα
1288 1803 1363 1872 μὴ
1462 1805 1573 1864 τοίς
1607 1798 1911 1870 ἀνθρώποις

329 1884 698 1953 καταληπτός.
729 1885 790 1938 El
826 1885 930 1958 γὰρ
965 1881 1033 1957 ἦν
1056 1885 1291 1948 ὁδεῦσαι,
1323 1885 1501 1946 οὐδεὶς
1532 1884 1598 1938 ἂν
1643 1879 1766 1953 εὗρε
1806 1880 1913 1952 πρὸ

327 1965 442 2017 τῶν
473 1967 738 2019 πλουσίων
768 1967 859 2020 τὸν
889 1969 1215 2040 παράδεισον
1234 1985 1245 1996 ⁸
1276 1968 1389 2021 ἀλλ’
1415 1971 1443 2020 6
1467 1966 1597 2030 Θεὸς
1622 1964 1912 2019 ἀπέκλεισε

329 2049 430 2102 καὶ
463 2051 656 2119 πένησι
688 2051 780 2103 καὶ
811 2049 1085 2114 πλουσίοις
1107 2090 1124 2116 ,
1176 2051 1262 2104 ἵνα
1297 2051 1463 2120 ἀρετῇ
1511 2048 1670 2119 μόνον
1711 2046 1910 2118 εὕρωσι

329 2134 434 2204 τὴν
460 2133 594 2186 όδὸν.
623 2133 770 2186 Πόσα
799 2133 1002 2202 ἔκαμον
1026 2135 1381 2206 πατριάρχαι,
1416 2132 1712 2202 προφῆται,
1745 2131 1909 2198 ἄγιοι,

329 2214 626 2285 ζητοῦντες
652 2215 743 2268 τὸν
765 2216 1114 2286 παράδεισον,
1139 2217 1233 2269 καὶ
1265 2217 1362 2285 οὑχ
1387 2211 1579 2286 εὑρονς
1625 2215 1682 2263 ’0
1711 2211 1913 2286 λῃστὴς

303 2294 433 2366 ἶτὴν
465 2297 582 2351 ὁδὸν
611 2299 709 2368 οὑχ
731 2298 956 2362 ὁδεύσας
981 2341 996 2362 ,
1025 2299 1159 2353 άλλά
1182 2299 1478 2359 πιστεύσας
1503 2339 1516 2359 ,
1545 2296 1758 2366 ἀληθῶς
1784 2289 1910 2364 εὗρε

325 2382 432 2451 τὴν
458 2382 574 2434 ὁδὸν
595 2423 608 2444 ,
639 2381 728 2434 τὸν
770 2381 994 2452 λέγοντα
1015 2399 1030 2414 ⁸
1076 2382 1216 2452 Ἐπὼ
1247 2384 1362 2450 ειμι
1393 2382 1429 2447 ἡ
1462 2380 1618 2446 ὁδός.
1655 2376 1792 2449 Εὗρε
1823 2378 1912 2430 τὸν

325 2466 692 2536 παράδεισον,
740 2467 800 2520 6v
859 2465 1179 2521 ἀπέκλεισεν
1231 2465 1546 2536 ὴπαρακοὴ
1593 2462 1669 2531 τῷ
1713 2460 1914 2530 πρώτῳ

330 2547 626 2618 ἀνθρώπῳ.
657 2547 812 2620 Ζητῶ
839 2549 895 2601 δὲ
921 2549 1020 2619 τὴν
1040 2549 1217 2602 αἰτίαν
1239 2547 1325 2600 διά
1353 2548 1404 2600 τί
1430 2549 1459 2599 6
1502 2544 1913 2614 ἱστοριογράφος

328 2632 712 2702 μνημονεύσας
741 2633 836 2686 τοῦ
883 2631 1100 2704 πρώτου
1135 2630 1378 2701 ποταμοῦ
1411 2625 1563 2683 εἶπεν
1593 2669 1607 2692 ,
1637 2630 1718 2680 ὅτι
1769 2625 1920 2678 Ἐκεῖ

324 2715 552 2784 γίνεται
583 2715 645 2768 τὸ
668 2717 929 2782 χρυσίον
971 2715 1036 2770 τὸ
1067 2716 1277 2778 καλὸν,
1321 2714 1416 2767 καὶ
1453 2716 1485 2766 ὀ
1515 2711 1743 2779 ἄνθραξ
1771 2753 1783 2772 ,
1815 2709 1912 2764 καὶ

326 2801 364 2851 ό
390 2799 557 2862 λίθος
595 2801 626 2851 ό
657 2797 966 2866 πρίίσινος.
1004 2797 1064 2850 Et
1106 2798 1243 2859 ὅλως
1274 2795 1650 2866 ἑχωρογράφει
1702 2791 1798 2862 τὴν
1837 2794 1916 2844 ol-

328 2881 602 2949 κουμένην
624 2919 638 2940 .
668 2881 832 2950 ἐχρῆν
869 2883 1041 2932 εἰπεῖν
1072 2880 1139 2932 τὰ
1195 2880 1252 2930 ἐν
1303 2879 1508 2947 ἑκάστῃ
1549 2876 1702 2947 χώρᾳ
1727 2875 1912 2942 γιγνό-

329 2980 472 3030 μενα
507 2963 645 3015 καλά
670 3005 684 3027 ,
725 2963 849 3025 τοὺς
884 2961 1227 3032 σμαράγδους
1254 2999 1267 3023 ,
1294 2962 1418 3022 τοὺς
1449 2957 1737 3019 ὑακίνθους
1758 2997 1772 3018 ,
1807 2954 1912 3009 ποῦ

324 3045 620 3108 τοπάζιον,
683 3044 784 3097 ποῦ
846 3045 902 3096 αί
961 3045 1210 3112 διάφοραι
1275 3041 1384 3094 τῶν
1437 3039 1580 3093 ὑλῶν
1660 3039 1779 3092 ὕλαι
1839 3039 1866 3079 δ
1895 3055 1908 3068 ⁸

326 3125 451 3177 ἀλλ’
481 3125 787 3191 ἑπιλέγεται
816 3125 1014 3194 χρυσὸν
1038 3124 1131 3176 καὶ
1161 3123 1252 3176 δύο
1284 3122 1496 3186 λίθους,
1521 3120 1620 3183 τὰς
1658 3119 1914 3191 ἀπαρχάς

323 3208 432 3277 τῆς
464 3207 786 3279 ἱερωσύνης,
825 3207 1011 3278 ἐπειδὴ
1041 3207 1068 3259 6
1103 3207 1281 3276 ἱερεὺς
1309 3204 1496 3273 ἐφόρει
1539 3203 1768 3256 πέταλον
1789 3219 1916 3273 χρυ·

329 3289 483 3353 σοῦν,
517 3291 664 3361 [489]
690 3284 734 3355 ᾧ
769 3290 1150 3360 ἐπεγέγραπτο
1186 3288 1246 3340 τὸ
1282 3287 1376 3340 τοῦ
1406 3285 1540 3338 Θεοῦ
1585 3286 1776 3354 ὄνομα,
1803 3285 1916 3336 Δώ-

329 3377 470 3428 δεκα
492 3375 626 3428 λίθοι
649 3371 788 3444 ἦσαν
814 3375 903 3426 ἐπὶ
935 3373 1028 3426 τοῦ
1055 3372 1281 3442 στήθους
1299 3371 1392 3424 τοῦ
1425 3370 1613 3440 ίερέως
1633 3386 1646 3398 ⁸
1673 3369 1910 3436 σάρδιον,

326 3458 587 3522 τοπάζιον
610 3500 623 3519 ,
662 3457 972 3528 σμάραγδος
997 3497 1011 3518 ,
1041 3453 1275 3526 ἄνθραξ,
1319 3455 1652 3523 σάπφειρος,
1705 3453 1907 3514 ίάσπις,

327 3541 571 3610 λιγύριος
593 3580 605 3602 ,
643 3540 882 3609 ἀχάτης,
919 3537 1254 3607 ἀμέθυστος,
1305 3535 1625 3604 χρυσόλιθος
1654 3573 1666 3593 ,
1713 3533 1914 3604 βήρυλ-

328 3625 427 3687 λος
448 3666 460 3687 ,
491 3625 719 3692 όνύχιον.
770 3623 864 3675 Ἐκ
893 3623 998 3674 τῶν
1032 3621 1236 3673 δώδεκα
1276 3619 1439 3670 λίθων
1469 3618 1674 3670 τούτων
1715 3620 1742 3669 6
1772 3617 1908 3685 πρά-

331 3723 482 3770 σινος
516 3709 820 3776 ἀφώρισται
847 3707 913 3774 τῇ
949 3706 1195 3774 ίερατικῇ
1231 3702 1408 3771 φυλῇ,
1439 3703 1466 3754 6
1491 3700 1695 3770 ἄνθραξ
1724 3705 1786 3768 τῇ
1821 3700 1916 3768 βα-

329 3789 534 3859 σιλικῇ.
559 3790 742 3854 Διατί;
788 3788 1008 3858 Ἐπειδὴ
1040 3788 1210 3859 πυρὸς
1238 3787 1370 3840 ίδιον
1392 3785 1454 3836 τὸ
1481 3785 1656 3838 καίειν
1684 3784 1775 3836 καὶ
1801 3801 1913 3852 φω-

327 3872 532 3934 τίζειν·
565 3873 657 3924 καὶ
703 3871 963 3940 βασιλέως
993 3870 1122 3922 ίδιον
1169 3870 1477 3939 εὐεργετεῖν
1507 3867 1601 3920 καὶ
1646 3866 1910 3928 κολάζειν.

329 3955 527 4025 Τίθησι
566 3955 655 4008 τὸν
698 3953 940 4023 Ῥουσὴμ
967 3954 1068 4023 τὴν
1114 3950 1336 4023 πρώτην
1378 3950 1548 4020 φυλὴν
1579 3951 1636 4001 ἑν
1673 3949 1751 4018 τῷ
1784 3966 1916 4020 σαρ·

322 4039 464 4107 δίῳ,
503 4038 592 4090 τὸν
640 4035 862 4107 Συμεὼν
909 4038 967 4090 ἑν
1008 4034 1087 4103 τῷ
1134 4033 1377 4104 τοπαζίῳ
1402 4074 1415 4096 ,
1453 4034 1543 4086 τὸν
1593 4033 1719 4084 Λευὶ
1751 4033 1808 4084 ἑν
1837 4031 1915 4099 τῷ

326 4127 583 4197 πρασίνῳ
609 4126 770 4196 λίθῳ·
807 4125 896 4177 τὸν
949 4124 1170 4186 Ἰούδαν,
1203 4123 1261 4186 ἑξ
1291 4118 1353 4176 οὗ
1404 4126 1431 4176 6
1465 4121 1719 4193 Χριστὸς,
1750 4122 1805 4172 ἑν
1838 4121 1914 4192 τῷ

325 4208 565 4279 ἄνθρακι
597 4207 674 4274 τῷ
704 4206 954 4279 πυρῥῷε.
1001 4205 1212 4274 ’Δμὲλει
1253 4205 1478 4266 Ἡσαΐας
1516 4204 1654 4272 μετὰ
1686 4204 1914 4266 πολλοὺς

326 4292 560 4362 χρόνους
592 4290 738 4359 λέγει
793 4293 860 4360 τῇ
905 4288 1294 4360 Ἰερουσαλήμ·
1348 4287 1471 4339 Ἐπὶ
1525 4287 1644 4338 τῶν
1703 4285 1916 4354 χειρῶν

317 4392 451 4444 μου
491 4371 870 4442 ἐζωγράφηκά
903 4388 1018 4425 σου
1053 4373 1120 4425 τὰ
1149 4373 1312 4439 τείχη
1331 4411 1344 4431 ,
1371 4370 1467 4423 καὶ
1497 4370 1754 4422 ἐνώπιόν
1793 4385 1914 4436 μου

323 4453 397 4510 εἶ
415 4456 511 4510 διὰ
545 4457 788 4520 παντός.
832 4455 975 4508 Ἰδοὺ
1003 4453 1276 4522 ὲτοιμάζω
1298 4454 1566 4521 ἄνθρακα
1595 4453 1699 4504 τὸν
1741 4453 1916 4504 λίθον

324 4553 473 4601 σου,
513 4539 602 4592 τὸν
638 4537 867 4607 Σωτῆρα
913 4537 1105 4605 λέγων.
1157 4537 1301 4590 Ἰδοὺ
1347 4537 1484 4605 γὰρ,
1521 4536 1688 4606 φησὶ,
1720 4536 1914 4603 τίθημι

323 4624 406 4673 ἐν
435 4622 583 4674 Σιὼν
610 4624 783 4675 λίθον
819 4620 1244 4689 ἀκρογωνιαῖον
1261 4663 1275 4686 ,
1299 4619 1589 4673 ἐκλεκτὸν
1608 4659 1622 4682 ,
1648 4619 1912 4686 ἔντιμον,

327 4705 433 4759 καὶ
489 4707 520 4755 ό
560 4706 858 4758 πιστεύων
907 4704 976 4755 ἐν
1028 4700 1188 4768 αὐτῷ
1232 4705 1304 4756 οὐ
1337 4702 1423 4771 μὴ
1475 4699 1911 4769 καταισχυνθῇ.

339 4789 408 4840 ὐ
439 4787 618 4840 τοίνυν
669 4787 876 4860 ἄνθραξ
910 4785 1215 4856 ἀφώρισται
1247 4789 1312 4854 τῇ
1364 4784 1615 4854 βασιλικῇ
1651 4782 1792 4852 φυλῇ
1820 4800 1832 4811 ·
1887 4781 1914 4831 6

326 4871 596 4940 πράσινος
643 4875 706 4940 τῇ
743 4873 1027 4941 ίερατικῇ’
1061 4871 1122 4922 τὸ
1154 4869 1262 4938 γὰρ
1302 4870 1564 4939 πράττειν
1600 4867 1779 4928 καλῶς
1815 4866 1914 4935 τῆς

331 4953 658 5023 ἱερωσύνης.
705 4954 836 5005 Ἀπὸ
884 4953 976 5006 τοῦ
1011 4951 1256 5021 ποταμοῦ
1302 4952 1510 5003 ἐκείνου
1561 4949 1914 5020 ἀφορίζονται

324 5037 596 5104 τέσσαρες
630 5037 806 5101 πηγαὶ
840 5037 1116 5105 ποταμῶν.
1157 5034 1307 5086 Διατί
1338 5030 1430 5085 οὖν
1461 5035 1520 5084 τὸ
1552 5033 1697 5101 ὕδωρ
1737 5032 1914 5084 αὑτῶν

325 5119 434 5172 οὑκ
467 5120 611 5180 ίσον;
655 5117 884 5186 Ζητοῦσι
919 5119 1026 5188 γὰρ
1058 5120 1104 5170 οί
1142 5115 1458 5186 φιλομαθεῖς
1484 5155 1498 5176 ,
1548 5118 1594 5166 εί
1646 5115 1754 5168 ἀπὸ
1797 5115 1914 5176 ἑνὸς

327 5199 581 5270 στοταμοῦ
602 5241 615 5260 ,
648 5199 680 5269 ἢ
714 5201 844 5269 μιᾶς
877 5202 1088 5270 πηγῆς,
1125 5200 1262 5254 διατί
1291 5201 1365 5270 μὴ
1401 5200 1497 5270 μία
1526 5200 1751 5268 ποιότης
1778 5201 1912 5252 πάν-

323 5299 474 5347 τωνς
499 5282 562 5334 Τί
587 5278 678 5334 οῦν
712 5284 858 5347 ἑστι;
893 5283 1383 5353 Μεταλαμὸάνουσι
1409 5283 1506 5351 τῆς
1540 5283 1671 5350 γῆς,
1697 5283 1790 5333 καὶ
1815 5282 1912 5349 τῆς

329 5365 618 5434 ποιότητος
641 5364 746 5416 τῶν
770 5365 970 5428 τόπων,
993 5365 1061 5417 δι’
1084 5361 1156 5419 ὧν
1185 5367 1568 5437 παρέρχονται.
1587 5367 1796 5435 Ὥσπερ
1823 5369 1912 5417 καὶ

325 5447 468 5501 αὐτὸ
495 5447 554 5500 τὸ
583 5447 727 5518 ὕδωρ
755 5447 882 5518 μίαν
917 5447 1014 5518 μὲν
1044 5448 1153 5518 ἔχει
1179 5451 1339 5518 φύσιν
1369 5449 1463 5502 καὶ
1487 5448 1765 5516 ποιότητα,
1798 5446 1910 5499 ἀλλ’

399 5593 423 5655 θ
450 5591 561 5655 38V.
585 5595 633 5642 In
655 5607 806 5655 marg.
831 5610 903 5654 γρ.
930 5593 1047 5640 τινά.

397 5653 676 5734 h_.l’o§u§s§
720 5653 981 5734 ιεςςιιᾱυω
1004 5658 1050 5701 αἱ
1092 5654 1308 5716 διαφοραὶ
1333 5657 1428 5702 τῶν
1454 5655 1578 5701 ὑλῶν
1602 5655 1721 5700 ὅλαι.
1760 5653 1906 5700 δανίι.

326 5718 900 5848 ΪοεῗΫζῗξὲθξῐϊέῗνὴῗιὸαέί
935 5778 1002 5839 τῷ
1025 5775 1179 5838 πυρῷ,
1218 5773 1408 5827 scilicet
1429 5776 1592 5840 πυῤῥῷ
1619 5772 1904 5824 rubicundo.

331 5836 486 5888 Sam.
511 5839 718 5898 τῷπνρί.

1341 439 1430 494 DE
1468 437 1684 495 MUNDI
1721 436 2117 495 CREATIONE
2154 441 2412 497 ORATIO
2455 441 2514 496 Υ.

3468 448 3582 502 480

2016 557 2111 609 ὲάν
2147 558 2435 628 συμϐραχῇ
2477 555 2706 626 ἀψινθίῳ
2732 595 2746 617 ,
2786 554 2951 625 ἄλλην
2987 554 3244 624 ποιότητα
3275 554 3416 606 ποιεῖ
3437 570 3451 584 ⁸
3490 553 3586 606 ἑὰν

2012 640 2198 709 ἀνὴθῳ
2219 681 2231 701 ,
2265 641 2463 710 ἄλλην·
2497 641 2593 692 ἐὰν
2624 638 2850 708 πηγάνῳ
2876 677 2889 698 .
2930 638 3096 707 ἄλλην
3116 657 3129 669 ⁸
3171 637 3264 689 καὶ
3294 637 3327 706 ἡ
3361 637 3459 705 μὲν
3488 634 3588 704 φύ-

2013 740 2096 785 σις
2125 723 2238 791 μία,
2275 724 2330 775 αί
2361 723 2417 775 δὲ
2448 722 2570 776 ὗλαι
2607 719 3024 792 μεταποιοῦσινο
3057 720 3197 772 οὕτω
3229 720 3321 770 καὶ
3362 719 3454 770 ἐπὶ
3479 718 3588 770 τῶν

2013 807 2272 876 ποταμῶν
2297 847 2309 864 .
2361 806 2547 876 ἐπειδὴ
2578 805 2665 859 διὰ
2695 802 2862 872 ξένων
2889 804 3131 857 ὁδεύουσι
3160 804 3371 866 τόπων,
3418 805 3447 854 6
3491 801 3587 870 μὲν

2012 888 2098 942 διὰ
2142 891 2242 958 γῆς
2293 891 2487 962 ἑτέραν
2520 891 2750 960 ἐχούσης
2783 888 3042 958 ποιότητα
3066 929 3082 953 ,
3113 889 3140 939 6
3177 886 3232 938 δὲ
3275 886 3340 939 δι’
3375 886 3586 955 ἑτέρας.

2013 972 2290 1026 ποιοῦνται
2319 975 2430 1036 τοῖς
2459 973 2662 1035 τόποις.

2084 1077 2148 1141 ζ’.
2169 1077 2318 1132 Ἐπεὶ
2333 1078 2389 1132 δὲ
2415 1080 2480 1148 τῇ
2510 1077 2656 1130 θέσει
2683 1075 2793 1130 τῶν
2811 1076 2990 1129 τόπων
3020 1073 3250 1128 ἑποίωσε
3277 1073 3402 1134 τοὺς
3423 1086 3591 1122 ποτα-

2016 1162 2184 1230 μοὺς,
2215 1162 2398 1214 λοιπὸν
2434 1163 2577 1214 ποιεῖ
2617 1161 2676 1213 ὲν
2707 1159 2784 1229 τῷ
2815 1159 3128 1228 παραδείσῳ
3167 1155 3297 1210 Πᾶν
3335 1153 3589 1220 δένδρον

2012 1245 2204 1297 καλὸν
2240 1247 2327 1310 είς
2366 1244 2615 1312 ὅρασιν,
2661 1243 2759 1296 καί
2799 1243 3017 1310 ὡραῖον
3047 1243 3133 1305 είς
3158 1238 3411 1307 βρῶσιν.
3449 1239 3588 1307 Προο

2012 1329 2184 1382 ἀνεῖλε
2235 1327 2326 1383 τοῦ
2371 1329 2684 1400 παραϐάτου
2724 1327 2820 1398 τὴν
2870 1325 3184 1392 ἀπολογίαν.
3216 1321 3432 1387 Ἐπειδὴ
3481 1319 3592 1388 γὰρ

2011 1411 2140 1482 περὶ
2174 1413 2272 1480 τῆς
2297 1410 2550 1480 γυναικὸς
2583 1407 2734 1464 εἶπεν
2755 1452 2769 1475 ,
2795 1411 2878 1463 ὅτι
2918 1402 3096 1462 Εἴδεν
3122 1407 3159 1470 ἢ
3190 1403 3344 1474 γυνὴ
3391 1401 3457 1454 τό
3494 1402 3592 1464 ξύ·

2010 1494 2145 1550 λον.
2178 1493 2265 1548 ὅτι
2297 1496 2489 1549 καλὸν
2521 1496 2607 1560 είς
2639 1493 2853 1561 ὅρασιν
2878 1532 2892 1556 ,
2932 1489 3030 1543 καί
3069 1488 3284 1556 ὡραῖον
3320 1488 3406 1551 είς
3431 1483 3592 1552 βρῶ·

2012 1592 2116 1628 σιν
2141 1594 2154 1608 ⁸
2189 1577 2275 1630 ἴνα
2312 1580 2386 1650 μή
2421 1597 2505 1642 τις
2537 1579 2768 1648 νομίσῃ,
2820 1577 2900 1628 ὅτι
2954 1572 3104 1642 παρὰ
3161 1571 3226 1622 τὰ
3274 1568 3407 1622 ἄλλα
3459 1565 3589 1630 ξύλα

2011 1661 2189 1714 έκεῖνο
2218 1664 2378 1733 μόνον
2409 1658 2476 1732 ἦν
2504 1661 2774 1731 εὐπρεπὲς
2797 1701 2811 1724 9
2841 1657 3048 1726 ταύτην
3081 1656 3179 1722 τὴν
3203 1651 3400 1724 ἀρετὴν
3425 1652 3591 1733 ἔναιρε

2009 1731 2443 1814 τύρησεὴπᾶσιν,
2477 1745 2557 1797 ὅτι
2591 1743 2768 1815 ὡραία
2799 1745 2864 1813 τῇ
2907 1739 3027 1809 ὅψει
3070 1739 3165 1790 καὶ
3196 1735 3334 1804 καλὴ
3362 1731 3588 1801 σφόδρα.

2013 1825 2100 1879 ἵνα
2133 1827 2311 1898 μάθῃς
2341 1829 2421 1882 ὅτι
2452 1830 2510 1880 ού
2545 1827 2610 1880 δι’
2652 1826 2860 1879 ἔνδειαν
2897 1823 3112 1896 παρέϐη
3135 1863 3149 1885 ,
3187 1819 3300 1873 ἀλλ’
3326 1816 3591 1898 ἀφθονίαν

2011 1907 2150 1976 ἔχων
2173 1897 2468 1982 ἐξετράπη.
2507 1911 2610 1962 Καὶ
2651 1909 2718 1962 τὸ
2761 1909 2952 1972 ξύλον
2973 1947 2985 1967 .
3021 1905 3173 1975 φησὶ.
3203 1901 3312 1969 τῆς
3344 1897 3491 1964 ζωῆς
3521 1898 3591 1982 έν

2003 1992 2173 2058 μέσῳ
2207 1981 2314 2046 τοῦ
2350 1993 2718 2061 παραδείσου
2746 2034 2758 2054 .
2805 1992 2901 2045 καί
2941 1990 3005 2043 τὸ
3047 1989 3237 2052 ξύλον
3279 1985 3387 2038 τοῦ
3419 1981 3591 2052 γινώο

2010 2089 2184 2127 σχειν
2215 2076 2408 2130 καλὸν
2437 2077 2532 2129 καὶ
2579 2076 2867 2142 πονηρόν.
2901 2074 3060 2143 Τρεῖς
3100 2069 3349 2138 διαφοραὶ
3382 2065 3552 2129 ξύλων

2009 2157 2078 2209 τά
2108 2159 2205 2228 μὲν
2239 2159 2394 2230 ἐδόθη
2427 2159 2603 2228 αὐτῷ,
2655 2159 2739 2211 ἵνα
2791 2159 2855 2225 ζῇ
2884 2174 2898 2186 ⁸
2949 2157 3015 2208 τὰ
3050 2153 3253 2230 δὲηῖνα
3282 2147 3340 2202 εὖ
3379 2148 3475 2217 ζῇ·
3520 2145 3590 2198 τὰ

2010 2238 2088 2301 δὲ,
2118 2241 2203 2294 ἵνα
2238 2242 2322 2296 ἀεὶ
2480 2238 2637 2312 Εἶχεν
2674 2236 2766 2294 οὖν
2792 2240 2852 2292 τὸ
2881 2240 2998 2309 ζῇν,
3037 2235 3094 2300 ἑξ
3141 2228 3216 2286 ὧν
3249 2231 3546 2312 ἐπέτρεψεν
3571 2244 3586 2258 ⁸

2011 2319 2121 2394 εἶχε
2150 2324 2208 2376 τὸ
2238 2321 2295 2379 εῦ
2341 2310 2461 2395 ζῇν,
2492 2325 2550 2390 ἑξ
2571 2310 2652 2375 ὧν
2687 2321 2978 2376 ἐκώλυσεν.
3010 2315 3119 2371 Ἦν
3157 2316 3264 2386 γάρ
3307 2310 3365 2367 εῦ
3404 2313 3586 2395 ζῆσαι.

2012 2393 2317 2478 ἀπτόμενον
2354 2393 2452 2480 μὲν
2503 2401 2578 2460 ὧν
2624 2407 2723 2459 οὑκ
2765 2403 3038 2466 ἐκώλυσε,
3079 2400 3153 2472 μὴ
3195 2397 3500 2468 ἀπτόμενον
3532 2393 3590 2447 δὲ

2010 2484 2084 2543 ὧν
2115 2490 2376 2547 ἐκώλυσε.
2403 2491 2574 2544 Τοῦτο
2593 2486 2660 2562 ἧν
2695 2486 2754 2542 εὖ
2792 2489 2973 2559 ζῆσαι,
3015 2487 3095 2556 τῷ
3127 2486 3246 2556 Θεῷ
3277 2481 3585 2548 πεισθῆναι.

2015 2572 2232 2627 Ἐκειτο
2288 2574 2348 2627 τὸ
2395 2573 2551 2640 ξύλον
2586 2573 2686 2643 τῆς
2720 2572 2862 2640 ζωῆς
2906 2573 2964 2622 ἑν
3017 2570 3183 2640 μέσῳ,
3233 2567 3422 2633 ὥσπερ
3461 2562 3590 2632 βρα-

2013 2656 2193 2710 ϐεῖον⁸
2246 2657 2306 2710 τὸ
2364 2657 2517 2722 ξύλον
2558 2659 2656 2726 τῇς
2709 2654 2992 2723 γνώσεως,
3029 2652 3103 2714 ὡς
3155 2650 3466 2716 πάλαισμα,
3511 2644 3588 2705 ὡς

2011 2739 2328 2808 γυμνάσιον.
2360 2740 2603 2806 Φυλάξας
2631 2739 2728 2809 τὴν
2761 2737 2976 2806 ἐντολὴν
3007 2736 3097 2788 ἐπὶ
3119 2734 3292 2803 τούτῳ
3321 2731 3398 2800 τῷ
3424 2729 3586 2795 ξύλῳ.

2011 2822 2307 2892 λαμϐάνεις
2335 2823 2396 2876 τὸ
2424 2824 2694 2893 βραδεῖον.
2729 2822 2838 2876 Καὶ
2864 2821 2962 2889 ὅρα
2991 2818 3050 2871 τὸ
3083 2816 3415 2886 θαυμαστόν.
3451 2811 3588 2863 ’Ὁλα

2011 2905 2078 2957 τά
2111 2905 2241 2970 ξύλα
2281 2905 2376 2958 τοῦ
2405 2904 2731 2976 παραδείσου
2772 2903 2957 2972 κύκλῳ
2996 2900 3271 2968 πανταχοῦ
3309 2895 3588 2965 κομῶντα,

2016 2989 2165 3059 [490]
2202 2990 2478 3058 πανταχοῦ
2513 2989 2744 3059 βρύοντα
2764 3003 2775 3017 ⁸
2806 2986 2874 3038 τά
2916 2986 3009 3037 δύο
3034 2985 3192 3053 μόνον
3224 2984 3280 3033 ὲν
3310 2980 3459 3059 μέσῳ
3493 2995 3590 3044 γυ-

2015 3058 2240 3140 μνάσιον
2275 3067 2340 3141 ῆν
2374 3072 2466 3124 καὶ
2508 3058 2739 3123 στάδιον.
2782 3069 2864 3120 Τά
2887 3067 3072 3136 κύκλῳ
3111 3065 3285 3134 τροφὴ
3313 3058 3401 3131 ἦν.
3445 3059 3586 3111 Ἀλλ’

2011 3158 2039 3209 6
2073 3157 2169 3225 τῆς
2199 3157 2561 3226 παραὸάσεως
2595 3157 2687 3210 καὶ
2713 3154 2806 3208 τοῦ
2861 3153 3077 3222 δένδρου
3109 3149 3298 3220 καιρὸς
3330 3147 3357 3186 ά
3417 3145 3588 3213 ἑτέρῳ

2011 3241 2353 3310 ταμιευέσθω
2380 3241 2556 3310 καιρῷ
2579 3259 2593 3271 ⁸
2628 3239 2692 3292 τὸ
2724 3237 2780 3291 δὲ
2824 3236 3210 3308 προκείμενον
3253 3233 3372 3299 ἄγει
3404 3232 3432 3282 ὁ
3456 3229 3588 3290 Θεὸς

2011 3323 2079 3375 τὰ
2110 3324 2220 3386 ζῶα
2249 3325 2342 3377 ὅλα
2391 3325 2526 3394 πρὸς
2563 3322 2653 3375 τὸν
2697 3321 2889 3391 Ἀδάμ.
2934 3318 3308 3372 Ἀκουέτωσαν
3339 3316 3388 3366 οί
3431 3314 3587 3394 αἱρεέ

2011 3406 2180 3457 τικοί⁸
2225 3407 2318 3458 καὶ
2364 3393 2447 3475 μὴγ
2468 3405 2783 3475 θαυμάσῃς,
2823 3406 2868 3456 εί
2908 3403 2975 3455 δι’
3003 3401 3238 3467 ἑκάστης
3269 3397 3466 3461 λέξεως
3494 3393 3590 3448 καὶ

2009 3487 2075 3538 δι’
2109 3488 2345 3557 ἑκάστης
2379 3490 2612 3556 φωνῆςό
2651 3487 2788 3557 πρὸς
2825 3487 2946 3548 τοὺς
2974 3484 3279 3554 αἱρετικοὺς
3317 3479 3591 3533 ἀποτείνει

2009 3587 2098 3623 ται
2140 3569 2327 3637 λόγος·
2373 3570 2461 3622 διὰ
2491 3570 2670 3639 πάσης
2711 3569 2818 3638 γὰρ
2859 3569 3181 3637 προφάσεως
3217 3560 3589 3631 κατηγοροῦν-

2016 3670 2097 3705 ἀι
2131 3655 2181 3704 οἱ
2211 3654 2350 3706 κατὰ
2389 3657 2483 3723 τῆς
2521 3653 2794 3722 βασιλείας
2817 3652 2914 3720 τῆς
2947 3649 3342 3716 δεδοξασμένης
3371 3644 3590 3716 ἐπαιρό-

2015 3752 2182 3806 μενοι.
2220 3737 2397 3801 Λίθος
2433 3737 2499 3789 ἐκ
2529 3735 2733 3804 τοίχου
2772 3733 2924 3800 βοᾷ·
2959 3733 3020 3785 οὑ
3067 3731 3240 3798 λέγω,
3281 3729 3437 3797 λόγος
3482 3727 3594 3780 ἀπὸ

2013 3833 2270 3902 Γραφῆς,
2317 3832 2470 3886 Ὶῶτα
2496 3832 2584 3894 ἓν,
2619 3832 2656 3898 ἢ
2681 3830 2790 3899 μία
2829 3829 3033 3896 κεραία
3078 3829 3139 3881 οὑ
3177 3825 3590 3896 παραλιμπάνει

2010 3919 2134 3978 τοὺς
2163 3918 2467 3985 αίρετικοῦς
2491 3915 2840 3984 ἀμέμπτους·
2868 3912 2956 3965 διὰ
2987 3913 3200 3964 πάντων
3223 3907 3591 3980 κατηγοροῦν-

2012 4017 2100 4052 ται
2161 4001 2207 4052 οί
2238 3999 2328 4052 τὸν
2386 4000 2602 4052 πάντων
2631 3999 2906 4068 Δεσπότην
2963 3996 3302 4067 ἀρνούμενοι.
3350 3995 3589 4065 ῐΙρόσεχε

2011 4083 2211 4137 τοίνυν.
2239 4079 2345 4135 Ἦν
2378 4083 2503 4135 ίδεῖν
2535 4081 2682 4146 ξένον
2703 4123 2716 4145 ,
2751 4080 2839 4133 τὸν
2876 4079 3046 4149 Ἀδάμ
3078 4079 3285 4132 ἑστῶτα
3311 4119 3326 4142 ,
3376 4080 3468 4130 καὶ
3501 4079 3590 4128 τὸν

2011 4167 2143 4220 Θεὸν
2197 4168 2272 4230 ὡς
2318 4167 2594 4237 ὑπηρέτην
2647 4165 2986 4236 προσάγοντα
3035 4163 3111 4232 τῷ
3151 4163 3340 4231 Ἀδάμ.
3379 4163 3592 4229 Ἦγιιγε

2012 4251 2120 4320 γὰρ
2151 4253 2182 4302 ὀ
2225 4249 2368 4316 Θεὸς
2418 4250 2489 4302 τὰ
2531 4249 2661 4309 ζῶα.
2696 4244 2820 4300 1Ὧδε
2884 4247 3115 4317 πρόσεχε
3141 4286 3155 4308 ,
3209 4247 3282 4316 μὴ
3321 4247 3386 4314 τῇ
3422 4244 3585 4309 λέξει,

2012 4332 2149 4385 ἀλλὰ
2178 4334 2242 4402 τῇ
2270 4333 2466 4399 ἐννοίᾳ.
2510 4332 2790 4402 Ἐννόησον
2818 4331 2906 4383 τὸν
2938 4329 3144 4382 ἑστῶτα
3175 4329 3305 4380 Θεὸν
3328 4367 3340 4388 ,
3374 4328 3467 4380 καὶ
3498 4328 3592 4378 τὸν

2026 4416 2194 4485 ’Λδάμ
2217 4416 2594 4485 δοκιμάζοντα.
2636 4417 2960 4486 Παρήγαγεν
2987 4415 3014 4465 ό
3036 4414 3166 4475 Θεὸς
3193 4411 3307 4476 ὅλα,
3338 4412 3485 4478 λέγει
3513 4411 3591 4480 τῷ

2027 4501 2196 4569 Ἀδάμ
2221 4513 2234 4527 ·
2274 4501 2408 4569 φέρε
2443 4501 2614 4551 εἰπεῖν
2637 4515 2650 4530 ⁸
2686 4500 2750 4550 Τί
2787 4515 2866 4550 σοι
2898 4498 3043 4550 δοκεῖ
3079 4495 3341 4566 κληθῆναι
3372 4495 3587 4559 τοῦτον;

2014 4583 2299 4636 Καλείσοω
2343 4584 2497 4636 λέων.
2539 4584 2598 4634 'U
2632 4581 2795 4647 Θεὸς,
2834 4581 3034 4650 φησὶν,
3090 4579 3386 4631 ἐτύπωσεν.
3434 4573 3588 4640 Εἶτα,

2013 4660 2164 4725 οὗτος
2193 4667 2277 4730 τίς
2309 4665 2519 4735 Ταῦρος
2545 4665 2836 4717 καλείσθω.
2867 4662 3059 4724 Καλῶς
3100 4661 3313 4723 ἔταξας.
3359 4660 3589 4730 Ὀμοίως

2013 4749 2119 4799 τῶν
2155 4747 2501 4816 καλουμένων
2556 4747 2781 4797 ἕκαστον
2813 4746 2841 4796 6
2887 4744 3017 4807 Θεὸς
3050 4744 3400 4813 ἐσφράγισεν.
3431 4743 3588 4811 Λέγει

2013 4832 2118 4898 γάρ
2173 4830 2204 4899 ἡ
2257 4830 2445 4898 Γραφή
2477 4843 2488 4854 ·
2543 4829 2794 4894 Ἡγαγεν
2831 4827 2984 4879 αὐτὰ
3045 4825 3194 4893 πρὸς
3249 4825 3353 4877 τὸν
3395 4825 3583 4892 Ἀδὰμ,

2015 4913 2161 4966 ἰδεῖν
2188 4913 2242 4965 τί
2269 4910 2509 4964 καλεσει
2532 4911 2703 4965 αὐτὰ.
2726 4910 2830 4963 Καὶ
2860 4908 2982 4963 πᾶν
3009 4906 3039 4961 6
3065 4908 3358 4960 ἐκάλεσεν
3391 4906 3586 4973 Ἀδάμ,

2014 4996 2186 5050 τοῦτο
2265 4997 2447 5063 ὄνομα
2524 4991 2702 5056 αὐτῷ.
2784 4991 2975 5044 Βλέπε.
3041 4989 3259 5060 Ἐπειδὴ
3334 4991 3586 5059 ἐποίησεν

2012 5080 2171 5132 αὑτὸν
2211 5079 2328 5130 κατ’
2363 5077 2545 5128 εἰκόνα
2570 5118 2582 5137 ,
2633 5075 2892 5144 ἠθέλησεν
2947 5076 3026 5135 είς
3065 5073 3186 5142 δψιν
3224 5072 3585 5142 προσενέγκαι

2015 5163 2104 5214 καὶ
2126 5163 2219 5231 τὴν
2241 5160 2422 5230 τιμὴν,
2452 5161 2544 5212 καὶ
2571 5159 2735 5222 δεῖξαι
2757 5157 2970 5226 ἀληθῶς
3000 5158 3082 5209 ὅτι
3107 5157 3260 5226 φέρει
3283 5157 3380 5224 τὴν
3403 5155 3586 5207 εἰκόνα

2012 5249 2110 5314 τῆς
2144 5244 2351 5311 σοφίας.
2385 5244 2494 5296 Καὶ
2528 5243 2690 5312 βλέπε
2724 5241 2784 5293 τὸ
2814 5241 3141 5310 θαυμαστόν.
3191 5240 3248 5292 '0
3283 5239 3412 5301 Θεὸς
3447 5255 3583 5308 προ-

2013 5329 2290 5380 ετύπωσεν
2320 5326 2498 5395 ἑαυτῷ
2527 5326 2593 5378 τὰ
2634 5325 2900 5394 ὀνόματα⁸
2947 5325 3197 5376 ἐϐούλετο
3228 5324 3284 5376 δὲ
3309 5321 3582 5392 δειχθῆναι

2010 5411 2097 5463 διὰ
2124 5415 2222 5481 τῆς
2250 5411 2486 5473 εἰκόνος,
2510 5410 2589 5461 ὅτι
2622 5411 2900 5476 συμφωνεῖ
2921 5408 3014 5460 τοῦ
3049 5407 3217 5476 Ἀδάμ
3243 5405 3313 5458 τά
3340 5405 3587 5472 δόγματα

2009 5497 2121 5555 τοῖς
2167 5491 2260 5545 τοῦ
2312 5488 2448 5544 Θεοῦ
2513 5491 2867 5561 βουλήμασιν.
2927 5489 3142 5559 Ἀμέλει
3195 5487 3487 5557 βουλομένη
3545 5487 3579 5556 ἡ

2013 5576 2200 5646 Γραφὴ
2235 5575 2423 5640 δεῖξαι,
2457 5575 2536 5627 ὅτι
2569 5573 2759 5635 ταῦτα,
2790 5573 2825 5625 6.
2851 5572 3033 5643 ἔθηκε,
3066 5573 3094 5623 6
3135 5571 3261 5632 Θεὸς
3286 5567 3580 5640 προώρισε,

2072 5773 2100 5813 d
2124 5774 2269 5822 Pulal
2294 5770 2549 5822 Combeﬂs.
2587 5769 2852 5830 legendum
2887 5768 3038 5828 λόγος,
3073 5772 3209 5816 recte
3229 5765 3426 5828 quidem
3454 5765 3583 5816 :scd

2013 5835 2174 5890 καιρός
2190 5834 2315 5883 forte
2345 5832 2460 5883 ferri
2485 5837 2647 5894 potest
2671 5834 2721 5881 in
2746 5839 2839 5880 lam
2862 5832 3135 5879 inaccuralo
3157 5831 3414 5891 scriptore.
