4158 6498
608 440 715 494 481

611 533 749 606 φησί
771 549 784 562 ⁸
821 531 928 586 Καὶ
958 530 1082 583 πᾶν
1107 529 1138 582 ὃ
1166 527 1462 580 ἐκάλεσεν
1501 525 1653 579 αὐτὰ
1686 527 1718 577 ό
1770 524 1942 593 Ἀδὰμ
1973 564 1989 590 ,
2018 525 2198 579 τοῦτο

612 617 799 683 ὄνομα
844 614 1036 677 αὐτῷ’
1076 614 1196 664 ἀντὶ
1249 611 1375 675 τοῦ,
1427 609 1740 680 Προὼριστο
1781 609 1972 671 τοῦτο.
2007 610 2038 662 6
2067 608 2200 671 Θεὸς

610 697 882 762 ἐδόξασεν.

694 779 832 831 Ἀλλ’
866 781 945 842 εἰς
973 777 1032 832 τὸ
1052 777 1410 848 προκείμενον
1440 774 1844 844 ἐπανέλθωμεν.
1882 775 2077 845 Στήκει
2110 785 2134 812 ι
2169 774 2198 825 ὀ

621 862 814 931 Ἀδάμ,
848 864 940 915 καὶ
963 865 990 914 6
1021 861 1152 924 Θεὸς
1184 863 1498 930 προήγαγεν
1533 858 1682 927 αὑτῴ
1715 859 1783 910 τά
1813 857 1950 922 ζῶα,
1977 858 2071 910 καὶ
2099 857 2197 926 οὑχ

608 945 888 1017 ὑϐρίζεται
919 944 1212 1015 προσάγων
1247 943 1324 1013 τῷ
1370 944 1541 1011 δούλῳ
1573 943 1602 992 6
1635 941 1929 1008 Δεσπότης.
1960 940 2070 993 Καὶ
2098 938 2194 992 ἐὰν

607 1028 914 1080 ἀκούσωσιν
946 1028 1232 1097 αἱρετικοῖ.
1260 1028 1340 1079 ὅτι
1375 1025 1607 1098 Χριστὸς
1639 1026 1786 1095 ἡμᾶς
1820 1022 2089 1095 προσάγει
2116 1022 2194 1093 τῷ

607 1112 782 1182 Πατρὶ
809 1153 824 1177 ,
861 1111 1060 1174 εὑθέως
1118 1110 1364 1179 λέγουσιν
1389 1127 1401 1141 ·
1443 1111 1607 1179 Ὀρᾷς
1659 1109 1741 1160 δτι
1770 1107 1954 1170 δοῦλός
2003 1109 2189 1170 ὲστιν;

611 1197 861 1264 "(ignare-9'
902 1197 1055 1249 αὐτὰ
1100 1194 1248 1262 πρὸς
1290 1195 1399 1247 τὸν
1443 1193 1632 1261 Ἀδάμ.
1668 1193 1922 1262 Εἰστήκει
1951 1193 1980 1243 6
2007 1191 2191 1254 δοῦλος

607 1277 830 1347 κρίνων,
864 1279 957 1330 καλ⁸
1001 1281 1029 1330 6
1061 1279 1336 1346 Δεσπότης
1368 1277 1678 1346 προσάγων.
1711 1276 1819 1327 Καὶ
1856 1275 1884 1326 ὁ
1916 1274 2048 1337 Θεὸς
2093 1274 2190 1344 μὲν

605 1359 683 1428 τῷ
730 1360 902 1430 Ἀδάμ
935 1361 1224 1432 προσάγων
1259 1361 1356 1432 οὑχ
1391 1359 1642 1428 ὑϐρίζετο
1669 1375 1681 1387 '
1733 1358 1966 1429 Χριστὸν
1995 1359 2051 1411 δὲ
2095 1357 2190 1410 ἐὰν

604 1443 878 1498 ἀκούσωσι
908 1431 1252 1514 προσάγοντα
1282 1431 1358 1514 τῷ
1392 1446 1586 1516 Πατρὶ,
1620 1448 1699 1505 εἰς
1735 1443 2006 1514 ὑπηρέτου
2037 1441 2190 1507 τάξιν

603 1529 870 1583 ἕλκουσιν.
916 1528 1039 1579 Ἐάν
1064 1528 1192 1598 εἴπῃ
1224 1530 1251 1579 6
1285 1530 1474 1598 Σωτήρ
1500 1546 1512 1560 ο
1550 1528 1757 1592 Οὐδεὶς
1782 1529 2014 1594 ἔρχεται
2039 1525 2189 1592 πρὸς

603 1613 708 1663 τὸν
733 1611 965 1676 Πατέρα
993 1651 1007 1672 ,
1040 1614 1091 1664 εί
1147 1611 1228 1680 μὴ
1263 1611 1336 1662 δι’
1370 1611 1515 1679 ἐμοῦ
1542 1629 1555 1642 ·
1590 1610 1789 1672 εὑθέως
1833 1611 1881 1662 οί
1921 1609 2187 1678 αίρετικο“ι

599 1696 734 1765 ὀρθὰ
765 1695 830 1747 τά
859 1689 971 1747 ὦτα
1010 1695 1060 1758 δ,
1098 1696 1296 1764 μᾶλλον
1333 1696 1389 1747 δὲ
1419 1695 1765 1766 στρεϐλάἸῴ
1808 1693 1979 1760 Ἀδάμ
2016 1710 2185 1764 προσ-

600 1780 749 1847 άγων
780 1782 808 1832 6
832 1779 962 1842 Θεὸς
993 1779 1058 1831 τά
1082 1779 1216 1842 ζῶα,
1242 1780 1341 1832 οὑκ
1372 1779 1518 1831 ἔστιν
1549 1777 1712 1830 αὑτοῦ
1745 1777 2025 1848 ὑπηρέτης
2048 1794 2061 1806 ·
2094 1777 2188 1830 ἀν·

599 1863 816 1933 θρωπον
849 1863 978 1924 Θεὸς
1009 1863 1128 1932 Θεῷ
1167 1863 1262 1914 ἐὰν
1315 1864 1639 1933 προσαγάγῃ
1661 1902 1676 1924 ,
1712 1863 1985 1932 ὑπηρέτου
2034 1860 2185 1924 τάξιν

597 1949 707 2016 ἔχει
733 1966 745 2010 ;
781 1948 898 1999 Ἵνα
939 1945 994 1997 δὲ
1023 1946 1097 2014 μὴ
1128 1945 1302 2018 Θρέψῃ
1346 1964 1440 1997 σου
1471 1947 1569 2017 τὴν
1600 1946 1754 1998 νόσον
1786 1948 1819 2016 ἡ
1853 1947 2042 2014 ἄγνοια
2078 1945 2184 1998 τῶν

596 2029 799 2096 λόγων
861 2028 971 2096 ἐγὼ
1020 2024 1137 2080 οἶδα
1181 2031 1276 2080 καὶ
1320 2029 1444 2081 Υἱὸν
1481 2030 1827 2098 προσάγοντα
1859 2028 1934 2098 τῷ
1986 2028 2181 2099 Πατρὶ,

595 2112 691 2164 καὶ
715 2112 804 2163 τὸν
829 2112 1047 2180 Πατέρα
1073 2112 1150 2180 τῷ
1184 2112 1316 2179 Υἱῴ.
1349 2111 1451 2164 Καὶ
1475 2113 1583 2180 γάρ
1604 2111 1773 2164 εἰπών
1793 2129 1805 2140 ·
1851 2110 2062 2176 Οὐδεὶς
2091 2111 2183 2177 ἔρ-

594 2212 761 2263 χεται
795 2197 948 2262 πρὸς
975 2196 1081 2248 τὸν
1113 2196 1344 2262 Πατέρα
1366 2235 1379 2256 ,
1412 2199 1463 2248 εὶ
1485 2196 1570 2264 μὴ
1605 2195 1677 2248 δι’
1712 2197 1858 2264 ἐμοῦ
1891 2212 1905 2226 ⁸
1950 2199 1977 2248 6
2019 2195 2182 2258 αὐτὸς

593 2281 785 2332 πάλιν⁶
822 2279 1031 2345 οὐδεὶς
1085 2280 1318 2347 ἔρχεται
1354 2281 1505 2346 πρός
1530 2296 1640 2347 με,
1681 2283 1734 2331 εὶ
1779 2280 1866 2348 μὴ
1901 2283 1933 2332 d
1979 2279 2181 2346 Πατήρ

585 2382 706 2433 μου
741 2367 775 2417 ό
814 2362 1092 2430 οὐράνιος
1121 2363 1355 2429 ἐλκύσῃ
1390 2363 1597 2416 αὐτόν.
1643 2362 1803 2425 Ἀλλ’,
1840 2365 1977 2432 ὅπερ
2011 2363 2182 2432 ἔφθην

593 2447 782 2510 εἰπὼν,
814 2442 929 2499 οἶδα
955 2445 1302 2516 προειρηκὼς
1322 2486 1336 2509 ,
1370 2445 1502 2498 ἀλλὰ
1545 2448 1802 2514 συγγενὲς
1831 2450 1894 2517 τῇ
1926 2447 2180 2500 ὑποθέσει

590 2532 652 2584 τὸ
690 2531 879 2600 ῥῆμαο
914 2529 1199 2599 συμϐαίνει
1233 2529 1288 2582 δὲ
1319 2529 1438 2581 τότε
1478 2530 1551 2599 μὴ
1597 2529 1923 2600 ἀκηκοέναι⁹
1965 2531 2057 2583 καὶ
2084 2531 2179 2583 νῦν

590 2615 749 2682 λέγω.
797 2613 1077 2682 Ἐννόησον
1124 2612 1263 2664 πόσα
1311 2613 1428 2664 ἐστὶ
1477 2613 1544 2664 τά
1601 2610 1753 2683 [491]
1822 2614 2130 2684 τετράποδα
2160 2630 2175 2644 ·

589 2698 702 2750 ἀλλ’
727 2697 976 2767 ἐννόησον
1014 2695 1082 2748 τά
1109 2697 1292 2764 ἥμερα
1314 2735 1329 2756 ,
1364 2695 1432 2748 τὰ
1473 2696 1638 2765 ἄγρια
1666 2737 1677 2758 ,
1711 2696 1777 2747 τά
1806 2698 1862 2748 ὲν
1889 2697 2038 2767 ὀρεσι
2062 2737 2075 2758 ,
2110 2697 2177 2749 τά

588 2784 646 2834 ἐν
677 2781 878 2843 πεδίοις
902 2823 914 2840 ,
936 2780 1003 2832 τά
1031 2781 1086 2830 ὲν
1120 2779 1372 2841 Γαλλίαις
1399 2819 1412 2842 ,
1445 2779 1512 2831 τά
1547 2781 1603 2832 ὲν
1638 2780 1795 2850 Ἰνδίᾳ
1815 2819 1829 2839 ,
1855 2782 1922 2834 τὰ
1949 2784 2004 2833 ὲν
2036 2782 2176 2844 ὅλοις

584 2868 696 2927 τοῖς
723 2865 948 2934 κλίμασι
975 2864 1073 2932 τῆς
1096 2863 1418 2930 οἰκουμένης
1439 2877 1451 2888 ·
1485 2863 1643 2913 πάλιν
1667 2863 1893 2931 ἑρπετά,
1924 2865 1989 2915 τά
2018 2866 2171 2933 γένη,

583 2947 653 2998 τά
684 2946 797 3016 εῖδη
824 2986 838 3007 ,
872 2946 938 2998 τά
979 2945 1198 2997 πετεινά
1235 2944 1331 2996 ὅλα
1358 2986 1371 3008 ,
1407 2945 1476 2996 τά
1507 2946 1682 3014 νηκτά
1706 2961 1719 2974 °
1753 2945 1849 2997 ὅλα
1886 2945 1952 2997 τὰ
1985 2947 2042 2998 ὲν
2083 2947 2176 3000 0a-

585 3030 789 3099 λάσσῃ,
843 3028 912 3081 τά
965 3029 1021 3080 ἐν
1065 3027 1282 3096 λίμναις
1305 3068 1320 3089 ,
1352 3027 1417 3079 τά
1453 3029 1509 3079 ὲν
1542 3030 1802 3096 ποταμοῖς
1825 3043 1837 3055 ·
1871 3029 1969 3080 ὅλα
2002 3030 2173 3082 ταῦτα

586 3112 960 3180 παρηγάγετο,
997 3110 1092 3162 καὶ
1122 3110 1336 3178 ἑκάστῳ
1369 3109 1539 3178 ὄνομα
1570 3110 1736 3162 ἐτίθει
1769 3112 1797 3162 ὁ
1840 3111 2045 3180 Ἀδάμ⁸
2079 3114 2174 3165 καὶ

586 3197 615 3246 6
654 3195 784 3257 Θεὸς
813 3197 912 3246 οὑκ
951 3195 1198 3246 ἀντεῖπεν
1225 3233 1238 3256 ,
1280 3192 1393 3245 ἀλλ’
1422 3194 1714 3264 ἐνέμεινεν.
1741 3196 2014 3263 Μυριάδες
2058 3197 2173 3249 ὀνο-

587 3279 792 3348 μάτων,
827 3278 921 3329 καὶ
953 3279 1155 3345 στοιχεῖ
1184 3286 1208 3324 0.
1248 3277 1276 3327 6
1316 3276 1446 3337 Θεός
1473 3294 1484 3305 ·
1517 3276 1574 3328 ἓν
1608 3276 1779 3347 ὄνομα
1814 3277 1958 3345 λέγει
1979 3280 2006 3331 6
2040 3279 2172 3342 Θεὸς

585 3359 878 3433 μαρτυρῶν
906 3361 968 3411 ἐκ
995 3358 1087 3411 τοῦ
1114 3357 1344 3427 ούρανοῦ
1368 3377 1380 3388 ο
1400 3356 1588 3425 Οὗτός
1615 3361 1786 3414 ἐστιν
1813 3365 1845 3413 d
1876 3363 2007 3425 Υἱός
2027 3380 2168 3430 μου.

582 3448 674 3498 καὶ
719 3444 1171 3514 παραγράςονται
1201 3441 1251 3494 οἱ
1289 3443 1555 3512 αἱρετικοὶ
1587 3442 1685 3511 τὴν
1721 3442 1903 3513 φωνὴν
1937 3445 2016 3496 ἑνὶ
2058 3446 2171 3497 ὀνό-

582 3545 713 3598 ματι
749 3525 1166 3599 μαρτυροῦσαν·
1217 3525 1429 3594 ἐκείνην
1463 3525 1560 3594 τὴν
1601 3524 1760 3592 ἀγίαν
1807 3527 1989 3597 φωνην
2013 3570 2027 3592 ,
2071 3528 2168 3598 τὴν

582 3611 751 3681 μυρία
787 3609 1024 3677 ὀνόματα
1068 3607 1367 3677 δεξαμένην
1400 3609 1492 3660 καὶ
1556 3608 1628 3677 μὴ
1678 3611 2160 3678 παραχαράξασαν.

581 3693 932 3764 Προσηνέχθη
965 3692 1033 3744 τά
1066 3691 1181 3754 ζῶα
1228 3692 1320 3744 καὶ
1349 3691 1662 3760 ὠνομάσθη.
1697 3692 1897 3744 Λοιπὸν
1925 3694 2166 3765 εἱστήκει

576 3779 653 3842 ὡς
679 3776 953 3847 βασιλεύς.

647 3862 936 3932 η’.’”Ωσπερ
965 3859 1059 3912 ἐάν
1079 3857 1473 3930 στρατευθῶσι,
1500 3859 1753 3929 σφραγῖδι
1789 3859 2040 3933 βασιλικῇ
2066 3878 2160 3931 ση-

579 3944 888 4015 μειοῦνται·
924 3943 1095 4005 οὑτως
1144 3941 1331 4010 ἐπειδὴ
1370 3941 1593 4011 ἔμελλεν
1651 3943 1800 4012 αὑτῷ
1843 3944 1939 4015 τὴν
1973 3946 2164 3998 δεσπο-

574 4031 723 4083 τείαν
754 4027 1124 4099 παραδιδόναι,
1151 4029 1296 4078 ποιεῖ
1321 4027 1558 4096 ὀνόματα
1586 4027 1754 4080 θεῖναι
1778 4029 1852 4092 ὡς
1873 4030 2158 4098 δεσπότην,

571 4115 812 4183 ὀνόματα
841 4113 948 4181 γάρ
978 4111 1038 4162 οὑ
1075 4110 1288 4178 τίθησιν
1314 4150 1327 4171 ,
1357 4109 1388 4180 ἢ
1417 4110 1692 4180 Δεσπότης
1741 4113 1898 4180 μόνος
1925 4115 2019 4166 καὶ
2047 4116 2155 4168 Πα-

571 4199 695 4265 τήρ.
746 4196 1008 4264 Πρόσεχε.
1039 4194 1158 4246 Τῶν
1192 4194 1472 4262 ὀνομάτων
1499 4193 1534 4246 ἃ
1581 4196 1679 4264 μὲν
1711 4195 1906 4264 ἔθηκεν
1932 4200 1960 4250 6
1992 4199 2122 4262 Θεὸς
2142 4240 2158 4261 ,

569 4280 605 4331 ἀ
632 4281 686 4332 δὲ
716 4281 744 4331 6
784 4279 972 4348 Ἀδάμ.
999 4279 1155 4331 Καὶὸ
1181 4278 1278 4348 μὲν
1301 4278 1431 4340 Θεὸς
1461 4278 1718 4332 ἐκάλεσεν
1751 4282 1997 4350 οὑρανὸν,
2033 4285 2157 4355 γῆν,

571 4363 865 4425 θάλασσαν,
903 4362 1208 4430 στερέωμα,
1248 4362 1487 4430 ἡμέραν,
1522 4362 1635 4429 φῶς
1657 4406 1670 4425 ,
1703 4364 1892 4428 νύκτα,
1925 4367 2155 4438 καρπὸν,

571 4448 823 4517 βοτάνην,
859 4446 1070 4515 χόρτον,
1114 4444 1244 4507 ξύλα
1270 4457 1282 4468 °
1319 4445 1385 4496 τά
1415 4446 1585 4513 κτήνη
1616 4445 1668 4496 δὲ
1703 4449 1796 4497 καὶ
1826 4451 1893 4499 τά
1935 4451 2156 4504 πετεινά

567 4534 595 4583 6
642 4531 809 4598 ’Δδάμ
861 4524 1012 4580 εἶπεν
1042 4544 1053 4556 ·
1087 4526 1304 4584 ταῶνα.
1335 4527 1491 4578 ἀετὸν
1515 4568 1527 4588 ,
1582 4527 1778 4598 μόσχον
1797 4569 1812 4593 ,
1845 4533 2112 4602 πρόϐατον
2137 4549 2152 4562 ο

567 4609 721 4677 οὗτος
749 4614 818 4666 τά
848 4613 960 4680 εἴδη
985 4653 998 4673 ,
1027 4613 1232 4673 ἐκεῖνος
1255 4609 1323 4661 τά
1362 4610 1493 4680 γένη
1514 4654 1528 4674 ,
1565 4612 1649 4663 ἵνα
1685 4614 1760 4683 μὴ
1787 4614 2051 4687 ψεύσηται
2095 4618 2156 4671 τὸ

569 4701 718 4768 ῥῆμα
765 4697 860 4749 τοῦ
917 4697 1163 4757 εἰπόντος
1201 4711 1214 4723 ·
1252 4694 1603 4762 Ποιήσωμεν
1657 4697 1971 4766 ἄνθρωπον
2027 4703 2154 4754 κατ’

564 4781 772 4833 εἰκόνα
805 4778 1008 4847 ἡμετέί
1022 4795 1118 4830 αν.
1171 4779 1231 4830 '0
1263 4778 1394 4840 Θεὸς
1422 4779 1661 4847 ὀνόματα
1694 4781 1874 4851 τίθησι
1902 4786 2015 4847 τοῖς
2043 4803 2155 4853 φω-

567 4868 664 4933 στῆ
676 4882 763 4933 ρσι
785 4881 798 4896 ·
841 4865 936 4932 τὴν
966 4863 1195 4933 ἄρκτον,
1222 4862 1315 4914 τὸν
1357 4861 1574 4931 ὡρίωνα
1595 4903 1609 4920 .
1639 4866 1737 4934 τὴν
1765 4867 1994 4921 πλειάδα
2018 4911 2030 4934 ,
2065 4871 2154 4921 τὸν

563 4947 795 5015 ἕσπερον
820 4990 833 5002 .
865 4948 954 4999 τὸν
998 4946 1303 5017 φωσφόρον.
1335 4945 1521 4998 Ταῦτα
1555 4947 1731 4999 πάντα
1763 4952 1791 5002 ὁ
1840 4951 1972 5014 Θεὸς
2020 4953 2150 5004 ὠνό-

567 5048 757 5099 μασεν.
792 5033 1079 5099 Μαρτυρεῖ
1116 5031 1279 5084 Δαυῖδ
1312 5031 1520 5098 λέγων’
1569 5033 1630 5084 '0
1653 5035 1917 5102 ἀριθμῶν
1947 5038 2150 5106 πλήοη

561 5115 822 5180 ἀστρων,
864 5114 962 5165 καὶ
1002 5113 1191 5167 πᾶσιν
1218 5115 1422 5180 αὐτοῖς
1451 5116 1713 5182 ὀνόματα
1763 5118 1984 5172 καλῶν.
2020 5121 2151 5184 Θεὸς

562 5199 940 5267 ὀνοματοποιεῖ
987 5198 1052 5249 τά
1087 5197 1199 5249 ἅνω
1225 5237 1237 5256 ,
1286 5199 1458 5268 Ἀδάμ
1503 5200 1568 5250 τὰ
1618 5201 1710 5252 ἐπὶ
1742 5202 1842 5271 γῆς
1869 5219 1882 5231 ·
1937 5206 2092 5258 καλεῖ
2123 5209 2150 5258 ὁ

561 5281 694 5345 Θεὸς
718 5281 967 5351 οὑρανὸν,
1000 5279 1125 5349 γῆν.
1155 5280 1333 5332 πάντα
1358 5282 1425 5333 τὰ
1458 5283 1618 5334 ἄλλα·
1647 5286 1800 5337 καλεῖ
1824 5287 1912 5339 τὸν
1956 5289 2147 5359 Ἀδάμ,

564 5363 706 5434 πῦρ,
743 5363 1048 5432 ἄνθρωπον.
1108 5363 1164 5416 ’0
1207 5362 1379 5433 Ἀδὰμ
1431 5367 1483 5416 τί
1533 5365 1722 5431 καλεῖ;
1775 5370 1981 5441 Ὀνομα
2036 5376 2147 5437 τοῖς

563 5449 808 5516 κτήνεσι,
841 5449 950 5508 τοῖς
986 5448 1281 5510 πετεινοῖς,
1318 5449 1427 5510 τοῖς
1460 5449 1708 5518 ἑρπετοῖς
1731 5493 1745 5516 ,
1772 5455 1882 5516 τοῖς
1914 5454 2143 5525 θηρίοις.

633 5530 803 5583 Καλεῖ
836 5529 1003 5600 δνομα
1047 5529 1193 5594 ξένον
1225 5531 1253 5582 6
1295 5530 1464 5598 ’Λδάμ
1489 5573 1501 5593 ,
1529 5532 1719 5586 ὀστοῦν
1759 5538 1933 5604 σάρκα
1959 5580 1971 5602 ,
2021 5541 2148 5610 περὶ

625 5665 651 5692 ⁸
675 5665 785 5712 Sav.
827 5665 1054 5719 εἱστήκει.

622 5724 650 5762 ι’
675 5726 784 5774 Sav.
809 5728 877 5774 ῖσ.
911 5727 1059 5773 λείπει
1096 5727 1276 5787 ἔχουσι.

623 5790 646 5817 ε
679 5789 763 5861 δίε
807 5787 1064 5838 Combeﬂs.
1106 5788 1256 5837 Savil.
1299 5787 1350 5834 in
1377 5793 1517 5836 textu
1561 5791 1797 5851 στοιχεῖα,
1833 5794 1886 5841 in
1921 5795 2141 5858 margine

553 5860 767 5912 στοιχιᾳ.

1998 409 2375 466 SEVIiRlANl

3785 419 3896 474 482

2307 526 2407 594 τῆς
2452 526 2712 593 γυναικὸς
2759 525 2972 594 λέγων’
3015 527 3194 582 Τοῦτο
3247 526 3365 581 νῦν
3413 523 3642 580 ὀστοῦν
3670 524 3741 582 ἐκ
3776 524 3892 580 τῶν

2307 607 2505 661 ὀστῶν
2537 627 2678 677 μου,
2708 611 2804 663 καὶ
2844 611 3002 678 σὰρξ
3033 611 3101 664 ἐκ
3132 611 3244 679 τῆς
3269 611 3496 677 σαρκός
3521 628 3662 678 μου.
3701 609 3761 662 '0
3786 610 3894 680 γὰρ

2306 691 2436 754 Θεὸς
2473 694 2561 745 ὅτε
2617 694 2781 747 αὑτὸν
2816 693 3048 748 ἔπλασεν
3073 736 3088 758 ,
3123 696 3222 746 οὑκ
3252 689 3405 746 εἶπεν
3431 734 3447 757 ,
3495 695 3579 746 ὃτι
3609 694 3668 757 ὲξ
3694 693 3895 745 ὀστέων

2305 776 2467 828 αὑτὸν
2493 775 2692 829 ἔπλασε
2723 778 2814 830 καὶ
2842 778 3064 847 σαρκός.
3098 777 3268 830 Πάλιν
3294 778 3323 829 ὀ
3340 777 3472 838 Θεὸς
3497 777 3667 843 λέγει,
3702 776 3892 847 ἇῤῥενο

2303 851 2457 921 οὗτος
2491 858 2658 926 λέγει,
2694 861 2834 931 ἀνήρ
2863 878 2874 889 ·
2906 863 2934 914 6
2969 860 3102 923 Θεὸς
3123 860 3292 927 λέγει.
3327 859 3459 929 θῆλυ
3486 876 3500 889 °
3526 852 3683 920 οὗτος
3713 858 3891 926 λέγει,

2303 944 2459 1012 γυνή.
2493 943 2600 995 Καὶ
2644 942 2704 995 τὸ
2757 943 3106 1012 θαυμαστὸν,
3144 943 3330 1013 ἐπειδὴ
3375 942 3688 1012 Πνεύματος
3738 941 3893 1008 ἁγίου

2301 1027 2680 1099 ἐπεπλήρωτο,
2711 1027 2806 1082 καὶ
2846 1027 3057 1081 οὐδέπω
3082 1023 3151 1099 ἦν
3188 1027 3442 1098 παραϐάς
3473 1031 3499 1080 6
3525 1027 3708 1089 ἄθλιος
3731 1067 3747 1090 ,

2301 1109 2466 1179 ἔγεμε
2501 1112 2720 1181 χάριτος
2741 1149 2755 1172 ,
2786 1113 2818 1180 η
2854 1112 3184 1182 προφητεία,
3212 1111 3278 1180 ἣν
3307 1107 3498 1162 διεῖλον
3537 1109 3642 1180 πρὸ
3669 1109 3895 1179 ἡμερῶν

2299 1193 2393 1244 ἐπὶ
2431 1196 2527 1263 τῆς
2572 1195 2844 1266 ὑμετέρας
2889 1195 3114 1263 ἀγάπης
3138 1235 3150 1257 ,
3193 1195 3288 1264 ὅλη
3341 1189 3408 1265 ἦν
3443 1195 3500 1245 ἐν
3533 1193 3704 1262 αὑτῷ.
3739 1193 3894 1264 ’ῌδει

2298 1276 2408 1347 γάρ
2433 1277 2503 1329 τά
2529 1277 2870 1348 προλαϐόντα
2895 1319 2909 1338 ,
2942 1278 3060 1348 ᾔδει
3091 1279 3159 1331 τὰ
3207 1278 3502 1338 ἐνεστῶτα,
3539 1277 3634 1330 καὶ
3666 1276 3736 1328 τὰ
3765 1276 3893 1346 μέλ-

2297 1358 2473 1412 λοντα.
2521 1361 2646 1424 Πῶς
2693 1359 2762 1414 τά
2813 1361 3056 1430 παρόντα
3104 1362 3255 1431 ᾗδει;
3298 1361 3385 1413 Ἐν
3427 1359 3640 1430 σώματι
3696 1357 3894 1425 ῐξωθεν

2297 1444 2480 1497 ὀστέον
2515 1446 2574 1497 οὑ
2605 1446 2855 1513 φαίνεται
2879 1463 2892 1475 ⁸
2930 1445 3042 1498 ἀλλ’
3073 1445 3262 1514 ἐπειδὴ
3290 1445 3351 1498 τὸ
3382 1445 3607 1514 Πνεῦμα
3635 1437 3772 1512 εἶχε.
3807 1443 3895 1496 λέ-

2297 1545 2382 1593 γει
2407 1543 2419 1555 ο
2465 1529 2644 1582 Τοῦτο
2666 1529 2782 1581 νῦν
2809 1529 3037 1582 ὀστοῦν
3069 1530 3138 1583 ἐκ
3177 1528 3295 1582 τῶν
3333 1531 3532 1585 ὀστῶν
3551 1545 3693 1597 μου.
3719 1526 3891 1580 Πόθεν

2295 1611 2434 1680 ⁴ᾔδει,
2485 1612 2534 1663 εί
2571 1611 2647 1683 μὴ
2676 1612 2901 1682 Πνεῦμα
2955 1611 3108 1681 ἅγιον
3161 1611 3554 1681 ἀπεκάλυψενς
3593 1611 3748 1662 Διατί
3797 1606 3892 1664 οὖν

2296 1695 2511 1764 πρῶτον
2533 1695 2746 1760 ὀστοῦν,
2766 1697 2862 1749 καὶ
2895 1696 3015 1748 τότε
3049 1698 3212 1766 σάρξ;
3241 1696 3459 1765 Ἐπειδὴ
3481 1695 3698 1766 πρῶτον
3727 1693 3894 1746 πλευ-

2297 1780 2397 1850 ράν
2421 1780 2612 1834 ἐλαϐεν
2652 1780 2712 1844 ἐξ
2742 1780 2931 1834 αὑτοῦ.
2972 1781 3135 1846 Αὕτη
3157 1821 3170 1843 ,
3206 1781 3361 1850 φησὶ,
3393 1779 3761 1846 κληθήσεται
3790 1795 3893 1846 γυ-

2294 1862 2391 1930 νὴ,
2426 1863 2516 1916 ὅτι
2552 1863 2621 1917 ἐκ
2650 1861 2759 1916 τοῦ
2797 1863 3018 1930 ἀνδρὸς
3047 1863 3240 1931 αὐτῆς
3271 1863 3506 1931 ἐλήφθη
3547 1862 3724 1927 αὕτη.
3757 1862 3891 1930 Προ-

2295 1945 2517 2014 φητεύει
2549 1946 2617 1998 τά
2647 1946 3010 2016 προλαϐόντα,
3047 1943 3167 1998 εἷπε
3196 1946 3264 1998 τά
3305 1945 3550 2016 παρόντα
3581 1960 3595 1973 ο
3635 1945 3785 2011 λέγει
3822 1944 3892 1996 τά

2297 2029 2558 2098 μέλλοντα
2583 2046 2596 2057 ·
2643 2029 2793 2082 Ἀντί
2827 2027 2982 2099 [692]
3022 2030 3238 2082 τούτου
3267 2031 3620 2095 καταλείψει
3660 2028 3889 2094 ἄνθρω-

2293 2127 2407 2176 πος
2452 2110 2559 2162 τὸν
2585 2111 2813 2177 πατέρα
2851 2111 3038 2164 αὐτοῦ
3085 2113 3182 2164 καὶ
3235 2111 3349 2179 τὴν
3378 2112 3627 2180 μητέρα.
3663 2110 3890 2163 Οὐδέπω

2291 2193 2470 2260 γάμος
2493 2233 2507 2253 ,
2541 2195 2634 2246 καὶ
2667 2193 2833 2245 πόθεν
2868 2196 3051 2263 πατὴρ
3091 2195 3185 2246 καὶ
3219 2196 3444 2264 μήτηρ;
3485 2194 3648 2246 πάλιν
3691 2193 3886 2246 ἀκουέ-

2290 2293 2470 2329 τωσαν
2496 2275 2782 2346 αἱρετικοί.
2818 2277 3111 2345 ’Πθέλησεν
3139 2279 3167 2329 6
3192 2277 3322 2339 Θεὸς
3355 2276 3579 2344 ποιῆσαι
3612 2277 3690 2346 τῷ
3717 2275 3890 2344 Ἀδάμ

2288 2357 2389 2428 τὴν
2413 2361 2669 2424 γυναῖκα.
2717 2358 3046 2411 Ἐπέϐαλεν
3075 2360 3373 2412 ἔκστασιν
3396 2359 3492 2411 ἐπὶ
3521 2359 3631 2411 τὸν
3679 2358 3885 2426 Ἀδὰμ,

2289 2441 2386 2492 καὶ
2452 2441 2757 2494 ὕπνωσεν.
2820 2441 2936 2492 Πάν
3003 2441 3153 2510 ῥῆμα
3210 2441 3345 2494 Θεοῦ
3418 2443 3646 2512 ἀρχαῖον
3705 2441 3887 2494 κακῶν

2289 2525 2509 2590 ἐγένετο
2559 2525 2654 2592 τῆς
2695 2523 2930 2592 φύσεως.
2979 2525 3326 2578 Ἐπαίδευσεν
3360 2526 3469 2578 ἀπὸ
3505 2525 3599 2578 τοῦ
3641 2524 3883 2595 πρώτου,

2289 2607 2406 2670 πῶς
2438 2608 2518 2659 δεῖ
2545 2608 2977 2679 ἀπομερίζεσθαι
3035 2609 3143 2662 ἀπὸ
3188 2609 3282 2662 τοῦ
3329 2608 3619 2682 ἀνθρώπου
3659 2610 3718 2662 τὸ
3749 2610 3886 2663 πλά-

2289 2707 2419 2760 σμα.
2463 2691 2794 2744 Ἐπέϐαλεν
2846 2695 2878 2745 ὀ
2935 2691 3078 2757 Θεὸς
3131 2689 3210 2756 τῷ
3255 2692 3439 2761 Ἀδὰμ
3480 2693 3698 2745 ὕπνον.
3736 2691 3881 2745 Θαυ-

2287 2773 2496 2842 μαστὸν
2543 2776 2795 2844 πρᾶγμα.
2833 2775 2936 2827 Τὸν
2987 2775 3178 2846 καιρὸν
3211 2775 3387 2843 λέγει,
3438 2776 3561 2829 καθ’
3609 2774 3668 2826 ὃν
3719 2776 3747 2827 6
3783 2777 3882 2842 γά-

2287 2874 2404 2925 μος.
2443 2857 2650 2919 ’Ύπνος
2686 2857 2944 2920 ἔκστασις
2989 2858 3245 2926 λέγεται,
3304 2860 3492 2930 ἐπειδὴ
3525 2859 3716 2930 ῶσπερ
3778 2858 3881 2922 ἔξω

2283 2937 2476 2990 ἑαυτοῦ
2516 2941 2706 3008 στήκει
2757 2941 2785 2991 ὁ
2833 2941 3138 3010 ἄνθρωπος.
3178 2942 3389 3012 Ἔσωή
3434 2943 3577 3012 ψυχὴ
3603 2983 3617 3005 ,
3656 2943 3749 2995 καὶ
3780 2944 3881 2994 οὑκ

2282 3020 2390 3072 ἔσω
2428 3021 2596 3072 ἐστίν.
2629 3022 2744 3074 υὺκ
2772 3021 3088 3075 αἰσθάνεται
3117 3062 3130 3085 ,
3175 3024 3236 3076 οὑ
3291 3027 3433 3085 νοεῖ,
3475 3024 3748 3078 ἀκούουσα
3780 3026 3880 3078 οὑκ

2281 3105 2487 3158 ἀκούει.
2499 3107 2709 3177 Ὥσπερ
2729 3111 2969 3179 σήμερον
2993 3109 3242 3178 λέγομεν’
3275 3107 3563 3163 Ἐκστάσει
3585 3111 3876 3180 ἐχρήσατο,

2280 3187 2385 3253 ἔξω
2418 3188 2525 3239 τῶν
2553 3191 2895 3259 πραγμάτων
2923 3192 3213 3261 γενόμενος
3241 3210 3253 3221 ·
3285 3192 3458 3256 οὑτως
3481 3195 3512 3263 ἡ
3541 3193 3688 3263 ψυχὴ
3709 3235 3724 3258 ,
3749 3196 3877 3247 ὅταν

2280 3272 2384 3335 ἔξω
2414 3273 2639 3343 γένηται
2679 3275 2786 3328 τῶν
2824 3277 3130 3346 αἰσθήσεων
3154 3319 3168 3340 ,
3203 3279 3259 3329 ἐν
3299 3277 3554 3330 ἐκστάσει
3591 3278 3726 3330 ἐστί.
3765 3280 3874 3331 Καὶ

2280 3355 2546 3418 ὕπνωσε,
2575 3359 2728 3427 φησι,
2764 3360 2860 3411 καὶ
2894 3360 3112 3412 ἐλαϐεν
3135 3363 3167 3414 ό
3187 3361 3330 3424 Θεὸς
3355 3364 3503 3429 μίαν
3531 3360 3650 3414 τῶν
3682 3366 3870 3416 πλευ-

2270 3438 2399 3505 ρῶν
2450 3440 2658 3493 αὐτοῦ.
2714 3442 3146 3511 Ἐρωτάσθωσαν
3188 3445 3455 3514 αίρετικοὶ
3501 3445 3674 3496 ταῦτα
3700 3461 3714 3476 υ
3755 3446 3873 3508 πῶς

2277 3522 2468 3576 ἔλαϐεν
2497 3527 2523 3576 6
2549 3525 2710 3588 956;;
2746 3525 2862 3587 πῶς
2883 3527 2981 3576 οὑκ
3017 3526 3254 3596 ἤλγησεν
3301 3529 3329 3579 ὁ
3385 3527 3590 3597 Ἀδάμ;
3626 3529 3741 3591 πῶς
3772 3531 3871 3581 οὑκ

2277 3605 2522 3675 ὡδυνήθη
2549 3622 2561 3669 ;
2591 3606 2704 3658 Μία
2737 3605 2857 3675 θρὶξ
2883 3609 3196 3661 ἀποσπᾶται
3228 3610 3336 3661 ἀπὸ
3359 3611 3452 3663 τοῦ
3477 3611 3746 3681 σώματος,
3776 3614 3873 3665 καὶ

2275 3688 2615 3757 δδυνώμεθα·
2656 3688 2760 3741 κᾶν
2793 3689 2977 3742 ὑπνῶν
3022 3689 3165 3765 τιςῇ
3209 3695 3288 3754 εἰς
3319 3693 3387 3746 τὰ
3429 3693 3588 3762 βάθη,
3631 3695 3736 3747 ὑπὸ
3771 3696 3869 3765 τῆς

2275 3772 2464 3842 ὀδύνης
2498 3772 2846 3836 ἐξυπνίζεται
2879 3775 2908 3826 ὀ
2939 3775 3219 3828 καθεύδων
3241 3792 3256 3807 ο
3288 3777 3541 3831 τοσοῦτον
3577 3779 3735 3848 μέλος
3772 3781 3872 3830 ἐπ-

2275 3857 2489 3925 αίρεται
2514 3897 2526 3916 ,
2566 3857 2802 3927 τοσαύτη
2842 3858 3053 3928 πλευρά
3098 3861 3466 3930 σπαράττεται
3487 3903 3501 3924 ,
3532 3863 3625 3914 καὶ
3657 3864 3756 3915 οὑκ
3784 3864 3870 3928 ἐξ-

2275 3939 2554 4002 υπνίζεται
2577 3943 2604 3992 6
2628 3941 2936 4005 καθεύδων;
2967 3943 3079 3996 υὺκ
3111 3945 3430 3996 ἀπέσπασεν
3453 3946 3620 4016 αὑτὴν
3641 3946 3753 4014 βία.
3781 3949 3869 4000 ἵνα

2273 4023 2588 4093 ἐξυπνισθῇ,
2611 4025 2710 4077 οὑκ
2737 4026 3157 4095 ἀπεσπάραξεν·
3187 4028 3322 4080 ἀλλὰ
3356 4028 3582 4082 θέλουσα
3611 4031 3642 4096 ἠ
3674 4030 3866 4100 Γραφὴ

2271 4106 2330 4158 τὸ
2371 4107 2634 4176 σύντομον
2680 4108 2850 4173 δεῖξαι
2910 4110 3003 4162 τοῦ
3047 4113 3328 4180 τεχνίτου,
3371 4112 3538 4180 λέγει,
3582 4115 3862 4170 Ἔλαϐεν.

2288 4190 2591 4259 Ἐλύθησαν
2621 4193 2670 4244 οἱ
2702 4193 2889 4262 ἀρμοὶ,
2925 4195 3018 4246 καὶ
3051 4195 3151 4246 οὑκ
3175 4195 3406 4263 ᾔσθετος

2341 4273 2616 4328 θ’.”Ελαϐε
2632 4275 2732 4345 τὴν
2751 4275 3014 4346 πλευρὰν,
3042 4277 3232 4347 ὥσπερ
3251 4277 3406 4331 ἔλαϐε
3424 4278 3514 4331 τὸν
3532 4279 3679 4348 χοῦν.
3705 4280 3766 4331 Εἰ
3795 4274 3863 4348 ἦν

2267 4357 2425 4420 ἄλλος
2444 4360 2482 4410 ὀ
2513 4360 2782 4428 ἁρμόσας,
2813 4361 2906 4412 καὶ
2939 4360 3096 4423 ἄλλος
3126 4364 3154 4414 6
3174 4361 3363 4424 λύσας,
3399 4362 3547 4431 μάχη
3585 4357 3683 4431 ἦν·
3722 4364 3772 4415 εί
3803 4363 3861 4415 δὲ

2265 4442 2293 4492 6
2317 4441 2483 4509 δήσας
2506 4442 2713 4505 ἔλυσεν,
2738 4441 2909 4512 ἡδέως
2931 4460 3048 4504 πως
3075 4443 3284 4497 ἔλυσεν.
3305 4445 3520 4496 Ἕλαϐε
3540 4443 3653 4509 τὴν
3673 4448 3861 4498 πλευ-

2257 4523 2397 4590 ρὰν,
2438 4524 2536 4575 καὶ
2583 4525 2983 4590 ἀνεπλήρωσε
3029 4525 3230 4593 σάρκα
3258 4527 3388 4579 ἀντ’
3430 4525 3636 4593 αὐτῆς.
3690 4528 3861 4580 Πόθεν

2262 4604 2650 4674 ἀνεπλήρωσεν
2671 4624 2684 4667 ;
2723 4609 2786 4658 ὲκ
2806 4606 2900 4658 τοῦ
2922 4608 3082 4659 ἄλλου
3111 4608 3364 4678 σώματος
3387 4610 3669 4674 εἶλκυσεν;
3699 4611 3857 4664 Ἀλλά

2263 4691 2372 4741 πᾶν
2405 4689 2566 4757 σῶμα
2591 4690 2905 4758 ἑλκόμενον,
2938 4690 3264 4762 λεπτότερον
3297 4694 3524 4760 γίνεται.
3569 4694 3690 4756 Πῶς
3727 4695 3858 4746 ἀνε-

2263 4772 2586 4843 πλήρωσεν;
2641 4775 2753 4826 Καὶ
2819 4777 2946 4846 περὶ
3012 4775 3262 4844 σώματος
3311 4777 3611 4846 λαλοῦμεν,
3651 4779 3744 4829 καὶ
3795 4780 3856 4831 οὑ

2262 4856 2525 4923 νοοῦμεν·
2569 4858 2698 4926 περὶ⁵
2737 4856 2872 4909 Θεοῦ
2909 4858 3200 4928 λαλοῦμεν,
3233 4859 3326 4910 καὶ
3362 4859 3853 4928 πολυπραγμονοῦ-

2265 4954 2397 5005 μεν;
2425 4939 2542 4990 ’Καὶ
2578 4939 2968 5007 ᾠκοδόμησεν
2995 4945 3027 4994 ὀ
3059 4943 3270 5009 Κύριος
3301 4943 3415 5007 τὴν
3449 4944 3741 5010 πλευρὰνν
3774 4943 3854 5011 ἦν

2261 5021 2479 5072 ἐλαϐεν
2518 5021 2637 5075 ἀπὸ
2677 5023 2785 5077 τοῦ
2817 5024 3010 5092 Ἀδὰμ,
3034 5028 3120 5090 εἰς
3150 5030 3419 5093 γυναῖκα.
3457 5027 3625 5080 Πόθεν
3653 5028 3853 5097 ὀφθαλ-

2263 5108 2352 5174 μοὶ
2387 5104 2494 5156 ἀπὸ
2541 5104 2782 5176 πλευρᾶς
2817 5108 3133 5174 ἐπάγησαν;
3183 5108 3347 5161 πόθεν
3401 5110 3596 5180 καρδία
3642 5111 3850 5176 λογιζο-

2263 5186 2434 5256 μένης
2467 5188 2629 5240 πόθεν
2663 5189 2877 5254 γλῶττα
2914 5189 3294 5261 φθεγγομένη;
3333 5192 3450 5256 πῶς
3485 5194 3699 5264 διετάθη
3739 5197 3848 5247 ἀπὸ

2261 5271 2499 5340 πλευράς
2530 5271 2776 5339 ἕντερονς
2819 5273 2932 5334 πῶς
2977 5274 3194 5340 ἐγένετο
3232 5276 3338 5328 ἀπὸ
3379 5277 3619 5347 πλευράς
3653 5278 3842 5349 ἐπαρς

2257 5353 2442 5406 Ταῦτα
2485 5354 2599 5414 πῶς
2624 5354 2841 5421 ἐγένετο
2875 5357 2974 5408 οὑκ
3009 5357 3214 5427 ἰσχύεις
3247 5360 3596 5422 καταλαϐεῖν,
3633 5362 3724 5414 καὶ
3752 5363 3844 5414 τὸν

2255 5437 2503 5506 τεχνίτην
2535 5436 3043 5507 πολυπραγμονεῖς;
3077 5441 3238 5493 Ἀλλά
3264 5442 3364 5512 τὴν
3396 5443 3578 5495 εἰκόνα
3605 5444 3842 5514 Χριστοῦ

2258 5518 2418 5587 βλέπε
2453 5520 2746 5590 πανταχοῦ.
2781 5523 2856 5573 Οὑ
2898 5524 3162 5594 πρότερον
3197 5525 3385 5578 ἔλαϐεν
3414 5529 3441 5580 6
3462 5528 3590 5588 Θεὸς
3615 5528 3723 5580 ἀπὸ
3748 5528 3842 5582 τοῦ

2268 5602 2436 5671 Ἀδάμ
2466 5602 2562 5670 τὴν
2595 5605 2855 5675 πλευράν,
2887 5606 2990 5669 ἕως
3033 5609 3121 5660 ὅτε
3171 5608 3338 5662 ὕπνον
3377 5609 3520 5676 αὐτῷ
3567 5609 3839 5665 ἐνέϐαλεν.

2254 5686 2438 5746 Διατίς
2475 5685 2608 5738 Ἀπὸ
2645 5688 2885 5760 πλευράς
2920 5693 2950 5760 ἡ
2989 5692 3229 5762 ἁμαρτία
3273 5693 3462 5762 ἔμελλε
3505 5694 3772 5759 γίνεσθαι,
3806 5697 3839 5769 ἡ

2252 5771 2338 5822 διά
2383 5771 2479 5839 τῆς
2533 5775 2791 5838 γυναικὸς
2820 5777 3158 5832 εἰσελθοῦσα.
3193 5774 3393 5830 Ἦλθεν
3435 5779 3462 5830 6
3493 5779 3684 5848 Σωτὴρ
3730 5780 3840 5833 ἀπὸ

2257 5853 2494 5922 πλευρᾶς
2522 5854 2702 5925 φέρων
2731 5855 2874 5928 ὕδωρ
2921 5863 3014 5914 καὶ
3057 5857 3216 5931 αἷμα,
3249 5861 3390 5934 ὕδωρ
3429 5861 3738 5916 ἀποπλύνον
3771 5864 3840 5920 τὰ
