4102 6520
260 473 369 525 481

252 585 568 654 ῃτωιίηἰεδο,
602 585 714 639 ait:
745 583 812 637 Et
840 598 986 637 onme
1020 583 1154 652 quod
1197 583 1387 635 vocavit
1415 582 1598 643 Adam,
1640 580 1731 631 hoc
1777 585 1847 628 est

252 690 434 728 nomen
465 676 610 746 ejus;
650 688 710 727 ac
753 674 793 726 si
834 672 994 736 dicat,
1045 672 1368 725 Prmliuitum
1412 680 1544 733 erat,
1580 671 1679 723 hoc
1711 668 1851 722 Deus

249 766 584 821 decreverat.

321 857 512 915 Contra
555 857 794 912 Ariauos.
822 885 892 894 —
916 857 1113 910 Verum
1143 856 1209 909 ad
1248 856 1574 925 propositum
1613 860 1852 908 reverta-

250 966 392 1005 mur.
423 952 540 1004 Stat
578 950 770 1011 Adam,
813 960 868 1004 et
895 950 1032 1002 Deus
1075 947 1291 1001 adducit
1327 947 1402 1000 illi
1431 946 1701 1009 animalia,
1749 960 1850 999 nec

248 1043 501 1097 dedecori
532 1051 612 1095 est
643 1042 888 1106 Domino,
917 1039 1056 1109 quod
1086 1038 1315 1093 adducat
1344 1038 1410 1091 ad
1441 1053 1673 1092 servum.
1708 1036 1774 1089 Et
1805 1037 1847 1089 si

246 1138 467 1190 audiam
498 1136 757 1198 hazretici,
791 1134 1063 1189 Christum
1096 1148 1192 1186 nos
1220 1131 1484 1185 adducere
1510 1130 1575 1183 ad
1605 1130 1844 1190 Patrem,

247 1228 427 1280 statim
472 1227 700 1280 dicunt:
734 1224 918 1279 Viden'
963 1224 1110 1276 illum
1157 1238 1277 1277 esse
1323 1222 1578 1276 servum?
1623 1220 1848 1273 Adduxit

246 1319 340 1373 illa
368 1321 435 1372 ad
464 1319 648 1372 Adam.
680 1317 864 1372 Stabat
890 1332 1074 1369 servus
1099 1314 1364 1382 judicans,
1393 1323 1447 1368 et
1476 1313 1729 1365 Dominus
1755 1312 1849 1364 ad-

249 1412 474 1467 ducens.
502 1413 576 1466 Ac
600 1412 738 1465 Deus
759 1410 972 1478 quidem
1001 1408 1205 1462 Adamo
1230 1408 1501 1462 adducens
1528 1422 1632 1460 non
1658 1406 1844 1475 injuria

243 1504 613 1561 afﬁciebatur:
644 1503 912 1556 Christum
937 1516 1064 1555 vero
1091 1501 1133 1554 si
1156 1500 1374 1553 audiant
1401 1499 1633 1553 bzerctici
1656 1498 1721 1552 ad
1748 1498 1846 1551 Pa-

250 1606 389 1651 trem
424 1597 708 1660 adducere,
741 1596 917 1648 statim
948 1594 997 1647 in
1040 1593 1268 1647 ministri
1295 1601 1349 1647 et
1390 1590 1570 1645 famuli
1602 1590 1843 1644 ordinem

244 1690 483 1742 trahunt.
514 1687 569 1742 Si
609 1688 752 1740 dicat
784 1685 1055 1748 Servatur,
1104 1683 1269 1737 Nemo
1315 1685 1446 1736 venit
1498 1683 1566 1735 ad
1616 1681 1841 1747 Patrem,

241 1782 345 1835 nisi
377 1798 464 1849 per
494 1797 571 1833 me
609 1779 784 1849 (Ioan.
831 1779 915 1832 M.
948 1778 1003 1846 6)
1050 1795 1063 1831 :
1096 1776 1274 1831 statim
1322 1775 1556 1830 lueretici
1598 1778 1841 1839 arrecti~,

242 1872 356 1927 imo
402 1872 665 1941 perversis
710 1878 854 1924 stant
891 1868 1128 1922 auribus.
1161 1866 1444 1921 Adducens
1482 1866 1545 1919 ad
1580 1865 1842 1919 Adamum

240 1964 495 2017 animalia
544 1963 699 2024 Deus,
740 1976 842 2015 non
876 1970 954 2014 cst
994 1959 1108 2027 ejus
1155 1959 1429 2021 minister;
1480 1957 1749 2010 hominem
1799 1956 1842 2009 si

245 2056 387 2109 Deus
418 2056 524 2110 Deo
553 2056 760 2116 oli‘erat,
793 2054 1018 2108 ministri
1053 2052 1211 2106 habet
1240 2051 1523 2106 ordinem?
1564 2050 1638 2104 Ne
1664 2060 1840 2103 autem

218 2126 489 2201 hmorbum
520 2158 665 2201 tuum
697 2148 805 2199 alat
832 2147 1117 2199 verborum
1149 2145 1478 2213 ignorantia;
1510 2159 1608 2212 ego
1634 2144 1746 2197 scio
1790 2151 1843 2197 et

240 2239 437 2293 Filium
468 2240 662 2294 oll‘erre
697 2238 857 2302 Patri,
888 2247 938 2292 et
974 2238 1185 2291 Patrem
1222 2237 1376 2291 Filio.
1411 2236 1539 2289 Cum
1570 2237 1793 2289 dixisset
1824 2253 1836 2289 :

239 2329 408 2384 Nemo
430 2332 557 2384 venit
578 2331 645 2383 ad
672 2331 895 2392 Patrem,
922 2330 1020 2383 nisi
1043 2347 1129 2395 per
1150 2347 1229 2381 me
1260 2327 1436 2397 (Joun.
1470 2328 1520 2381 6.
1548 2329 1638 2395 44)
1661 2345 1674 2391 ;
1699 2328 1838 2381 idem

239 2438 426 2476 rursus
468 2425 582 2476 ait:
620 2421 785 2474 Nemo
828 2424 956 2475 venit
992 2423 1059 2473 ad
1100 2439 1198 2486 me,
1250 2422 1346 2473 nisi
1382 2421 1539 2474 Pater
1568 2439 1705 2474 meus
1742 2436 1843 2474 ca:-

236 2516 377 2567 lestis
404 2516 610 2568 traxerit
631 2532 760 2567 eum.
786 2515 888 2569 Sed
912 2515 1050 2583 quod
1070 2515 1177 2582 jam
1208 2524 1331 2569 aute
1360 2531 1443 2568 mc
1470 2515 1669 2568 dixisse
1697 2515 1836 2579 scio;

234 2623 424 2661 verum
450 2607 549 2661 hoc
577 2608 641 2659 ad
668 2624 778 2661 rem
798 2608 905 2674 jam
930 2609 1151 2677 quadrat
1176 2626 1187 2660 :
1212 2608 1471 2677 contingit
1497 2617 1672 2661 autem
1698 2622 1840 2675 srcpe

236 2707 293 2750 ut
319 2714 426 2750 non
454 2698 717 2761 audiatur,
744 2709 793 2751 et
821 2713 957 2751 nunc
988 2700 1146 2752 etiam
1174 2698 1313 2752 dico.
1345 2698 1529 2767 Cogita
1560 2707 1689 2767 quot
1716 2707 1840 2751 sunt

233 2788 647 2857 quadrupedes;
692 2789 783 2843 sed
817 2798 988 2843 tecum
1032 2797 1213 2857 reputa
1243 2806 1361 2858 quin
1392 2791 1496 2843 sint
1537 2799 1835 2854 mansueta,

231 2898 354 2945 utne
387 2881 517 2943 fera,
559 2896 675 2949 quae
706 2882 755 2933 in
798 2882 1085 2942 montibus,
1119 2898 1235 2949 qua:
1279 2883 1330 2935 in
1364 2883 1599 2949 planitie,
1632 2898 1751 2951 quze
1784 2884 1835 2936 in

232 2970 444 3034 Galliis,
478 2987 597 3040 qua:
626 2973 675 3024 iu
707 2972 873 3032 India,
911 2988 1027 3039 qum
1058 2972 1108 3024 in
1140 2973 1388 3025 omnibus
1433 2973 1577 3026 orbis
1608 2974 1836 3027 climati-

229 3064 332 3118 bus
366 3082 377 3115 :
410 3079 621 3118 rursum
655 3065 891 3134 reptilia;
917 3080 1101 3118 eorum
1131 3081 1324 3135 genera
1354 3076 1405 3120 et
1430 3068 1657 3135 species,
1692 3067 1839 3121 vola-

231 3154 345 3208 tilia
374 3155 577 3219 omnia,
608 3156 883 3220 natatilia;
917 3170 1267 3225 quaecumque
1294 3166 1419 3211 sunt
1448 3158 1496 3210 in
1532 3158 1685 3223 mari,
1715 3173 1834 3227 qua:

230 3246 282 3300 in
317 3248 543 3316 stagnis,
573 3264 691 3318 quae
723 3249 774 3300 in
807 3248 981 3301 ﬂuviis
1016 3267 1029 3302 :
1062 3248 1175 3302 haec
1201 3251 1377 3303 omnia
1411 3250 1833 3314 adducebantur,

228 3346 285 3390 et
330 3338 557 3407 si:.gulis
606 3339 817 3391 nomina
862 3340 1170 3407 imponebat
1214 3341 1402 3405 Adam,
1436 3342 1681 3411 Deosque
1728 3358 1832 3396 nou

227 3430 652 3495 coutradiccbat,
704 3431 796 3484 sed
845 3432 1234 3499 acquiescebat.
1284 3433 1560 3487 lnnumera
1618 3436 1832 3488 nomina

225 3532 375 3586 sunt,
402 3522 591 3592 hisque
613 3523 899 3592 acquiescit
925 3523 1065 3578 Deus
1089 3540 1102 3578 :
1131 3540 1292 3578 unum
1319 3542 1511 3580 nomen
1540 3527 1665 3580 dicit
1695 3529 1834 3582 Deus

226 3629 289 3667 ex
341 3613 479 3667 cado
510 3614 831 3669 testificaris:
874 3612 974 3668 llic
1022 3625 1094 3668 est
1138 3615 1306 3670 Filius
1350 3634 1488 3671 meus
1529 3618 1744 3685 (Matth.
1777 3620 1830 3673 5.

225 3705 317 3773 l7)
357 3724 367 3758 :
401 3716 456 3759 et
487 3705 622 3759 hanc
652 3721 835 3760 vocem
871 3722 1031 3775 prave
1060 3707 1379 3778 detorquent
1416 3709 1671 3771 baaretici,
1714 3726 1832 3780 qua:

226 3798 316 3850 uni
353 3805 560 3850 tantum
609 3799 808 3851 nomini
843 3800 1202 3853 testimonium
1240 3802 1442 3869 pra-bet
1474 3820 1486 3854 :
1520 3803 1664 3857 illam
1704 3820 1832 3858 san-

224 3899 368 3943 ctam
397 3904 608 3951 vocem,
633 3906 751 3958 qum
775 3891 1052 3945 innumera
1078 3896 1314 3962 suscepit
1346 3896 1563 3948 nomina
1598 3899 1832 3951 nullum-

221 3995 328 4050 que
361 3980 585 4035 delevit.
616 3981 857 4036 Adducta
887 3992 1010 4035 sunt
1040 3984 1312 4047 animalia,
1344 3993 1399 4039 et
1424 3986 1637 4041 nomina
1679 4004 1834 4043 accc-

224 4084 445 4141 perunt.
473 4073 590 4126 Jam
620 4073 712 4127 ille
741 4076 915 4127 stabat
945 4084 1001 4127 ut
1033 4092 1145 4129 rex.

292 4165 347 4217 8.
383 4163 843 4229 Quemadmodum
866 4182 985 4220 cum
1010 4170 1205 4220 milites
1225 4170 1656 4235 conscrilmntur,
1683 4173 1832 4243 regio

219 4256 507 4326 signaculo
538 4264 790 4310 notantur
818 4275 830 4309 :
864 4258 942 4310 sic
986 4259 1106 4326 quia
1138 4258 1370 4314 debebat
1416 4262 1486 4314 illi
1534 4264 1828 4316 dominium

220 4348 467 4411 tradere,
494 4347 542 4401 id
569 4345 733 4402 efficit
755 4357 810 4401 ut
838 4348 1050 4401 nomina
1082 4350 1316 4419 imponat
1343 4362 1398 4405 ut
1423 4353 1671 4407 dominus
1698 4373 1710 4407 :
1738 4372 1833 4408 uo-

216 4441 363 4493 mina
411 4438 613 4508 quippe
641 4439 852 4493 nonnisi
883 4440 1137 4494 Dominus
1182 4442 1404 4510 imponit
1441 4453 1494 4497 et
1525 4444 1698 4498 Pater.
1737 4449 1831 4499 At-

216 4533 404 4587 tende.
452 4530 676 4585 Nomina
717 4533 817 4585 alia
852 4532 1107 4601 imposuit
1139 4534 1297 4598 Deus,
1330 4536 1432 4588 alia
1467 4536 1655 4590 Adam.
1690 4539 1829 4592 Deus

215 4625 434 4679 vocavit
479 4623 690 4685 cachm,
727 4633 946 4685 terram,
991 4640 1158 4688 mare,
1214 4625 1629 4693 ﬁrmamentum,
1660 4629 1824 4695 diem,

216 4718 420 4781 lucem,
449 4727 685 4781 noctem,
720 4715 970 4781 fructum,
1001 4716 1241 4780 herbam,
1278 4718 1500 4784 fumum,
1532 4720 1669 4791 ligna
1697 4738 1711 4785 ;
1747 4736 1830 4791 pe-

213 4826 341 4863 Cum
373 4816 557 4861 autem
582 4816 635 4860 et
663 4807 891 4860 volatilia
920 4806 1087 4860 Adam
1112 4810 1341 4869 vocavit,
1376 4824 1663 4877 pavonem,
1688 4812 1830 4879 aqui-

216 4902 344 4966 lam,
373 4898 627 4963 vitulum,
660 4914 812 4952 ovem
845 4917 856 4951 ε
888 4897 972 4951 hie
998 4899 1225 4964 species,
1263 4900 1368 4953 illic
1393 4916 1611 4970 genera,
1640 4919 1705 4956 ne
1730 4903 1826 4956 fal-

210 5010 330 5046 sum
355 4990 857 5061 deprehenderetur
878 4989 980 5045 hoc
1006 4992 1203 5045 dictmn
1234 5009 1245 5044 :
1279 4992 1552 5047 Faciamus
1574 4994 1825 5049 hominem

211 5086 279 5136 ad
310 5085 590 5151 imaqinem
620 5093 845 5135 nostram
878 5082 1026 5150 (Gen.
1065 5085 1113 5137 1.
1148 5084 1263 5153 ςὶϐ).
1300 5085 1439 5138 Deus
1482 5089 1694 5140 nomina
1728 5089 1826 5141 im-

216 5179 367 5243 ponit
398 5173 777 5236 luminaribus,
814 5172 1024 5238 Ursam,
1058 5174 1350 5240 Orionem,
1386 5177 1687 5242 Pleiadem,
1726 5179 1825 5232 Ve-

212 5284 433 5333 sperum
464 5309 478 5331 ,
522 5266 847 5321 Luciferum.
904 5266 1027 5321 Haec
1081 5270 1257 5321 omnia
1315 5270 1454 5324 Deus
1507 5272 1817 5325 nominavit.

212 5364 392 5418 Testis
432 5372 520 5418 est
564 5361 727 5416 David
766 5360 952 5414 dicens
991 5377 1005 5415 :
1041 5361 1138 5425 Qui
1184 5373 1413 5416 numerat
1452 5366 1821 5419 multitudinem

210 5458 479 5509 stellarum
526 5464 571 5508 et
601 5455 830 5508 omnibus
860 5455 930 5508 eis
974 5457 1176 5507 nomina
1208 5468 1345 5508 vocat
1376 5456 1543 5523 (Psul.
1591 5458 1711 5511 146.
1743 5460 1821 5527 4).

216 5550 359 5603 Deus
386 5549 606 5601 nomina
643 5549 773 5601 indit
800 5549 1064 5616 supernis,
1094 5546 1263 5600 Adam
1290 5550 1538 5603 terrenis.
1572 5550 1820 5604 Nominat

218 5639 361 5693 Deus
388 5638 608 5701 celum,
642 5648 860 5703 terram,
890 5647 1081 5691 cuncta
1112 5638 1233 5699 alia,
1271 5637 1460 5699 Adam,
1495 5640 1687 5709 ignem,
1723 5641 1818 5695 hoc

214 5730 438 5785 minem.
471 5728 712 5782 Adamus
743 5744 869 5782 vero
893 5729 1018 5799 quid
1051 5730 1327 5783 nominat?
1357 5729 1582 5797 lmponit
1621 5747 1813 5785 nomen

215 5822 496 5891 iumentis,
529 5819 830 5886 reptilihus,
866 5820 1069 5873 bestiis.

287 5918 451 5969 Λάσου
483 5913 764 5984 prop/teli“!
786 5914 971 5965 donum
995 5926 1270 5983 acceperat.
1298 5946 1365 5956 —-
1387 5916 1590 5973 Novum
1621 5934 1811 5973 nomen

1310 466 1396 520 ma
1436 458 1648 518 unum
1689 454 2081 513 CltEATlONE
2119 455 2376 518 omni)
2419 463 2478 513 γ,

3426 491 3540 548 482

1968 574 2201 631 Adamus
2228 590 2404 646 vocat,
2433 596 2514 648 os,
2552 598 2791 650 Carnem,
2824 585 2887 639 de
2920 587 3144 642 muliere
3184 588 3401 654 dicens;
3442 600 3555 645 Hm.

1964 681 2096 718 nunc
2122 684 2175 720 os
2203 685 2264 722 ea:
2285 672 2477 726 ossibus
2504 675 2645 737 meis,
2679 685 2725 727 et
2752 692 2870 728 caro
2896 677 2960 729 de
2982 694 3134 731 carne
3161 682 3311 749 mea(
3338 679 3465 734 Gen.
3495 686 3553 737 ει.

1962 756 2078 829 23).
2107 759 2246 814 Deus
2274 763 2415 816 enim
2444 780 2563 818 cum
2598 769 2769 835 ipsum
2798 768 3065 834 formavit,
3110 786 3214 824 non
3246 770 3401 830 dixit.
3447 771 3558 826 fur-

1964 866 2141 906 masse
2181 853 2329 907 illum
2356 871 2421 909 ex
2447 857 2657 913 ossibus
2693 867 2745 912 et
2774 875 2952 915 carne.
2996 861 3197 916 Rursus
3225 863 3353 917 dicit
3394 866 3554 930 Deus,

1962 942 2255 1005 Masculus;
2308 946 2395 1000 hic
2437 948 2585 1014 dicit,
2615 950 2745 1006 Vir:
2781 951 2919 1005 Deus
2966 953 3111 1014 dicit,
3164 954 3427 1017 Femina;
3468 955 3556 1011 hic

1962 1033 2110 1098 dicit,
2146 1036 2349 1090 Mulier.
2374 1038 2633 1110 Quodque
2657 1042 2847 1095 mirmn
2871 1053 2973 1106 est,
2997 1044 3118 1113 quia
3143 1044 3340 1114 Spiritu
3370 1058 3556 1102 sancto

1963 1126 2150 1195 plenus
2180 1138 2313 1191 erat,
2357 1132 2697 1202 nondumque
2743 1135 2906 1187 miser
2950 1146 3314 1204 transgressus
3345 1138 3551 1203 fuerat;

1962 1217 2054 1271 sed
2086 1219 2253 1286 gratia
2282 1221 2515 1288 repletus
2541 1234 2676 1289 erat,
2702 1226 3001 1294 prophetia,
3038 1244 3195 1297 quam
3222 1230 3402 1298 paucis
3427 1242 3553 1286 ante

1960 1308 2149 1363 diebus
2174 1311 2315 1379 apud
2346 1326 2576 1367 vestram
2619 1318 2892 1371 caritatem
2919 1318 3333 1389 distingueham,
3366 1330 3473 1375 tota
3502 1323 3553 1375 in

1961 1399 2075 1467 ipso
2104 1411 2236 1455 erat.
2282 1402 2494 1458 Sciebat
2525 1407 2666 1459 enim
2701 1410 2991 1473 prreterita,
3025 1411 3228 1464 sciebat
3271 1414 3555 1480 prarsentil

1958 1501 2013 1545 et
2037 1493 2230 1547 futura.
2260 1495 2538 1563 Quomodo
2571 1500 2851 1566 prmsentia
2885 1501 3125 1554 sciebat?
3158 1501 3211 1555 ln
3239 1517 3464 1572 corpore
3492 1519 3555 1559 os

1958 1595 2107 1639 extra
2136 1602 2241 1641 non
2270 1599 2519 1656 apparet;
2545 1592 2637 1644 sed
2667 1592 2786 1661 quia
2814 1593 3069 1663 Spiritum
3101 1594 3351 1661 habebat,
3380 1594 3512 1651 dicit
3537 1612 3552 1652 :

1962 1674 2074 1728 Iloc
2104 1694 2238 1731 nunc
2284 1695 2340 1731 os
2367 1696 2429 1733 ex
2456 1683 2649 1735 ossibus
2679 1685 2820 1737 meis.
2854 1684 3137 1749 Quomodo
3179 1687 3400 1753 sciebat,
3452 1687 3555 1742 nisi

1958 1766 2187 1835 Spiritus
2212 1780 2427 1825 sanctus
2455 1772 2551 1841 ipsi
2582 1775 2909 1829 revelasset?
2940 1774 3047 1829 Cur
3066 1792 3195 1847 ergo
3223 1777 3451 1846 primum
3493 1794 3555 1833 os

1954 1871 2007 1913 et
2041 1870 2147 1914 tum
2176 1878 2393 1917 carnem
2424 1866 2701 1920 nominat?
2726 1866 2857 1935 Quia
2892 1870 3063 1937 primo
3087 1881 3287 1925 eostatn
3318 1870 3437 1940 ejus
3466 1885 3557 1926 ac-

1954 1952 2114 2021 erpit.
2150 1950 2294 2018 ﬂare,
2340 1955 2528 2025 inquit,
2561 1959 2818 2011 vocabitur
2846 1961 3045 2024 mulier,
3078 1962 3198 2030 quia
3238 1964 3301 2015 de
3330 1964 3433 2016 viro
3462 1979 3556 2017 suo

1951 2056 2155 2115 sumpta
2186 2057 2259 2100 est
2294 2048 2421 2102 liter.
2456 2050 2787 2105 Vaticinatur
2816 2055 3105 2122 praeterita,
3151 2054 3286 2108 dixit
3315 2071 3555 2124 prmsen-

1954 2140 2060 2202 tia;
2099 2139 2226 2194 dicit
2247 2140 2356 2209 jam
2399 2141 2593 2196 futura.
2639 2143 2975 2209 Quamobrem
3003 2148 3249 2215 relinquet
3278 2150 3427 2201 homo
3454 2166 3555 2217 pa-

1955 2239 2079 2282 trem
2106 2241 2149 2283 et
2174 2242 2385 2284 matrem
2420 2233 2436 2301 (
2464 2232 2591 2286 Cen.
2624 2235 2678 2287 2.
2710 2235 2824 2304 24).
2858 2236 3103 2290 Nondum
3135 2246 3250 2292 erat
3278 2238 3556 2294 matrimo-

1954 2323 2120 2385 nium,
2151 2333 2206 2377 et
2231 2325 2368 2379 unde
2399 2337 2548 2395 pater
2574 2337 2627 2381 et
2648 2329 2857 2382 mater?
2888 2330 3117 2384 Rursum
3141 2332 3359 2387 audiant
3385 2334 3556 2389 luere-

1956 2417 2061 2469 tici.
2094 2416 2270 2468 Voluit
2304 2418 2441 2470 Deus
2472 2420 2677 2471 Adamo
2706 2436 2930 2473 uxorem
2978 2421 3261 2477 elTormare
3290 2440 3302 2475 :
3334 2423 3557 2477 Immisit

1952 2508 2179 2560 ecstasim
2210 2508 2262 2559 in
2300 2509 2485 2571 Adum,
2534 2519 2579 2561 et
2624 2511 2919 2563 obdormivit
2948 2510 3105 2579 (Ibid.
3138 2512 3191 2564 2.
3231 2513 3346 2581 21).
3380 2512 3554 2569 Omne

1955 2599 2045 2652 Dei
2076 2600 2293 2652 verbum
2322 2601 2596 2667 antiquum
2632 2603 2810 2670 regula
2844 2613 3046 2656 naturm
3078 2605 3193 2657 fuit.
3227 2605 3416 2659 Docuit
3439 2607 3551 2674 pri-

1952 2693 2021 2743 mi
2051 2692 2315 2761 exemplo,
2346 2694 2615 2760 quomodo
2638 2705 2881 2763 suscepta
2914 2697 3090 2763 proles
3130 2698 3196 2750 ab
3227 2696 3440 2753 homine
3467 2698 3551 2753 di-

1951 2782 2052 2833 vidi
2082 2782 2293 2834 debeat.
2328 2781 2545 2835 lmmisit
2578 2783 2712 2836 Deus
2737 2802 2969 2838 somnum
2991 2787 3043 2839 in
3076 2788 3258 2841 Adam.
3291 2789 3423 2843 Rem
3452 2790 3553 2844 mi-

1951 2889 2062 2927 ram
2092 2874 2102 2925 !
2138 2873 2368 2942 Tempus
2390 2874 2537 2939 dicit,
2562 2892 2668 2944 quo
2693 2878 3088 2933 matrimonium
3115 2881 3292 2935 initur.
3320 2884 3552 2939 Somnus

1949 2966 2170 3018 ecstasis
2198 2976 2436 3031 vocatur,
2465 2967 2585 3035 quia
2616 2967 2776 3021 homo
2798 2971 2947 3039 quasi
2977 2982 3128 3026 extra
3161 2975 3394 3041 seipsum
3424 2984 3551 3031 tunc

1948 3065 2051 3109 est.
2095 3055 2237 3110 Intus
2279 3058 2454 3111 anima
2500 3068 2601 3125 est,
2635 3070 2689 3113 et
2734 3077 2839 3114 nou
2872 3071 2953 3115 est
2996 3063 3155 3118 intus.
3204 3064 3321 3119 Non
3365 3067 3551 3133 sentit,

1949 3162 2055 3199 non
2086 3146 2348 3216 intelligit,
2377 3150 2598 3204 audiens
2621 3167 2725 3204 non
2749 3154 2915 3206 audit.
2938 3153 3094 3208 Velut
3121 3155 3278 3211 hodie
3298 3157 3548 3225 dicimus,

1948 3238 2152 3293 Ecstasi
2187 3256 2311 3293 usus
2342 3252 2442 3307 est,
2487 3244 2626 3311 quod
2659 3255 2805 3298 extra
2849 3248 3056 3315 negotia
3090 3248 3249 3302 fuerit
3285 3269 3297 3303 :
3327 3250 3404 3303 sic
3430 3251 3549 3304 ani-

1948 3348 2053 3395 ma,
2083 3349 2200 3386 cum
2231 3344 2377 3388 extra
2413 3351 2602 3389 sensus
2629 3336 2803 3402 fllOI‘il,
2834 3341 2883 3392 in
2915 3342 3105 3393 ecstasi
3137 3352 3237 3395 est.
3276 3342 3339 3396 Et
3368 3343 3548 3397 obdor-

1946 3424 2103 3486 mivit,
2141 3424 2327 3492 inquit,
2363 3438 2407 3478 et
2434 3433 2547 3479 tulit
2579 3428 2717 3481 Deus
2747 3446 2901 3481 unum
2928 3430 2991 3483 de
3020 3432 3171 3483 costis
3199 3433 3329 3501 ejus.
3367 3433 3440 3488 De
3466 3433 3550 3489 his

1946 3515 2341 3585 interrogentur
2388 3516 2621 3572 hzeretici
2656 3538 2666 3571 :
2703 3519 2983 3585 Quomodo
3031 3523 3148 3575 tulit
3187 3524 3365 3577 Deus?
3408 3541 3546 3594 quo-

1945 3608 2103 3661 modo
2144 3609 2310 3662 Adam
2351 3609 2588 3664 dolorem
2618 3628 2723 3666 non
2748 3614 2953 3667 sensit?
2983 3616 3250 3683 quomodo
3284 3633 3387 3671 non
3416 3632 3545 3672 cru-

1943 3700 2113 3754 ciatus
2139 3702 2267 3754 est?
2298 3701 2350 3755 Si
2384 3703 2467 3755 vel
2502 3705 2637 3772 pilus
2662 3720 2689 3755 a
2720 3721 2944 3775 corpore
2974 3708 3221 3773 vellatur,
3257 3708 3544 3775 dolemus;

1942 3795 2183 3863 quamvis
2210 3796 2319 3848 alto
2361 3797 2480 3865 quis
2517 3812 2711 3865 sopore
2749 3798 3000 3865 dormiat,
3033 3800 3233 3854 doloris
3265 3802 3316 3855 vi
3354 3817 3547 3872 exper-

1941 3887 2159 3955 giscitur
2187 3888 2275 3956 qui
2305 3888 2531 3951 dormit;
2563 3898 2768 3944 tantum
2815 3892 3017 3946 tollitur
3046 3895 3366 3961 membrum,
3401 3905 3546 3950 tanta

1941 3979 2185 4032 evellitur
2213 3989 2381 4038 costa.
2413 3995 2510 4033 nec
2535 3980 2807 4035 dormiens
2838 3998 2866 4034 a
2889 3998 3078 4036 somno
3106 3985 3407 4039 excitatur?
3428 3986 3544 4041 Non

1941 4070 1988 4122 vi
2032 4070 2243 4133 avulsit,
2288 4082 2343 4124 ut
2388 4074 2803 4141 expergisccrct,
2853 4092 2955 4126 non
2990 4076 3306 4142 discerpsit;
3358 4092 3541 4131 vermn

1942 4164 2234 4231 Scriptura,
2286 4174 2340 4217 ut
2386 4166 2619 4221 Artilieis
2663 4167 2991 4221 celeritatem
3039 4170 3316 4233 ostendat,
3365 4167 3542 4234 Tulit,

1942 4254 2129 4322 inquit.
2166 4255 2366 4308 Solutaz
2395 4266 2517 4309 sunt
2545 4272 2849 4326 compages,
2883 4267 2935 4311 et
2963 4273 3066 4311 non
3095 4260 3296 4311 sensit?

2011 4346 2063 4398 9.
2095 4344 2237 4396 Tulit
2266 4355 2491 4409 costam,
2520 4355 2578 4399 ut
2609 4348 2801 4400 tulerat
2829 4348 3122 4415 pulverem.
3152 4347 3206 4404 Si
3235 4350 3372 4403 alius
3398 4360 3543 4405 esset

1939 4442 2026 4510 qui
2055 4453 2414 4511 compegerat,
2440 4442 2577 4496 alius
2606 4443 2697 4512 qui
2729 4443 2909 4509 soltil,
2939 4459 3111 4513 pugna
3136 4453 3315 4511 esset;
3341 4447 3420 4498 sin
3444 4462 3539 4499 au-

1942 4541 2045 4585 tem
2078 4533 2166 4600 qui
2200 4532 2457 4601 ligaverat
2485 4532 2675 4595 solvit,
2707 4534 2749 4586 is
2776 4544 2923 4588 certe
2952 4529 3159 4603 placide
3189 4536 3364 4588 solvit.
3402 4535 3539 4588 Tulit

1937 4633 2146 4687 costum,
2180 4634 2227 4677 et
2254 4624 2461 4691 replevit
2488 4641 2579 4691 pro
2606 4642 2663 4676 ea
2692 4641 2912 4676 carnem.
2940 4624 3092 4678 Unde
3119 4625 3381 4693 replevit?
3408 4641 3535 4679 num

1937 4734 2000 4770 ex
2046 4719 2248 4785 reliquo
2277 4717 2437 4770 traxit
2470 4731 2700 4784 corpore
2718 4718 2739 4767 ἱ)
2766 4719 2923 4784 Atqui
2957 4732 3113 4769 omne
3136 4731 3328 4785 corpus
3348 4759 3362 4782 ,
3392 4720 3534 4786 quod

1938 4810 2167 4862 trahitur
2195 4820 2249 4863 et
2280 4809 2631 4872 distenditur,
2675 4809 2923 4862 subtilius
2958 4808 3208 4863 efﬁcitur.
3252 4810 3535 4877 Quomodo

1936 4904 2195 4973 replevit?
2232 4905 2301 4956 De
2333 4919 2560 4971 corpore
2600 4903 2885 4971 loquimur,
2917 4912 2970 4955 et
3009 4918 3112 4955 non
3156 4903 3535 4972 intelligimus;

1936 4997 2001 5051 de
2033 4997 2139 5049 Deo
2178 4997 2464 5063 loquimur,
2493 5006 2546 5047 et
2574 4996 2835 5048 curiosius
2864 4995 3241 5062 exploramns?
3272 4994 3337 5047 Et
3362 4998 3534 5063 wdiﬁ-

1935 5089 2062 5139 cavit
2095 5087 2340 5139 Dominus
2370 5098 2595 5150 costam,
2626 5104 2775 5151 quum
2804 5089 2985 5139 tulerat
3016 5087 3077 5138 de
3108 5088 3302 5151 Adam,
3336 5088 3385 5140 in
3414 5105 3532 5139 mu-

1933 5181 2101 5232 lierem
2134 5179 2298 5245 (Gen.
2330 5178 2379 5231 ⁵2.
2410 5178 2537 5247 29.).
2569 5179 2848 5246 Quomodo
2878 5179 3015 5232 oculi
3048 5195 3109 5231 ex
3144 5188 3288 5231 c0sta
3318 5180 3528 5234 formati

1932 5272 2096 5324 sunt?
2130 5272 2266 5323 unde
2295 5285 2387 5323 cor
2416 5270 2699 5337 cogitans?
2732 5271 2867 5322 unde
2903 5270 3078 5336 lingua
3109 5270 3369 5337 loquens?
3398 5286 3530 5339 quo-

1932 5364 2089 5417 modo
2127 5364 2423 5416 distensum
2471 5372 2551 5415 est
2590 5378 2652 5414 cx
2694 5372 2837 5413 costa
2870 5361 3221 5413 intestinum?
3258 5361 3529 5428 quomodo

1931 5471 1992 5509 ex
2034 5466 2177 5509 costa
2224 5455 2373 5523 jecur
2417 5453 2611 5506 l‘actmn
2650 5454 2763 5506 est?
2795 5452 2917 5504 llzec
2953 5453 3221 5519 tlttntttOdO
3255 5452 3389 5506 facta
3419 5452 3529 5505 sint

1930 5564 2120 5618 capere
2150 5566 2253 5601 ttott
2287 5558 2463 5616 pOlt‘S,
2496 5555 2549 5599 et
2577 5545 2847 5600 Artiﬁcem
2876 5546 3085 5600 curiose
3116 5548 3389 5601 scrutaris!
3422 5545 3525 5599 Ve-

1928 5656 2045 5693 rum
2094 5641 2209 5693 vide
2252 5639 2533 5706 imaginem
2579 5636 2775 5691 Christi
2813 5636 3027 5706 ubique.
3075 5637 3187 5691 Non
3231 5638 3376 5705 prius
3409 5634 3527 5691 tulit

1928 5734 2066 5787 Deus
2096 5745 2298 5797 costam
2329 5735 2393 5785 de
2427 5731 2653 5795 Adamo,
2685 5747 2841 5800 quam
2873 5731 2967 5800 ipsi
2997 5746 3240 5784 somnum
3274 5727 3526 5782 immitte-

1927 5837 2025 5879 ret.
2058 5824 2273 5893 Quarc?
2307 5824 2381 5878 Ex
2412 5835 2557 5877 costa
2602 5833 2877 5893 peccatmn
2911 5824 3171 5877 oriturum
3202 5828 3349 5881 erat;
3381 5816 3521 5889 quod

1933 5934 2123 5989 nempe
2153 5934 2245 5988 per
2285 5919 2563 5973 mulierem
2593 5919 2829 5971 intravit.
2864 5918 3014 5972 Venit
3043 5918 3294 5970 Scrvator
3320 5930 3348 5969 e
3374 5926 3522 5969 costa
