4102 6468
573 434 767 592 ignium
799 518 974 575 ferens
1003 526 1057 573 et
1080 514 1430 586 sanguinem;
1453 526 1651 583 aquam
1680 524 1799 581 qum
1830 517 2047 580 peccata
2077 505 2176 560 ab-

577 612 771 677 lueret,
799 613 1111 682 sanguinem
1133 608 1225 679 qui
1251 607 1565 679 mysterium
1589 604 1745 659 nobis
1768 602 2021 657 traderet.
2047 597 2181 655 Vide

576 704 823 773 figuram.
852 701 1161 757 Dormiente
1196 700 1422 760 Adamo,
1448 704 1600 752 costa
1630 696 1914 751 tollebatur
1946 712 1957 747 :
1988 707 2180 747 somno

575 796 789 866 corpori
820 794 1019 851 Christi
1056 793 1472 864 superveniente
1492 832 1505 855 ,
1539 800 1686 845 costa
1720 787 2095 857 aperiebatur,
2124 792 2182 839 ut

576 897 813 945 veterem
840 887 1154 957 tragmdiam
1179 886 1411 941 solveret
1437 899 1532 953 per
1554 897 1744 937 novam
1772 879 2048 935 historiam
2076 894 2089 931 :
2113 876 2181 932 de

578 995 770 1037 somno
800 981 990 1050 loquor
1019 994 1125 1049 quo
1153 979 1206 1033 in
1236 993 1395 1033 cruce
1433 984 1714 1045 correptus
1744 983 1847 1028 est.
1878 969 2182 1040 ﬁdi/iacvit

576 1083 770 1127 costam
796 1073 849 1126 in
870 1072 1150 1133 mulierem,
1183 1070 1395 1123 adduxit
1422 1085 1532 1122 eam
1563 1067 1631 1120 ad
1650 1066 1838 1119 Adam.
1869 1065 1910 1120 Ο
1939 1063 2183 1134 benigni-

580 1172 742 1218 tatem
776 1162 1020 1216 Domini!
1050 1160 1258 1228 Quanta
1291 1160 1436 1221 facit,
1467 1159 1681 1221 format,
1714 1165 1842 1226 quot
1869 1154 2181 1210 muneribus

578 1254 783 1308 afficit?
809 1252 1039 1308 Adducit
1069 1252 1317 1305 animalia
1340 1294 1353 1314 ,
1387 1264 1639 1319 sponsam
1670 1248 1847 1302 tradit.
1877 1246 2009 1315 Quia
2035 1246 2180 1301 enim

580 1349 749 1403 Adam
783 1348 933 1416 quasi
964 1346 1197 1417 pupillus
1223 1354 1358 1411 erat,
1388 1354 1442 1398 et
1468 1344 1576 1398 Eva
1604 1343 1771 1413 virgo,
1803 1342 1919 1396 sine
1947 1352 2100 1411 patre
2129 1348 2182 1395 ct

580 1450 750 1495 matre
771 1480 785 1501 .
818 1439 909 1509 qui
944 1436 1180 1492 ofticium
1212 1444 1568 1507 przestarent:
1602 1435 1740 1488 Deus
1770 1431 1934 1502 patris
1964 1431 2179 1486 matris-

579 1546 684 1601 que
724 1529 1055 1585 fnnctionem
1082 1528 1214 1583 obit.
1256 1530 1335 1582 Ac
1372 1526 1494 1581 vide
1538 1526 1710 1596 legem
1743 1524 1960 1579 :omnis
1986 1523 2182 1594 quippe

578 1638 682 1677 vox
729 1622 823 1677 Dei
866 1621 1122 1690 primaeva
1167 1630 1370 1675 natura:
1414 1633 1600 1673 norma
1640 1625 1743 1673 est.
1786 1616 2015 1671 Adduxit
2044 1616 2183 1671 Deus

581 1713 846 1766 mulierem
872 1711 941 1764 ad
966 1710 1133 1764 Adam
1159 1726 1178 1765 :
1204 1721 1258 1767 et
1289 1711 1371 1765 lex
1400 1709 1488 1765 illa
1518 1709 1714 1764 mansit
1749 1708 1816 1762 ad
1849 1709 1988 1763 hunc
2017 1722 2185 1777 usque

580 1803 748 1863 diem.
779 1816 838 1858 ut
868 1819 1004 1858 uxor
1034 1803 1208 1857 virum
1239 1803 1412 1867 adeat,
1446 1816 1550 1858 non
1583 1802 1755 1856 virum
1786 1801 1853 1855 ad
1880 1815 2099 1856 uxorem
2131 1800 2185 1855 in

581 1909 841 1965 sponsum
862 1895 1097 1950 adducit.
1119 1893 1281 1948 Erant
1307 1894 1455 1958 nudi,
1474 1905 1518 1948 et
1539 1911 1640 1949 non
1660 1894 2009 1949 erubescebant
2029 1892 2183 1963 (Gen.

582 1985 641 2040 2.
662 1987 779 2056 25).
805 1986 981 2041 Manet
1003 1986 1207 2056 regula,
1232 1988 1317 2041 lex
1336 1987 1553 2041 clamat.
1575 1987 1773 2041 Omnes
1794 1985 1874 2040 vir
1893 1984 2181 2051 erubescit,

584 2087 780 2147 prater
807 2079 1077 2147 propriam
1108 2094 1355 2142 uxorem,
1378 2092 1567 2131 omnes
1593 2092 1726 2132 uxor
1750 2076 2023 2132 erubescit
2049 2092 2187 2147 prae-

584 2178 666 2225 ter
693 2170 969 2239 proprium
998 2169 1191 2224 virum.
1236 2169 1415 2239 Itaque
1454 2172 1554 2224 hoc
1593 2169 1810 2239 quidem
1844 2169 1952 2224 dixi
1989 2184 2186 2224 secun-

583 2260 712 2315 dum
741 2261 914 2331 legem
939 2279 952 2315 :
977 2276 1138 2315 causa
1162 2271 1359 2326 autem,
1384 2276 1481 2315 cur
1504 2261 1629 2315 nudi
1657 2278 1759 2315 non
1784 2263 2185 2326 erubescerent,

582 2360 701 2407 erat
726 2352 868 2421 quod
900 2352 1306 2407 immortalitate
1330 2363 1514 2407 essent
1550 2352 1751 2418 induti,
1785 2354 1954 2423 gloria
1982 2354 2181 2409 amicti.

581 2444 698 2499 Non
739 2446 949 2500 sinebat
988 2446 1192 2515 gloria,
1228 2457 1283 2501 ut
1321 2446 1461 2501 nuda
1505 2446 1856 2502 viderentur:
1892 2448 2002 2517 ipsa
2043 2450 2184 2504 enim

583 2535 875 2592 nuditatem
898 2538 1204 2609 obtegebat.
1232 2537 1331 2593 Ubi
1361 2538 1564 2607 poteris
1590 2537 1789 2591 nudum
1813 2538 1993 2594 videre
2014 2540 2188 2595 virum

583 2641 691 2683 non
731 2629 1176 2683 erubescentem?
1204 2627 1261 2683 ln
1293 2627 1508 2683 Christo
1554 2629 1727 2698 ipsum
1770 2630 1999 2684 invenis.
2031 2630 2191 2687 Venit

584 2721 780 2777 Petrus
806 2732 857 2776 et
885 2722 1122 2779 Joannes
1146 2732 1199 2777 et
1234 2720 1467 2777 Jacobus
1494 2721 1545 2776 in
1577 2732 1977 2777 monumentum
1996 2763 2011 2789 ,
2037 2738 2189 2794 qnze-

584 2825 764 2868 rentes
790 2829 1005 2883 corpus,
1034 2824 1087 2869 et
1115 2829 1219 2869 non
1248 2814 1590 2875 invenerunt,
1623 2814 1715 2867 sed
1749 2814 2068 2869 invenerunt
2096 2832 2189 2871 ve-

585 2908 837 2960 stimeuta
868 2907 1133 2970 involuta,
1164 2915 1220 2959 ut
1245 2904 1641 2970 ostenderetur,
1674 2914 1795 2974 post
1836 2907 2190 2961 resurrectio-

584 3012 708 3051 nem
731 2996 929 3050 Christi
950 3038 962 3057 ,
992 2996 1043 3049 in
1076 2996 1190 3065 ipso
1214 2996 1417 3050 servari
1442 3007 1681 3050 veterem
1708 2995 1898 3050 Adami
1927 2996 2149 3051 formam
2170 3038 2185 3064 ,

582 3105 813 3159 esseque
861 3091 978 3144 sine
1019 3090 1382 3156 vestimentis,
1430 3104 1536 3144 non
1586 3089 1785 3143 nudum
1833 3097 2052 3152 tamen,
2093 3089 2186 3145 sed

584 3184 859 3237 vestitum.
884 3183 1129 3237 Surrexit
1156 3181 1420 3246 Christus,
1447 3183 1699 3251 exuritque
1729 3181 2046 3237 vestimenta
2068 3198 2189 3253 qua:

586 3278 824 3331 Adamus
849 3276 1117 3340 induerat,
1142 3286 1364 3347 eratque
1391 3276 1584 3341 nudus,
1612 3292 1710 3331 nec
1732 3275 1906 3331 nudus
1932 3276 2189 3332 cerneba-

587 3377 693 3421 tur.
715 3367 843 3424 Post
862 3368 1313 3424 resurrectionem
1337 3367 1590 3422 mulieres
1610 3367 1931 3423 vestimenta
1954 3367 2188 3438 proiecta

586 3456 790 3512 vident.
825 3457 1028 3512 Martha
1057 3465 1111 3512 et
1139 3456 1299 3511 Maria
1330 3456 1515 3511 vident
1541 3472 1686 3522 eum,
1720 3467 2035 3528 agnoscunt,
2062 3473 2189 3530 pro-

586 3547 879 3614 cumbunt,
913 3558 967 3603 et
994 3547 1195 3603 nudum
1227 3563 1332 3603 non
1362 3547 1564 3603 vident.
1596 3548 1748 3604 Unde
1777 3558 1953 3605 vestes
1980 3550 2189 3607 induit?

584 3640 855 3694 Amiserat
880 3640 1023 3695 enim
1054 3656 1146 3695 eos
1174 3641 1225 3694 in
1258 3648 1623 3697 monumento.
1660 3640 1844 3696 Priora
1871 3643 2187 3699 vestimenta

586 3729 881 3784 diviserant
919 3731 1134 3784 milites.
1164 3730 1446 3787 Undenam
1489 3731 1768 3787 induitur?
1796 3731 1935 3787 unde
1963 3733 2053 3804 qui
2083 3749 2188 3788 nu—

585 3819 726 3889 dus,
768 3833 874 3873 non
919 3819 1134 3874 nudus?
1174 3821 1331 3875 Aliud
1375 3836 1560 3892 quaero
1594 3840 1607 3875 :
1649 3837 1747 3877 cur
1782 3822 2094 3877 vestimenta
2136 3831 2191 3878 et

587 3909 869 3966 sindonem
900 3912 952 3966 in
984 3928 1085 3967 una
1117 3922 1268 3982 parte
1297 3914 1567 3980 viderunt,
1594 3914 1869 3969 sudarium
1900 3930 2049 3979 vero,
2082 3932 2189 3985 quo

586 4014 748 4073 caput
787 4000 1092 4059 Servatoris
1129 4006 1365 4061 vinctum
1413 4007 1618 4071 fuerat,
1660 4008 1711 4061 in
1751 4008 1853 4063 alia
1893 4009 2081 4077 parte?
2122 4008 2189 4064 Ut

588 4094 767 4149 divina
814 4096 985 4164 gratia
1038 4097 1451 4163 ostenderetur,
1502 4098 1752 4167 quodque
1799 4098 1916 4152 sine
1960 4100 2187 4152 tumultu

587 4187 920 4243 resurrectio
955 4183 1162 4242 fuisset.
1194 4188 1259 4242 Et
1288 4188 1409 4256 quia
1447 4203 1719 4242 rumorem
1747 4187 1915 4243 Judaei
1952 4190 2188 4259 sparsnri

587 4288 771 4335 erant.
818 4277 1110 4347 discipulos
1154 4279 1327 4349 ipsum
1365 4279 1565 4334 furatos
1605 4295 1751 4343 esse,
1792 4281 2048 4351 relinquit
2096 4296 2189 4336 ve-

588 4370 839 4424 stimenta
876 4385 968 4425 sua
1012 4371 1062 4424 in
1104 4381 1472 4427 monumento.
1508 4372 1639 4427 Nam
1680 4374 1769 4443 qui
1809 4385 2076 4429 mortuum
2105 4374 2190 4429 fu-

587 4472 759 4522 ratur,
792 4463 963 4532 ipsum
988 4478 1109 4516 cum
1136 4464 1472 4518 vestimentis
1495 4462 1719 4517 furatur.
1752 4464 2051 4534 Videreque
2075 4475 2193 4522 erat

588 4552 932 4607 Servatorem
955 4553 1320 4622 egredientem
1348 4569 1414 4609 ex
1439 4554 1702 4624 sepulcro,
1735 4555 1872 4609 sicut
1898 4554 2191 4625 Josepbum

588 4660 656 4701 ex
685 4644 850 4699 domo
879 4644 1168 4716 Egyptiae.
1212 4645 1277 4700 Et
1313 4645 1434 4700 vide
1475 4645 1603 4699 mihi
1637 4644 1993 4702 dilferentiam
2029 4666 2042 4701 :
2071 4658 2194 4718 post

589 4736 1041 4791 resurrectionem
1077 4735 1225 4791 visus
1263 4746 1347 4791 est
1377 4736 1625 4791 Christus
1664 4736 1837 4791 nudus
1863 4779 1877 4803 ,
1908 4748 1963 4793 et
2004 4738 2195 4797 Petrus

591 4826 769 4881 nudus
809 4844 823 4878 :
868 4841 1051 4881 verum
1103 4828 1192 4882 ille
1236 4828 1450 4898 quidem
1493 4828 1895 4885 immortalitate
1938 4833 2194 4900 prteditus

592 4927 711 4973 erat
734 4958 749 4982 ,
785 4917 871 4970 hic
898 4927 1074 4971 autem
1114 4919 1357 4974 mortalis
1385 4919 1561 4975 adhuc
1592 4930 1727 4975 erat.
1754 4921 1912 4975 Jesus
1938 4923 2109 4976 stabat
2139 4925 2190 4977 in

590 5010 795 5075 littore,
821 5008 989 5078 gloria
1017 5009 1254 5075 indutus,
1280 5011 1467 5068 dicens
1491 5030 1506 5067 :
1530 5010 1677 5076 Filii,
1703 5031 1822 5067 num
1850 5014 1972 5084 quid
1997 5017 2195 5085 opsonii

593 5101 783 5153 habetis
815 5098 993 5169 (Joan.
1021 5100 1112 5156 2|.
1146 5100 1243 5173 5)?
1274 5102 1419 5165 Non,
1454 5104 1732 5174 inquiunt,
1761 5122 1865 5160 non
1896 5107 2152 5162 habemus
2178 5126 2191 5163 :

593 5207 701 5245 non
728 5193 869 5247 enim
902 5204 1161 5249 noverant
1184 5210 1329 5250 eum.
1359 5195 1558 5251 Deinde
1583 5196 1707 5251 dicit
1734 5216 1747 5256 :
1783 5198 1971 5252 Mittite
1994 5201 2045 5251 in
2071 5200 2194 5255 dex-

595 5296 755 5339 teram
784 5288 968 5354 navigii
1004 5298 1193 5357 partem
1224 5289 1383 5361 (Ibid.
1424 5305 1468 5341 υ.
1501 5288 1577 5358 6).
1608 5289 1881 5356 Miserum,
1914 5308 1976 5347 ac
2010 5294 2193 5361 ingen-

597 5392 704 5435 tem
736 5380 962 5449 piscium
1005 5382 1400 5437 multitudinem
1439 5391 1715 5449 ccperunt.
1752 5385 2009 5454 Agnoscit
2036 5384 2198 5440 Joan-

596 5487 726 5537 nes,
752 5480 805 5527 et
835 5470 964 5526 dicit
986 5473 1180 5539 Petro,
1210 5472 1461 5527 Dominus
1486 5482 1559 5525 est
1588 5472 1749 5542 (Ibid.
1774 5491 1820 5526 v.
1852 5474 1926 5543 7).
1960 5474 2005 5530 Ο
2033 5479 2197 5531 mira-

596 5566 804 5621 culum!
835 5563 950 5619 Non
981 5576 1314 5634 agnoverunt
1336 5581 1401 5621 ex
1425 5578 1577 5627 voce,
1608 5563 1701 5619 sed
1735 5580 1799 5619 ex
1830 5566 2104 5635 operibus.
2130 5566 2199 5621 Et

598 5663 847 5730 sumpsit,
890 5662 1102 5732 inquit,
1147 5659 1329 5715 Petrus
1373 5661 1600 5714 tunicam
1636 5675 1654 5713 :
1689 5670 1795 5713 erat
1839 5662 1969 5715 enim
2010 5665 2196 5716 nudus.

599 5753 823 5808 Mortale
860 5769 1057 5823 corpus
1094 5752 1397 5817 erubescit,
1432 5751 1736 5806 immortale
1774 5767 1879 5807 non
1909 5756 2195 5810 erubescit.

602 5845 801 5901 Verum
828 5844 878 5900 ei
902 5846 991 5915 qui
1024 5858 1121 5901 nos
1156 5840 1328 5914 gloria
1370 5842 1576 5909 induit,
1607 5852 1657 5897 et
1686 5843 1774 5912 qui
1805 5843 1988 5901 orbem
2028 5846 2196 5902 induit

2043 386 2415 445 SEVERIANI

3797 426 3908 479 484

2292 504 2694 561 immortalitate
2717 546 2733 572 ,
2762 505 2888 562 huic
2926 507 3269 578 procldamus
3289 551 3304 574 ,
3338 507 3463 566 huic
3493 513 3857 583 supplicemns
3876 557 3893 582 ,

2289 608 2343 650 ut
2375 612 2472 650 nos
2500 596 2683 652 induat
2708 596 2834 664 fide,
2857 613 2953 668 spe
2978 600 3190 666 salutis,
3216 601 3383 667 gloria
3407 604 3459 656 iu
3482 603 3696 660 Christo
3722 623 3735 660 :
3762 621 3900 678 quo-

2288 692 2430 745 niam
2456 690 2599 746 Patri
2629 691 2796 762 gloria
2821 734 2836 757 ,
2867 708 2988 747 cttm
3019 692 3290 763 uuigeuito
3317 694 3453 749 Filio
3478 704 3533 750 et
3560 709 3747 755 sancto
3774 700 3899 771 Spi-

2288 780 2416 848 ritu,
2444 780 2586 837 nunc
2607 790 2662 837 et
2682 799 2919 854 semper,
2947 794 2999 840 et
3027 786 3078 839 in
3107 786 3301 841 sarcula
3328 787 3671 844 smculorum.
3697 793 3896 849 Anien.

2288 913 2353 970 In
2381 917 2515 970 diem
2539 928 2734 973 sextum
2763 920 3051 983 rreatiouis,
3076 930 3122 974 et
3147 922 3199 973 in
3227 922 3417 990 primos
3442 936 3695 993 parentes,
3718 928 3770 980 in
3790 945 3901 982 scr-

2361 1018 2591 1076 pentem,
2640 1019 2685 1063 et
2735 1012 2787 1063 in
2835 1011 3028 1081 lignum
3076 1013 3333 1077 scientiis,
3381 1015 3443 1067 de
3486 1015 3797 1072 habitatione
3844 1021 3898 1071 in

2360 1102 2631 1170 paradiso,
2675 1102 2835 1173 deque
2869 1103 3056 1158 Adami
3093 1120 3209 1157 cum
3257 1106 3365 1161 Deo
3407 1108 3679 1179 colloquio.
3716 1109 3898 1166 Oratio

2359 1204 2501 1249 sexta
2524 1194 2621 1268 (a).

2368 1333 2418 1387 l.
2444 1334 2558 1403 Age
2582 1332 2935 1404 rursus,quod
2961 1332 3179 1403 polliciti
3206 1350 3395 1391 sumus
3421 1337 3820 1409 aggrediamur,
3846 1352 3899 1398 et

2288 1433 2662 1494 argumentum
2691 1424 2758 1480 de
2787 1425 3039 1495 paradiso
3066 1425 3131 1481 ad
3160 1425 3323 1485 linem
3350 1445 3518 1501 usque
3541 1431 3897 1489 deducamus.

2290 1518 2402 1572 Etsi
2429 1518 2571 1572 enim
2606 1518 2940 1573 intolerabile
2970 1519 3169 1575 malum
3205 1519 3329 1575 illud
3368 1521 3543 1588 fuerit,
3576 1527 3719 1595 quod
3754 1527 3901 1581 Ada-

2293 1626 2413 1665 mus
2440 1610 2647 1680 ejectus
2675 1610 2744 1665 sit
2769 1610 2837 1666 de
2868 1611 3138 1681 paradiso,
3162 1612 3320 1684 longe
3346 1616 3517 1685 majus
3544 1619 3649 1671 erit
3677 1620 3898 1683 malum.

2290 1702 2334 1758 si
2366 1717 2465 1757 nos
2494 1718 2523 1755 a
2561 1702 2791 1773 paradisi
2832 1703 3098 1759 memoria
3138 1704 3494 1761 eliminemur.
3545 1708 3679 1764 Rem
3719 1721 3901 1767 autem

2290 1794 2632 1865 attingamus,
2663 1810 2769 1849 non
2800 1797 3176 1851 communibus
3203 1798 3500 1853 rationibus
3520 1815 3640 1856 eam
3671 1813 3905 1858 tractan-

2292 1895 2394 1949 tes,
2416 1887 2509 1941 sed
2540 1902 2605 1942 ex
2640 1887 2752 1956 ipsa
2780 1902 2932 1943 sacra
2962 1887 3233 1959 Scriptura
3260 1889 3543 1946 dubiorum
3572 1894 3901 1951 solutionem

2292 1979 2539 2033 mutuati.
2561 1978 2662 2047 Qui
2687 1980 2830 2035 enim
2856 1996 2951 2051 pro
2974 1981 3123 2037 libito
3150 1982 3312 2037 sentit
3340 1993 3394 2039 et
3418 1985 3635 2055 cogitat,
3663 1987 3900 2057 seipsum

2291 2067 2489 2139 decipit
2509 2086 2523 2123 :
2543 2070 2634 2140 qui
2659 2086 2787 2127 vero
2808 2087 2875 2127 ex
2895 2072 3166 2141 Scriptura
3190 2075 3544 2143 qumstionum
3572 2078 3900 2136 solutionem

2293 2169 2606 2229 mutuatur,
2652 2163 2822 2233 ipsam
2867 2163 3028 2219 habet
3068 2165 3347 2221 veritatem
3394 2168 3728 2239 magiSIram.
3772 2171 3903 2239 Quia

2292 2267 2423 2307 vero
2454 2252 2689 2308 fidelium
2722 2254 2872 2309 multi
2916 2255 3153 2325 legentes
3194 2256 3473 2324 dubitant,
3511 2269 3567 2314 et
3606 2261 3902 2317 inﬁdelium

2294 2341 2507 2412 plurimi
2530 2343 2840 2414 ignorantes
2861 2343 3254 2414 blasphemant,
3278 2355 3337 2402 ut
3355 2357 3411 2403 et
3436 2349 3637 2405 sanctis
3663 2352 3902 2409 animum

2293 2435 2577 2490 certiorem
2604 2435 2916 2500 reddamus,
2949 2445 3004 2491 et
3031 2436 3274 2493 infideles
3307 2440 3666 2505 confutemus,
3705 2457 3805 2511 pro
3829 2444 3905 2499 vi-

2292 2525 2378 2581 rili
2418 2543 2531 2582 rem
2575 2528 2980 2599 aggrediamur,
3013 2528 3178 2584 Deum
3210 2528 3482 2585 vobiscum
3518 2534 3903 2598 obsecrantes.

2295 2629 2353 2675 ut
2392 2621 2629 2675 veritatis
2671 2621 2827 2676 nobis
2868 2623 3077 2691 copiam
3121 2623 3509 2680 subministret.
3540 2625 3655 2693 Qua
3698 2629 3905 2683 ratione

2297 2710 2457 2767 homo
2481 2712 2728 2769 conditus
2754 2713 2928 2777 fuerit,
2958 2728 3060 2785 qua
3086 2728 3313 2784 corpore
3340 2714 3622 2784 formatus,
3648 2735 3752 2788 qua
3777 2721 3902 2774 item

2293 2818 2322 2857 a
2359 2803 2468 2860 Deo
2496 2814 2675 2860 creata
2704 2806 2879 2860 anima
2937 2806 3081 2862 illius
3111 2806 3277 2862 indita
3304 2809 3517 2879 corpori
3549 2808 3737 2875 fuerit,
3768 2827 3902 2882 quo-

2295 2895 2457 2950 modo
2499 2896 2804 2966 paradisum
2844 2896 3169 2953 domicilium
3216 2896 3502 2966 habuerit,
3535 2902 3637 2956 etsi
3670 2917 3776 2957 non
3811 2920 3908 2971 pro

2295 2988 2373 3042 rei
2399 2987 2689 3058 dignitate,
2730 3003 2827 3059 pro
2861 2988 3111 3045 facultate
3140 2999 3288 3044 certe
3324 3001 3507 3046 nostra
3531 3032 3547 3059 ,
3580 2995 3715 3047 satis
3742 3010 3904 3065 supra

2294 3077 2494 3131 dictum
2523 3088 2623 3133 est.
2652 3078 2770 3133 .lam
2813 3080 2879 3134 ad
2921 3081 3252 3150 prepositum
3287 3083 3587 3139 orationem
3618 3096 3901 3142 converta-

2295 3186 2438 3226 mus.
2472 3168 2600 3226 Data
2626 3172 2841 3242 quidem
2874 3173 3078 3227 Adamn
3103 3184 3186 3230 est
3211 3175 3459 3231 universa
3495 3188 3637 3234 terra
3660 3222 3677 3248 ,
3711 3182 3904 3251 praeci-

2294 3277 2460 3333 puum
2491 3278 2620 3319 vero
2651 3264 2791 3319 illius
2820 3264 3175 3320 habitaculum
3208 3266 3488 3337 paradisus
3515 3282 3655 3326 erat.
3687 3273 3904 3331 Licebat

2293 3354 2455 3408 etiam
2482 3356 2527 3409 ei
2551 3367 2699 3411 extra
2728 3357 3033 3427 paradisum
3064 3358 3141 3413 ire
3166 3374 3180 3425 ;
3212 3373 3396 3414 verum
3430 3377 3550 3430 qua:
3577 3374 3729 3417 extra
3760 3381 3904 3435 para-

2296 3442 2470 3497 disum
2493 3455 2648 3499 erant
2669 3445 2902 3501 hominis
2926 3445 3238 3503 habitationi
3260 3448 3510 3517 deputata
3535 3466 3642 3506 non
3666 3454 3899 3521 fuerant,

2295 3532 2387 3589 sed
2411 3533 2601 3603 brutis,
2622 3536 2925 3606 pecoribus,
2948 3537 3406 3608 quadrupedibus,
3428 3540 3574 3606 feris,
3598 3546 3900 3613 reptilibns.

2296 3625 2462 3697 Regia
2503 3641 2632 3682 vero
2676 3637 2730 3681 et
2774 3627 2958 3682 herilis
2999 3628 3257 3684 habitatio
3302 3630 3400 3700 ipsi
3444 3641 3563 3688 erat
3600 3637 3899 3703 paradisus.

2296 3716 2423 3773 ldeo
2471 3718 2612 3774 Deus
2654 3720 2877 3775 adduxit
2912 3720 3162 3775 animalia
3200 3722 3267 3776 ad
3300 3722 3473 3777 Adam
3499 3766 3513 3788 ,
3546 3728 3709 3780 veluti
3742 3729 3810 3782 ab
3838 3744 3905 3785 eo

2295 3820 2562 3878 separata.
2602 3810 2718 3866 Non
2754 3812 2896 3867 enim
2939 3828 3152 3882 semper
3186 3816 3448 3884 mancipia
3483 3816 3612 3872 bero
3649 3820 3899 3885 adstant,

2295 3904 2389 3957 sed
2419 3917 2541 3957 cum
2583 3904 2689 3960 illis
2730 3919 2864 3973 opus
2903 3904 3169 3960 habuerit.
3211 3906 3380 3962 lndita
3422 3910 3742 3966 animalibus
3778 3922 3907 3969 sunt

2298 3996 2537 4061 nomina,
2568 4006 2623 4050 et
2648 3998 2826 4051 statim
2848 3997 3021 4066 ejecta
3047 4007 3171 4053 sunt
3193 4014 3210 4055 :
3234 4002 3429 4054 mansit
3450 4013 3631 4057 autem
3657 4007 3827 4059 Adam
3850 4008 3904 4061 in

2297 4085 2564 4152 paradiso.
2585 4088 2682 4143 Hic
2695 4103 2824 4145 vero
2837 4086 3139 4157 Scripturae
3154 4089 3482 4161 diligentiam
3504 4096 3899 4154 animadverte.

2370 4177 2718 4231 Animantium
2760 4179 2859 4231 tria
2904 4196 3109 4250 genere.
3151 4212 3223 4222 —
3260 4180 3417 4237 Jussa
3459 4195 3616 4240 erant
3651 4189 3903 4245 animalia

2298 4267 2563 4322 Adamum
2594 4268 2744 4323 adire
2766 4309 2781 4333 ,
2810 4285 2870 4324 se
2894 4270 2969 4325 illi
3002 4272 3291 4339 inclinare,
3326 4275 3533 4346 ipsique
3558 4277 3861 4337 abblandiri
3887 4300 3902 4347 ;

2296 4360 2531 4430 exempli
2572 4374 2767 4427 causa,
2812 4363 3263 4433 quemadmodum
3308 4376 3463 4420 erant
3497 4370 3597 4423 tria
3638 4371 3905 4440 lignorum

2298 4468 2494 4523 genera
2515 4495 2530 4521 ,
2560 4469 2754 4525 nempe
2783 4455 2925 4527 ligna
2955 4473 3075 4527 qua:
3117 4457 3268 4512 illum
3300 4459 3541 4525 alerent,
3574 4471 3633 4517 ut
3656 4465 3866 4521 vireret
3892 4508 3908 4530 ,

2299 4547 2438 4618 ligna
2465 4564 2584 4619 qua:
2611 4549 2754 4603 illum
2784 4551 3092 4619 probarent,
3122 4562 3181 4606 ut
3211 4552 3347 4608 bene
3373 4554 3594 4623 viveret,
3623 4567 3674 4611 et
3703 4557 3904 4629 lignum

2297 4638 2439 4709 quod
2469 4639 2640 4709 ipsum
2668 4641 2982 4707 custodiret,
3010 4651 3069 4696 ut
3095 4656 3311 4714 semper
3340 4645 3569 4715 viveret;
3596 4650 3675 4705 sic
3701 4659 3753 4705 et
3780 4651 3907 4707 bru-

2299 4737 2473 4785 torum
2521 4732 2871 4787 animantium
2915 4733 3014 4788 tria
3059 4732 3160 4805 ipsi
3200 4750 3454 4793 concessa
3497 4748 3625 4794 sunt
3666 4756 3904 4813 genera:

2299 4836 2463 4875 unum
2492 4822 2559 4876 ad
2590 4838 2767 4878 escam
2790 4865 2804 4888 ,
2834 4824 3063 4880 alterum
3104 4826 3169 4881 ad
3210 4827 3527 4898 obsequium
3546 4873 3561 4897 ,
3594 4833 3809 4887 tertium
3838 4834 3904 4888 ad

2301 4914 2650 4969 recreandum
2674 4915 2910 4970 animum
2932 4932 2946 4971 :
2971 4917 3223 4971 nimirum
3244 4917 3312 4973 ad
3338 4934 3515 4976 escam
3536 4937 3599 4975 ea
3624 4939 3742 4993 qua:
3765 4939 3906 4979 nunc

2302 5016 2638 5071 mactantur;
2670 5007 2737 5061 ad
2778 5008 3155 5073 ministerium,
3181 5010 3324 5080 equi,
3357 5013 3567 5077 cameli,
3612 5016 3768 5075 asini.
3806 5016 3906 5070 bo-

2300 5114 2417 5165 ves,
2448 5101 2658 5170 aliaque
2684 5100 2876 5155 similia
2905 5102 3005 5173 ipsi
3033 5102 3419 5171 ministrantis;
3452 5106 3520 5161 ad
3550 5107 3903 5163 recreandum

2300 5191 2538 5245 animum
2566 5191 2816 5247 animalia
2842 5193 2909 5248 ad
2938 5192 3289 5253 imitationem
3315 5196 3506 5255 idonea
3525 5238 3541 5265 ,
3574 5200 3713 5253 leua:
3741 5214 3906 5255 voces

2300 5285 2565 5339 aeriarum
2586 5284 2787 5348 avium,
2810 5301 2931 5356 qua:
2950 5285 3109 5342 etiam
3132 5302 3293 5346 aures
3311 5289 3606 5348 oblectant.
3630 5289 3906 5358 Quemado

2303 5376 2519 5433 modum
2546 5380 2689 5434 enim
2716 5394 2912 5450 corpus
2938 5390 3058 5452 post
3082 5381 3312 5449 labores,
3343 5384 3443 5438 nisi
3468 5381 3905 5453 defatigationem

2304 5471 2588 5540 expulerit,
2618 5487 2723 5526 non
2753 5481 2927 5541 potest
2951 5472 3086 5527 alios
3114 5474 3265 5529 adire
3284 5474 3517 5537 labores,
3545 5474 3623 5527 sic
3647 5483 3701 5527 et
3727 5476 3909 5531 anima

2304 5566 2515 5620 virtutis
2542 5564 2815 5621 laboribus
2844 5565 3156 5637 perfuncta,
3191 5567 3290 5621 nisi
3317 5565 3567 5637 jucundis
3597 5570 3911 5636 aspectibus

2305 5666 2597 5725 recreetur,
2628 5659 2696 5713 ad
2725 5658 3175 5731 perseverandum
3215 5659 3271 5715 in
3301 5660 3493 5714 virtute
3533 5673 3641 5714 non
3684 5658 3910 5717 sufﬁcit.

2369 5794 2442 5857 (a)
2477 5804 2586 5845 Haec
2608 5804 2749 5847 sexta
2772 5794 2970 5845 homilia
2994 5808 3089 5845 non
3112 5794 3323 5844 habetur
3359 5793 3407 5844 in
3436 5792 3670 5845 Vatimno
3694 5791 3915 5857 Codice,

2310 5858 2400 5907 sed
2426 5870 2534 5907 eam
2552 5859 2754 5909 Savilius
2779 5858 2945 5908 edidit.
