4158 6492
652 407 761 463 485

653 514 750 568 καὶ
774 512 920 586 ψυχὴ
956 516 1083 578 τοὺς
1115 516 1216 586 τῆς
1249 516 1449 588 ἀρετης
1495 532 1687 581 πονους
1724 516 2089 586 ὑπομένουσα,
2128 520 2222 572 ἐὰν

656 595 731 666 μὴ
758 599 876 661 ταῖς
910 599 1114 668 ἡδείαις
1155 599 1307 667 ὄψεσι
1327 599 1702 671 ψυχαγωγηθῇ
1724 643 1737 664 ,
1781 603 1881 655 οὑκ
1904 603 2064 672 ἀρκεῖ
2090 603 2226 672 πρὸς

650 678 742 732 τὸν
775 680 926 732 τόνον
965 681 1061 751 τῆς
1092 683 1312 751 ἀρετῆς.
1351 683 1518 735 Ὅταν
1547 683 1631 755 ῐδῃ
1675 685 1702 734 6
1735 683 1867 746 Θεὸς
1911 686 2224 753 κάμνουσαν

649 762 847 831 ψυχὴν,
881 762 1197 832 ψυχαγωγεῖ
1217 764 1385 832 αὑτήν
1411 763 1497 816 διά
1527 765 1630 816 τῶν
1658 765 1854 834 ἡδέων·
1886 762 1994 818 οἷον
2017 767 2224 832 γίνεται

651 846 744 898 καὶ
775 846 861 913 ἐφ’
893 847 1068 915 ἡμῶν.
1105 845 1373 908 Πολλάκις
1401 847 1508 916 γὰρ
1546 847 1603 910 ἐξ
1634 849 1837 914 ἀγορᾶς
1867 848 2173 900 ἐπανελθὼν
2195 851 2223 901 6

649 925 960 996 ἄνθρωπος,
1021 929 1113 979 καὶ
1164 929 1383 997 μυρίαις
1421 929 1615 988 λύπαις
1665 931 2077 1000 περιαντληθείς
2127 932 2222 1001 τήν

647 1007 904 1075 διάνοιαν,
934 1011 1028 1063 καὶ
1062 1009 1334 1080 συντυχὼν
1361 1011 1512 1080 ὄψεσι
1549 1013 1806 1075 πολλάκις
1837 1013 2097 1084 βαρείαις,
2129 1017 2224 1068 καὶ

648 1092 948 1164 ἀφορήτοις
971 1093 1280 1163 περιπεσὼν
1303 1098 1605 1162 συμφοραῖς
1634 1095 1725 1147 καὶ
1746 1096 1967 1165 ζημίαις
1983 1107 2031 1160 ι,
2053 1096 2222 1149 ἐλθὼν

647 1177 729 1238 εἰς
752 1177 851 1245 τὴν
886 1176 1065 1227 οἰκίαν
1094 1176 1341 1245 εὑρίσκει
1377 1177 1590 1228 παιδίου
1625 1177 1998 1246 ψυχαγωγίαν,
2039 1180 2131 1231 καί
2164 1179 2222 1232 τὸ

647 1255 881 1326 σκληρὸν
905 1258 1014 1310 τῶν
1049 1257 1223 1309 πόνων
1257 1259 1466 1326 ἀλείφει
1495 1260 1552 1311 τὸ
1591 1260 1795 1312 ἀπαλὸν
1828 1263 1926 1329 τῆς
1959 1261 2215 1324 διανοίας.

658 1336 874 1410 Ἐπειδὴ
920 1340 1023 1410 γὰρ
1059 1339 1208 1409 αὑτῷ
1242 1340 1535 1411 ἀθυμοῦντι
1584 1344 1644 1394 ού
1679 1346 1814 1413 γυνή
1861 1345 2220 1414 προσέρχεται

646 1423 1145 1493 παραμυθουμένη,
1200 1425 1275 1487 ώς
1315 1427 1540 1497 ἄκαιρον
1581 1427 1774 1496 ἔχουσα
1819 1429 1918 1499 τήν
1966 1446 2220 1499 παραμυ-

646 1504 787 1570 θίαν,
817 1507 918 1558 οὑκ
944 1507 1160 1575 οἰκέτης
1192 1507 1362 1578 τολμᾷ
1395 1510 1916 1580 παραμυθήσασθαι,
1953 1513 2159 1578 είσάγει
2192 1515 2220 1565 6

644 1586 775 1648 Θεὸς
813 1589 910 1659 τὴν
931 1589 1204 1642 ἄπλαστον
1235 1589 1394 1656 φύσιν
1423 1591 1520 1661 τὴν
1548 1592 1874 1662 συγγνώμης
1897 1593 2218 1663 ἀξιουμένην

641 1667 705 1733 ἐξ
728 1663 802 1723 ὧν
826 1672 926 1723 οὑκ
947 1667 1075 1735 οἶδε,
1105 1672 1201 1724 καὶ
1228 1672 1293 1724 δι’
1331 1674 1499 1742 αὑτῆς
1536 1673 1744 1742 ἀλείφει
1768 1674 1864 1745 τὴν
1895 1675 1958 1728 ἐκ
1987 1675 2094 1728 τῶν
2120 1676 2217 1727 πό-

643 1769 749 1805 νων
797 1757 1138 1823 κεκμηκυῖαν
1181 1757 1375 1825 ψυχήν.
1426 1758 1651 1824 Οἰκέτης
1699 1757 1793 1808 ἐὰν
1851 1757 2215 1829 προσγελάσῃ,

639 1835 924 1905 νομίζεται
969 1837 1228 1908 ἐπιγελᾷν
1264 1842 1331 1908 τῇ
1368 1838 1522 1910 ῦϐρει
1557 1839 1652 1891 τοῦ
1683 1841 1938 1892 δεσπότου
1965 1854 1977 1868 ·
2015 1843 2048 1910 ή
2083 1842 2217 1910 γυνὴ

642 1918 738 1971 ἐὰν
779 1921 1005 1992 γελάσῃ,
1034 1923 1314 1992 νομίζεται
1349 1925 1701 1995 ἀναισθητεῖν
1732 1926 1859 1997 περί
1887 1926 1984 1997 τὴν
2013 1944 2220 1998 συμφο-

645 2003 744 2071 ράν
766 2019 779 2034 ·
815 2005 875 2056 τὸ
910 2005 1120 2058 παιδίον
1169 2007 1478 2060 ἀνύποπτον
1523 2009 1634 2077 ἔχει
1683 2007 1781 2078 τὴν
1815 2009 2102 2062 κολακείαν
2132 2010 2219 2064 διά

639 2087 738 2156 τὴν
767 2087 831 2140 ἐκ
856 2089 954 2158 τῆς
987 2088 1199 2156 φύσεως
1226 2090 1594 2160 ἀκεραιότητα
1615 2109 1628 2122 ·
1663 2092 1758 2143 καὶ
1801 2091 2059 2155 πολλάκις
2084 2092 2118 2143 ἃ.
2143 2091 2217 2163 μὴ

642 2171 870 2240 ἴσχυσαν
897 2171 1038 2239 φίλοι
1079 2171 1570 2242 συμϐουλεύοντες,
1613 2173 1768 2241 σοφοὶ
1805 2174 2215 2237 νουθετοῦντες,

643 2251 828 2321 ἴσχυσε
859 2254 1069 2306 παιδίον
1095 2255 1332 2322 γελάσαν
1368 2255 1546 2324 μόνον,
1577 2255 1736 2310 λῦσαι
1760 2256 1856 2326 τήν
1886 2259 2065 2310 πᾶσαν
2091 2275 2220 2328 συμ-

641 2338 834 2405 φοράν.
868 2337 977 2390 Καὶ
1010 2338 1198 2391 λοιπὸν
1224 2340 1256 2408 ή
1291 2338 1435 2408 ψυχὴ
1464 2341 1521 2391 ἐν
1546 2340 1684 2408 αὐτῇ
1714 2342 1780 2408 τῇ
1816 2340 1964 2410 ἀκμῇ
1999 2341 2098 2410 τῆς
2122 2337 2216 2392 λύ-

640 2437 780 2489 πης,
819 2421 921 2490 όρᾷ
957 2420 1056 2488 μὲν
1087 2420 1147 2472 τὸ
1179 2420 1413 2482 παιδίον,
1449 2421 1542 2474 καὶ
1579 2422 1676 2482 τὰς
1723 2421 1899 2490 ἀρχάς
1939 2422 2214 2485 ἀνανεύει,

641 2502 735 2555 καὶ
759 2501 1061 2555 ἀπωθεῖται
1103 2503 1201 2572 τὴν
1237 2502 1462 2574 ἄκαιρον
1493 2503 1850 2572 ψυχαγωγίαν
1871 2520 1886 2533 ·
1916 2505 2130 2558 ἕλκεται
2161 2505 2217 2557 δὲ

638 2586 708 2654 τῇ
739 2588 1052 2655 παραμονῇ,
1086 2586 1180 2638 καὶ
1222 2585 1352 2637 ὅταν
1378 2584 1637 2648 πολλάκις
1673 2585 1921 2658 ὲπικλίνῃ
1950 2589 2011 2639 τὸ
2042 2587 2213 2656 ὄμμα,

635 2667 945 2737 ἁρπάζεται
971 2669 1070 2738 τὴν
1113 2667 1384 2721 διάνοιαν’
1427 2664 1547 2721 εἶτα
1593 2669 1876 2722 ἀναλαϐὼν
1913 2671 2003 2724 τὸν
2031 2671 2212 2735 παῖδα,

639 2749 958 2803 ἀποτίθεται
993 2751 1094 2820 τὴν
1121 2749 1318 2820 λύπην,
1364 2751 1454 2803 καί
1488 2767 1645 2819 φηοιο
1684 2751 1884 2804 Τοῦτόν
1935 2768 2023 2821 μοι
2062 2753 2220 2822 χαρί-

637 2849 792 2886 σεται
809 2834 836 2872 ι)
863 2836 890 2885 6
913 2833 1044 2895 Θεὸς
1077 2834 1254 2903 μόνον,
1281 2835 1374 2886 καὶ
1402 2834 1573 2896 ούδείς
1597 2851 1686 2903 μοι
1709 2835 1862 2902 λόγος
1887 2833 1994 2887 τῶν
2022 2835 2212 2889 ἄλλων.

711 2913 863 2977 Εἶδες
892 2915 1007 2979 πῶς
1039 2917 1130 2969 καὶ
1153 2916 1260 2969 ἀπὸ
1287 2917 1394 2969 τῶν
1421 2917 1687 2987 τυχόντων
1716 2918 1914 2988 ἐγείρει
1944 2921 1971 2972 6
1999 2918 2131 2982 Θεὸς
2152 2921 2215 2988 τῇ

635 2999 784 3069 ψυχῇ
813 2999 910 3069 τὴν
943 2999 1326 3070 παραμυθίαν;
1361 3001 1513 3053 Ἐπεὶ
1556 2997 1646 3054 οῦν
1679 3002 1838 3071 μόνος
1884 2997 1951 3073 ἦν
1983 3003 2011 3054 6
2049 3001 2218 3071 Ἀδάμ

637 3083 696 3133 ἐν
723 3081 800 3151 τῷ
827 3083 1159 3153 παραδείσῳ,
1184 3083 1244 3134 οὑ
1270 3083 1420 3149 φίλον
1452 3083 1608 3152 ἔχων,
1638 3086 1698 3136 οὑ
1728 3085 1960 3151 γείτονα,
1990 3085 2048 3136 οὑ
2085 3101 2216 3152 συγ-

638 3167 792 3234 γενῆ,
820 3166 1111 3235 εἰσήγαγεν
1137 3165 1286 3234 αὑτῷ
1312 3168 1338 3218 6
1361 3166 1488 3228 Θεὸς
1514 3167 1580 3217 τά
1615 3167 1728 3230 ζῶα
1761 3169 1840 3228 εἰς
1859 3167 2216 3237 ψυχαγωγίαν

639 3248 804 3300 αὑτοῦ
868 3243 998 3310 οἷον,
1026 3247 1213 3319 ὥσπερ
1242 3251 1356 3301 ἐστὶ
1380 3251 1615 3320 σήμερον
1648 3251 1712 3301 τὰ
1746 3251 1858 3313 ζῶα
1888 3253 1955 3304 τὰ
1981 3251 2212 3322 μιμηλὰ,

637 3331 706 3384 τὰ
739 3330 836 3400 μὲν
869 3347 1184 3400 μιμούμενα
1223 3333 1499 3400 σχήματα,
1535 3333 1602 3382 τά
1623 3332 1676 3382 δὲ
1710 3334 1926 3402 φωνήνο
1964 3328 2093 3397 οἷον,
2129 3352 2216 3404 μι-

641 3416 822 3483 μεῖται
859 3413 926 3465 τὰ
958 3415 1209 3483 σχήματα
1233 3415 1340 3466 τῶν
1376 3414 1674 3484 ἀνθρώπων
1709 3415 1958 3488 πίθηκος,
1992 3417 2083 3470 καὶ
2117 3419 2217 3471 ὅσα

636 3496 888 3549 τοιαῦτα·
927 3496 1108 3567 φωνὴν
1137 3496 1394 3565 ψιττακὸς
1422 3499 1514 3552 καὶ
1548 3501 1723 3570 ἕτεροι
1759 3501 2022 3570 στρουθοί.
2058 3498 2215 3573 Εἶχεν

637 3575 730 3634 οὖν
752 3579 1112 3651 ψυχαγωγίαν
1151 3582 1247 3650 τὴν
1275 3584 1423 3651 παρά
1461 3582 1568 3634 τῶν
1599 3583 1827 3651 ἀλόγων,
1862 3585 1970 3637 τῶν
1999 3586 2095 3654 μὲν
2133 3603 2217 3637 κεο

635 3661 961 3726 λαδούντων,
988 3662 1097 3714 τῶν
1123 3663 1176 3714 δὲ
1209 3663 1381 3715 ἄλλων
1428 3665 1843 3718 ὑποσαινόντων,
1871 3667 2084 3721 Πολλῶν
2108 3669 2216 3720 τοί-

637 3763 733 3797 νυν
762 3744 930 3797 ὄντων
960 3745 1066 3797 τῶν
1095 3745 1445 3816 πληρούντων
1475 3747 1622 3816 αὑτῷ
1657 3748 1754 3816 τήν
1789 3750 2160 3819 παραμυθίαν,
2188 3752 2216 3800 6

636 3826 759 3897 ὄφις
781 3826 1190 3898 φρονιμώτατος
1217 3826 1282 3899 ἧν
1317 3831 1453 3899 ὑπὲρ
1480 3832 1655 3882 πάντα
1683 3831 1752 3882 τά
1773 3831 1936 3902 θηρία
1966 3832 2064 3901 τῆς
2091 3834 2213 3901 γῆς.

637 3909 816 3973 καθὼς
843 3907 993 3962 εἶπεν
1018 3911 1051 3979 ή
1084 3911 1271 3982 Γραφή
1292 3927 1306 3940 °
1345 3913 1407 3964 Ὀ
1429 3910 1495 3963 δὲ
1521 3912 1654 3979 ὄφις
1674 3909 1751 3978 ἦν
1778 3913 2215 3982 φρονιμώτατος

637 3992 879 4046 πάντων
902 3991 1021 4044 τῶν
1052 3993 1288 4059 θηρίων,
1313 3987 1399 4045 ὧν
1433 3994 1680 4059 ἐποίησε
1705 3996 1918 4060 Κύριος
1951 3999 1982 4048 ὀ
2011 3998 2174 4061 Θεός.

709 4069 893 4144 β⁹.Ἧν
918 4069 1012 4126 οὖν
1041 4075 1131 4126 καὶ
1160 4075 1266 4126 τῶν
1299 4074 1549 4144 μιμηλῶν
1581 4077 1958 4146 μιμηλότερος,
1987 4081 2081 4130 καὶ
2109 4078 2214 4130 τῶν

638 4158 1037 4212 ὕποσαινόντων
1069 4157 1379 4225 ἐγγύτερος.
1426 4159 1516 4228 Μὴ
1554 4160 1796 4231 πρόσχῃς
1838 4164 1902 4230 τῇ
1935 4160 2028 4213 νῦν
2071 4162 2210 4230 ὄψει,

637 4241 718 4294 ὅτι
755 4240 848 4293 καὶ
877 4239 1169 4307 φεύγομεν,
1212 4241 1302 4290 καὶ
1359 4239 1780 4309 βδελυττόμεθαο
1814 4243 1911 4293 οὑκ
1944 4239 2011 4313 ἦν
2043 4244 2214 4307 οῦτως

636 4324 732 4377 an’
758 4322 950 4392 ἀρχῆς.
996 4322 1148 4383 Φίλος
1179 4318 1244 4391 ἦν
1273 4324 1300 4374 6
1327 4322 1448 4389 ὄφις
1477 4361 1489 4383 ,
1528 4324 1619 4373 καὶ
1661 4323 1768 4374 τῶν
1816 4326 2214 4379 ὑποσαινόντων

635 4411 728 4459 τὸν
747 4405 1031 4475 ἄνθρωπον
1055 4403 1365 4472 ἐγγύτερος.
1401 4405 1494 4465 Τίς
1511 4400 1602 4454 οὖν
1633 4405 1791 4456 αὑτὸν
1813 4407 2002 4476 ἐχθρὸν
2025 4410 2212 4476 ἐποίη-

639 4504 762 4544 σεν;
804 4487 864 4539 Ἢ
890 4486 982 4539 τοῦ
1008 4487 1141 4538 Θεοῦ
1175 4487 1448 4555 ἀπόφασις
1472 4501 1483 4512 '
1522 4487 1980 4552 Ἐπικατάρατος
2003 4491 2109 4558 γὰρ
2134 4491 2213 4542 σὺ

636 4571 754 4624 ἀπὸ
776 4570 1018 4624 πάντων
1050 4569 1168 4622 τῶν
1197 4570 1433 4636 θηρίων.
1467 4570 1722 4636 Ἕχθραν
1753 4569 1918 4633 θήσω
1962 4572 2078 4624 ἀνὰ
2107 4571 2214 4639 μέ-

636 4672 755 4708 σον
780 4655 896 4707 σοῦ
927 4655 1022 4706 καί
1047 4653 1161 4706 ἀνὰ
1187 4655 1384 4720 μέσον
1429 4653 1540 4717 τῆς
1571 4655 1870 4720 γυναικός.
1937 4655 2148 4723 Ἐκείνη
2182 4657 2212 4724 ὴ

637 4739 807 4810 εχθρα
832 4738 928 4806 τὴν
960 4738 1141 4805 φιλίαν
1173 4738 1348 4791 ἔλυσε.
1367 4736 1552 4788 Φιλίαν
1577 4736 1737 4803 λέγω,
1765 4739 1823 4790 ού
1851 4738 1948 4808 τήν
1970 4739 2212 4811 λογικὴν,

637 4823 774 4876 ἀλλά
800 4820 893 4890 τὴν
922 4819 1111 4888 ἄλογον
1138 4818 1337 4885 γνῶσιν
1358 4834 1371 4846 ο
1406 4817 1592 4887 ὥσπερ
1619 4821 1857 4887 σήμερον
1881 4821 2213 4874 ἐνδείκνυται

636 4911 781 4964 κύων
813 4907 961 4982 [496]
999 4907 1178 4976 φιλίας
1213 4906 1418 4975 σχῆμα,
1446 4906 1506 4957 οὑ
1540 4906 1700 4974 λόγῳ.
1738 4907 1871 4958 ἀλλά
1902 4911 2099 4979 φυσικῇ
2129 4927 2213 4961 κι-

637 4997 816 5065 νήσει’
844 4993 986 5045 οὕτω
1016 4992 1107 5044 καὶ
1139 4993 1166 5043 6
1207 4991 1329 5057 ὄφις
1367 4989 1624 5042 ὑπέσαινε
1660 4987 1749 5039 τὸν
1778 4987 2080 5057 ἄνθρωπον.
2125 4991 2215 5053 Ὠς

637 5073 729 5130 οὖν
754 5076 886 5143 ἔχων
919 5074 1116 5142 πολλὴν
1162 5073 1465 5141 οἰκειότητα
1493 5113 1506 5135 ,
1542 5070 1696 5140 ὤφθη
1754 5071 1832 5139 τῷ
1881 5072 2110 5142 διαϐόλῳ
2140 5074 2214 5134 ώς

638 5157 937 5226 ἐπιτήδειον
963 5157 1206 5225 ὄργανον.
1246 5155 1388 5206 Ἰδὼν
1411 5148 1502 5206 οὖν
1546 5152 1715 5221 Ἀδὰμ
1739 5154 1995 5222 χαίροντα
2015 5156 2106 5206 ἐπὶ
2137 5155 2214 5222 τῷ

638 5241 781 5306 ὄφει,
810 5239 1058 5290 κάκεῖνον
1088 5235 1462 5297 ὑποσαίνοντα,
1490 5237 1582 5288 καὶ
1614 5235 1781 5288 πολλά
1808 5237 1915 5287 τῶν
1937 5238 2214 5307 ἀνθρωπί-

638 5343 744 5378 νων
799 5321 1152 5391 μιμούμενον,
1207 5318 1487 5386 ἐνενόησεν
1537 5321 1564 5370 6
1610 5320 1707 5388 τῆς
1742 5320 1937 5383 κακίας
1968 5322 2215 5391 τεχνίτης

637 5411 775 5477 ὅπερ
803 5408 852 5458 οί
885 5405 1067 5465 δόλους
1098 5403 1405 5463 πλέκοντες,
1435 5401 1520 5452 διὰ
1564 5401 1671 5453 τῶν
1709 5401 1852 5455 ἰδίων
1909 5404 2214 5468 νοθεύοντες

638 5488 883 5544 ποιοῦσιν
904 5505 916 5519 ο
955 5486 1128 5546 οὐδεὶς
1158 5485 1264 5554 γὰρ
1291 5482 1623 5552 περιγίνεται
1649 5484 1732 5537 διὰ
1762 5485 1868 5538 τῶν
1897 5486 2213 5558 ἀλλοτρίων,

639 5573 731 5627 ἐὰν
767 5573 841 5641 μὴ
896 5569 985 5623 διὰ
1019 5567 1127 5619 τῶν
1163 5567 1408 5618 οἰκείωνσ
1469 5565 1649 5629 καθὼς
1707 5564 1860 5620 εἶπεν
1911 5571 1938 5621 6
1987 5569 2208 5640 Σωτήρ·

651 5654 879 5721 Ἐχθροὶ
907 5651 985 5716 τῷ
1013 5648 1298 5718 ἀνθρώπῳ
1323 5651 1377 5701 οι
1411 5649 1662 5701 οἰκιακοὶ
1686 5651 1892 5706 αὑτοῦ.
1923 5651 2087 5704 Λαλεῖ
2108 5652 2215 5704 τοί-

701 5759 730 5817 9
752 5758 843 5807 Hic
877 5762 1012 5804 uolat
1032 5757 1143 5805 Sav.
1168 5771 1242 5817 γρ.
1268 5754 1347 5802 καὶ
1371 5753 1604 5812 ἀθυμίαις.

699 5815 732 5860 δ
751 5819 941 5868 SavJa.
964 5815 1234 5880 χαρίσηται.

2098 401 2464 462 SEVERIA‘NI

2329 537 2420 572 νυν
2474 519 2560 571 δια
2611 534 2702 570 του
2748 517 2922 586 ὄφεως
2953 532 3187 586 εμφασιν
3228 515 3526 586 παρασχὼν
3577 515 3657 586 τῷ
3707 516 3892 587 Ἀδάμ,

2328 598 2634 668 Παρακαλῶ
2691 599 2788 669 τὴν
2840 599 3111 668 ὑμετέραν
3165 598 3423 667 ἀγάπην,
3481 598 3558 666 μὴ
3609 599 3900 668 παρέργως

2328 683 2612 753 προσέχειν
2637 692 2658 721 ε
2695 685 2804 744 τοῖς
2836 679 3169 750 λεγομένοις.
3227 680 3338 735 Οὐκ
3384 681 3501 732 ἔστι
3532 681 3592 732 τὸ
3621 681 3780 749 τυχὸν
3806 681 3893 750 ζή.

2324 782 2474 833 τημα
2501 781 2512 792 ·
2552 763 2734 816 πολλοί
2783 765 2890 833 γάρ
2941 761 3182 831 ζητοῦσι,
3219 762 3335 824 πῶς
3387 762 3646 832 ἐλάλησεν
3684 765 3710 814 6
3740 763 3899 830 ὄφις-

2325 845 2435 919 ἆρα
2465 848 2776 919 ἀνθρωπίνη
2806 851 2977 916 φωνῇ,
3009 848 3040 914 ἦ
3077 845 3324 914 συρισμῷ
3345 845 3540 912 ὄφεως,
3571 845 3661 896 καὶ
3690 845 3902 912 ἐνενόη-

2326 930 2632 1001 σενήΕὑα.
2683 932 2740 983 Ὀ
2784 930 2953 999 Ἀδὰμ
2987 929 3092 1000 πρὸ
3127 933 3225 997 τῆς
3259 929 3619 997 παραϐάσεως
3659 929 3902 997 ἐπεπλή-

2329 1030 2464 1082 ρωτο
2503 1013 2690 1080 σοφίας
2721 1013 2812 1065 κιιί⁵
2839 1013 3105 1073 συνέσεως
3149 1012 3242 1062 καὶ
3287 1011 3640 1081 προφητείας.
3686 1011 3900 1078 Ἐννόη-

2326 1111 2417 1146 σον
2446 1097 2576 1164 ὅσην
2609 1091 2721 1164 εἷχε
2757 1095 2977 1162 σοφίαν,
3012 1095 3092 1146 ὅτι
3134 1095 3437 1162 ἐπήρκεσεν
3485 1093 3768 1162 ἄνθρωπος
3797 1087 3902 1156 εἷς,

2323 1176 2640 1230 διδάσκαλον
2677 1177 2750 1247 μὴ
2779 1176 2979 1239 λαϐὼν,
3011 1178 3161 1246 παρά
3190 1175 3414 1245 μηδενὸς
3432 1174 3718 1244 ἀνθρώπου
3753 1175 3902 1227 διδαο

2323 1259 2490 1329 χθεὶς,
2526 1260 2695 1313 θεῖναι
2723 1261 2962 1329 ὀνόματα
2991 1259 3130 1321 ὅλοις
3153 1261 3437 1320 πετεινοῖς,
3470 1259 3693 1320 καὶτοῖς
3719 1258 3899 1324 ζώοις,

2322 1344 2553 1406 καὶτοῖς
2589 1345 2836 1413 ἑρπετοῖς
2877 1342 3118 1411 θηρίοις,
3161 1343 3251 1394 καὶ
3289 1343 3452 1393 πᾶσιν
3499 1340 3699 1403 ἁπλῶς.
3747 1343 3901 1393 Ἀνα-

2326 1423 2685 1496 ζωγράφησον
2718 1427 2774 1476 ἐν
2806 1428 2869 1493 τῇ
2901 1424 3109 1493 διανοίᾳ
3136 1441 3226 1475 σου
3256 1424 3320 1475 τὰ
3361 1424 3494 1492 εἴδη,
3526 1423 3594 1475 τά
3614 1423 3743 1490 γένη
3767 1441 3780 1453 ’
3812 1424 3900 1476 ἵνα

2319 1508 2374 1559 δὲ
2417 1508 2695 1577 συντόμως
2735 1507 2874 1559 εἴπω
2900 1549 2913 1570 ,
2957 1507 3192 1559 τοσαῦτα
3248 1507 3439 1575 ἔθηκεν
3492 1508 3749 1577 ὀνόματα,
3798 1508 3898 1559 ὅσα

2322 1590 2558 1660 σήμερον
2586 1591 2744 1659 ήμείς
2773 1589 2910 1658 μετά
2942 1589 3035 1658 τὴν
3065 1591 3258 1658 πεῖραν
3285 1589 3612 1658 δευτερῶσαι
3641 1589 3701 1641 οὑ
3733 1590 3898 1640 δυνάο

2324 1673 2480 1742 μεθα.
2515 1671 2645 1725 Ὅτε
2682 1667 2773 1724 οὖν
2803 1673 3174 1741 προσήνεγκεν
3207 1675 3234 1724 6
3269 1673 3398 1733 Θεὸς
3432 1673 3497 1724 τὰ
3529 1672 3641 1735 ζῶα
3690 1671 3766 1740 τῷ
3809 1673 3901 1722 ἀν-

2320 1755 2544 1825 θρώπῳ,
2579 1755 2653 1818 ώς
2682 1755 2842 1821 σοφὸς
2873 1756 2965 1807 καὶ
2999 1755 3135 1824 ἔχων
3165 1755 3300 1806 Θεοῦ
3344 1755 3554 1823 πνεῦμα
3579 1795 3594 1816 ,
3628 1756 3724 1824 τὴν
3772 1756 3901 1809 ἐκά-

2322 1854 2446 1889 στου
2475 1837 2712 1906 ίδιότητα
2740 1835 2955 1890 έϐλεπε.
2988 1839 3279 1908 Προσεῖχεν
3307 1833 3398 1889 οὖν
3436 1838 3504 1906 τῷ
3527 1839 3644 1906 ὄφει
3672 1838 3745 1900 ὡς
3770 1855 3899 1908 φρο-

2319 1919 2623 1989 νιμωτέρῳ,
2674 1919 2748 1982 ὡς
2788 1919 3037 1988 αἴσθησιν
3083 1920 3278 1989 ἔχοντι,
3312 1920 3385 1982 ώς
3411 1921 3617 1972 νοοῦντι
3648 1921 3752 1972 ἀπὸ
3779 1938 3900 1972 νευ-

2322 2003 2507 2072 μάτων
2531 2003 2600 2054 τὰ
2637 2005 2932 2072 κινήματα.
2969 2002 3154 2066 Οὕτως
3185 2004 3396 2073 ἔχοντος
3429 2003 3520 2055 τοῦ
3563 2003 3748 2073 Ἀδὰμ,
3782 2006 3898 2056 ἐνε-

2319 2085 2507 2155 νόησεν
2558 2088 2585 2138 ό
2625 2085 2868 2149 διάϐολος
2921 2088 3013 2140 καὶ
3046 2086 3138 2137 τοῦ
3175 2087 3348 2152 ὄφεως
3376 2088 3435 2138 τί.
3489 2087 3768 2156 φρόνιμον,
3807 2090 3898 2138 καὶ

2317 2165 2412 2220 τοῦ
2463 2167 2631 2238 Ἀδάμ
2659 2169 2756 2238 τὴν
2796 2169 3096 2239 πρόληψινο
3133 2164 3241 2237 εἶχε
3269 2168 3374 2238 γάρ
3415 2170 3542 2238 περὶ
3590 2167 3680 2220 τοῦ
3721 2169 3896 2234 ὄφεως

2319 2250 2392 2313 ώς
2409 2251 2649 2305 συνετοῦ.
2667 2251 2830 2303 Λαλεῖ
2849 2247 2941 2304 οὖν
2962 2251 3028 2303 δι’
3047 2251 3229 2312 αὑτοῦ,
3257 2251 3340 2303 ἵνα
3360 2252 3630 2320 ὑπονοήσῃ
3651 2253 3678 2302 6
3700 2251 3895 2319 Ἄδαμ,

2318 2334 2397 2385 ὅτι
2427 2334 2687 2404 φρόνιμος
2711 2333 2785 2386 ὢν
2807 2335 2834 2387 6
2857 2333 2978 2401 ὄφις
2998 2333 3325 2404 κατώρθωσε
3351 2335 3441 2385 καὶ
3469 2334 3527 2385 τὸ
3557 2334 3895 2403 μιμήσασθαι

2318 2418 2417 2486 τὴν
2442 2416 2533 2469 τοῦ
2563 2416 2846 2487 ἀνθρώπου
2877 2419 3080 2486 φωνήν.
3112 2417 3478 2488 Προσέρχεται
3503 2417 3679 2468 τοίνυν
3700 2417 3725 2467 6
3748 2417 3893 2484 ὄφις.

2319 2498 2567 2569 Ούδαμοῦ
2608 2499 2665 2552 δὲ
2709 2501 2740 2570 ή
2780 2499 2972 2569 Γραφὴ
3005 2495 3126 2552 εἶπε
3161 2499 3339 2560 τοῦτο,
3371 2501 3448 2552 ὅτι
3491 2501 3519 2552 6
3567 2499 3807 2560 διάϐολος
3838 2503 3896 2551 ἐν

2318 2581 2394 2651 τῷ
2415 2581 2534 2649 ὄφει
2558 2581 2836 2650 ἐλάλησεν,
2861 2581 2995 2634 ἀλλά
3017 2583 3110 2634 καὶ
3136 2583 3370 2651 Μωῦσῆς
3395 2581 3579 2644 άπλῶς
3606 2582 3845 2652 παρῆλθε
3867 2583 3893 2620 ά

2317 2665 2416 2735 τὴν
2456 2664 2716 2734 ἱστορίαν.
2760 2665 3023 2736 Πρόσεχε,
3059 2664 3382 2732 παρακαλῶ,
3419 2666 3558 2734 μετὰ
3589 2665 3893 2735 ἀκριϐείας.

2319 2746 2528 2808 Παῦλος
2571 2746 2823 2816 δεύτερος
2874 2745 2948 2797 ὢν
2983 2747 3040 2797 ἐν
3091 2746 3168 2815 τῷ
3219 2747 3566 2816 παραδείσῳ,
3601 2747 3705 2799 οὐδ’
3735 2748 3898 2809 αὑτὸς

2319 2827 2470 2880 ἔλυσε
2499 2827 2596 2897 τὴν
2622 2827 2788 2892 λέξιν,
2815 2828 2947 2880 ἀλλά
2968 2827 3115 2895 λέγει
3137 2844 3148 2855 ·
3190 2830 3721 2898 Ἐμνηστευσὰμην
3743 2828 3898 2898 ὑμᾶς

2319 2910 2406 2962 ἐνὶ
2432 2909 2626 2976 ἀνδρί,
2652 2910 2949 2978 παρθένον
2988 2911 3184 2979 ἁγνὴν
3220 2912 3602 2980 παραστῆσαι
3637 2912 3712 2976 τῷ
3761 2915 3895 2979 Χρι-

2321 2991 2462 3056 στῷ.
2494 2994 2785 3062 Φοϐοῦμαι
2812 2993 2899 3056 δὲ,
2917 2994 3125 3060 μήπως
3148 2994 3227 3059 ὡς
3256 2998 3288 3047 ό
3325 2996 3457 3062 ὄφις
3486 2996 3648 3048 Εὕαν
3669 2995 3894 3061 ἐξηπά-

2319 3095 2506 3146 τησεν
2532 3080 2600 3133 ἐν
2629 3080 2704 3146 τῇ
2729 3083 3061 3150 πανοιιογίᾳ
3094 3081 3278 3135 αὐτοῦ
3304 3098 3316 3110 ’
3347 3084 3439 3134 καὶ
3486 3083 3586 3134 οὑκ
3607 3077 3778 3142 εἶπεν,
3815 3084 3897 3134 ὅτι

2316 3163 2344 3214 6
2371 3162 2634 3226 διάϐολος.
2671 3164 2866 3226 Πιστὸς
2890 3159 2956 3232 ἦν
2985 3163 3093 3215 τῶν
3134 3163 3362 3234 Γραφῶν
3389 3163 3582 3230 φύλαξ,
3617 3163 3897 3232 ὑπηρέτης

2318 3242 2571 3314 Γραφῶν,
2619 3246 2909 3316 παιδευτὴς
2945 3245 3198 3316 Γραφῶν,
3251 3247 3590 3316 ἑρμηνευτὴς
3639 3247 3894 3312 Γοαφῶν.

2319 3328 2434 3380 Οὐκ
2463 3325 2683 3397 ἐθέλησε
2715 3327 2872 3380 λῦσαι
2902 3329 2999 3397 τὴν
3026 3327 3190 3391 λέξιν,
3227 3329 3312 3380 ἵνα
3349 3329 3422 3398 μή
3447 3328 3582 3398 λύσῃ
3611 3328 3718 3380 τῶν
3753 3330 3896 3399 Γρα-

2317 3408 2432 3478 φῶν
2456 3408 2550 3478 τὴν
2587 3408 2737 3472 τάξιν
2763 3449 2776 3470 ,
2807 3408 2944 3461 ἀλλά
2981 3412 3048 3480 τῇ
3099 3411 3276 3479 ἐννοίᾳ
3309 3410 3406 3479 τήν
3447 3410 3678 3480 ἀπορίαν
3718 3411 3893 3465 ἔλυσε.

2319 3493 2634 3560 Φοϐοῦμαι,
2665 3492 2819 3560 φησὶ,
2851 3491 3062 3560 μήπως
3095 3492 3174 3555 ὠς
3201 3495 3231 3544 ό
3255 3493 3385 3559 ὄφις
3413 3493 3580 3545 Εὕαν
3601 3493 3901 3559 ἐξηπάτη-

2317 3591 2428 3627 σεν
2447 3575 2515 3626 ἐν
2538 3572 2612 3640 τῇ
2633 3575 2965 3642 πανουργίᾳ
3002 3575 3208 3639 αὑτοῦ,
3235 3575 3386 3627 οὕτω
3428 3574 3623 3644 φθαρῇ
3664 3576 3733 3628 τὰ
3757 3575 3900 3644 νοή-

2310 3671 2470 3724 ματα
2500 3655 2684 3723 ὺμῶν.
2723 3653 2914 3707 Οῦτωο
2954 3656 3105 3720 πῶς;
3135 3658 3208 3727 μή
3240 3660 3348 3728 γάρ
3382 3658 3625 3726 ἐφοϐεῖτο
3661 3658 3895 3721 Παῦλος,

2323 3737 2396 3808 μὴ
2423 3738 2581 3790 πάλιν
2604 3737 2630 3787 6
2657 3738 2779 3807 ὄφις
2811 3737 2961 3810 ἔλθῃ,
2985 3740 3075 3790 καὶ
3097 3741 3351 3809 ἀπατήσῃ
3376 3742 3554 3803 τινάς;
3598 3740 3731 3792 Ἀλλ’
3755 3737 3895 3806 οἰδα,

2318 3822 2501 3891 φησιν,
2535 3822 2612 3873 ὅτι
2647 3824 2674 3873 ό
2737 3822 2834 3889 μὲν
2876 3821 2997 3889 ὄφις
3024 3821 3083 3873 οὑ
3117 3822 3360 3890 φαίνεται
3406 3825 3609 3886 ἐκεῖνος
3630 3862 3643 3883 ,
3675 3825 3701 3876 6
3731 3823 3788 3876 δὲ
3837 3825 3896 3874 ἐν

2316 3905 2507 3974 ἐκείνῳ
2542 3906 2845 3974 ἐνεργήσας
2881 3904 3149 3972 φαίνεται.
3191 3905 3326 3956 Ἀλλ’
3353 3908 3380 3957 6
3412 3907 3508 3975 μὲν
3544 3907 3750 3968 Παῦλος
3772 3947 3785 3968 ,
3819 3906 3896 3967 ώς

2317 3987 2504 4048 πιστὸς
2527 3985 2825 4056 ὑπηρέτης,
2858 3987 2950 4039 καὶ
2981 3986 3088 4038 τῶν
3122 3988 3290 4053 ἀγίων
3324 3988 3556 4056 Γραφῶν
3587 3988 3781 4055 φύλαξ,
3831 3987 3890 4038 οὑ

2318 4067 2466 4140 [497]
2498 4070 2803 4139 παρέτρεψε
2838 4069 2934 4140 τὴν
2955 4070 3118 4135 λέξιν,
3153 4070 3267 4123 ἀλλ’
3289 4072 3506 4140 ζνέφηνε
3541 4071 3634 4139 τὴν
3661 4071 3890 4121 ἔννοιαν·

2315 4153 2474 4214 αὑτὸς
2507 4152 2562 4204 δὲ
2590 4155 2617 4205 6
2650 4152 2756 4204 τῶν
2786 4153 3028 4222 ἀρχαίων
3063 4153 3156 4205 καὶ
3184 4153 3291 4204 τῶν
3335 4155 3468 4204 νέων
3497 4153 3590 4203 καὶ
3618 4151 3722 4202 τῶν
3765 4152 3894 4220 μελ-

2314 4234 2512 4288 λόντων
2534 4234 2809 4304 Δεσπότης
2835 4233 3134 4305 ἐσαφήνισε
3173 4233 3270 4302 τὴν
3304 4235 3553 4300 ἀπορίαν,
3591 4235 3672 4284 ἵνα
3707 4236 3778 4303 μή
3809 4249 3892 4295 τις

2314 4317 2406 4370 ἐπὶ
2454 4316 2544 4368 τὸν
2578 4317 2699 4384 ὄφιν
2750 4317 3016 4387 ἀνενέγκῃ
3065 4318 3160 4385 τήν
3188 4317 3476 4384 ἁμαρτίαν,
3506 4316 3616 4368 ἀλλ’
3665 4319 3756 4368 ἐπὶ
3801 4317 3890 4368 τὸν

2315 4401 2706 4470 ἐνεργήσαντα.
2760 4400 2923 4465 Λέγει
2963 4396 3054 4451 οῦν
3087 4401 3114 4450 6
3156 4399 3388 4466 Χριστὸς
3430 4401 3540 4461 τοῖς
3595 4400 3886 4463 Ἰουδαίοις,

2315 4482 2403 4533 ὅτε
2426 4478 2577 4532 εἷπον
2608 4481 2773 4550 αὑτῷ,
2818 4479 3015 4548 Ἡμεῖς
3044 4480 3111 4532 ἐκ
3133 4481 3237 4533 τοῦ
3267 4479 3411 4534 Θεοῦ
3443 4481 3656 4549 ἐσμενο
3689 4484 3757 4533 Εἰ
3785 4479 3893 4549 ἦτε

2313 4563 2382 4616 ἐκ
2405 4563 2511 4621 τοῦ
2538 4561 2705 4626 Θεοῦ,
2725 4562 2797 4614 τὰ
2819 4563 2960 4630 ἔργα
2981 4562 3077 4616 καὶ
3102 4564 3165 4616 τὸ
3189 4565 3418 4632 θέλημα
3439 4565 3543 4618 τοῦ
3568 4565 3711 4618 Θεοῦ
3727 4565 3892 4617 630:-

2315 4644 2429 4698 εῖτε
2454 4643 2531 4696 ἄν
2549 4660 2563 4675 ·
2588 4643 2702 4696 νῦν
2730 4644 2797 4696 δὲ
2816 4645 2884 4698 ἐκ
2914 4645 3021 4698 τοῦ
3041 4647 3262 4713 πατρὸς
3290 4645 3456 4714 ὑμῶν
3479 4647 3615 4700 ἐστε
3638 4647 3743 4699 τοῦ
3766 4647 3894 4700 δια-

2317 4730 2519 4783 ϐόλου.
2571 4722 2704 4780 Εἶπε
2739 4728 2827 4780 τὸν
2874 4727 3134 4791 διάϐολον,
3191 4731 3282 4782 καὶ
3312 4729 3511 4791 εὐθέως
3553 4730 3754 4796 εἰσάγει
3795 4734 3892 4798 τὴν

2320 4809 2557 4878 ἰστορίαν
2586 4824 2600 4838 ·
2647 4807 2928 4874 Ἐκεῖνος,
2961 4812 3144 4879 φησὶν,
3178 4811 3664 4876 ἀνθρωποκτόνος
3687 4807 3766 4878 ἦν
3789 4811 3890 4863 ἀπ’

2315 4889 2528 4958 ἀρχῆς.
2564 4892 2674 4944 Καὶ
2707 4893 2734 4944 6
2767 4891 2865 4961 μὲν
2904 4893 3122 4960 οἰκέτης
3157 4892 3231 4954 ὡς
3265 4893 3478 4962 οἰκέτης
3511 4895 3890 4962 ήρμήνευσεν⁶

2315 4975 2344 5024 6
2379 4973 2434 5026 δὲ
2467 4972 2740 5041 Δεσπότης
2773 4972 2846 5035 ώς
2876 4974 3152 5041 Δεστότης
3187 4974 3447 5038 ἐδίδαξεν·
3480 4975 3642 5040 ἔδειξε
3675 4975 3766 5026 τὸν
3800 4992 3892 5042 φο-

2315 5055 2582 5108 νεύσαντα
2613 5055 2703 5107 τὸν
2746 5056 2931 5123 Ἀδάμ.
2978 5055 3089 5107 Ούκ
3141 5051 3292 5106 εἶπεν
3325 5057 3505 5118 ἀπλῶς
3535 5098 3548 5118 ,
3583 5057 3780 5117 Φονεὺς

2317 5137 2430 5188 ἀλλ’
2472 5138 2985 5202 ἀνθρωποκτόνος.
3027 5134 3102 5188 Ού
3131 5137 3236 5205 γὰρ
3271 5139 3364 5190 ἕνα
3411 5139 3636 5197 ἀνεῖλεν,
3665 5136 3798 5188 ἀλλά
3826 5137 3892 5188 δι’

2317 5219 2524 5271 ἐκείνου
2560 5218 2733 5270 πάντα
2767 5219 3070 5288 ἄνθρωπον.
3110 5221 3218 5272 Καὶ
3257 5221 3328 5272 ἐν
3370 5221 3444 5288 τῇ
3484 5222 3750 5286 ἀληθεία,
3786 5239 3892 5288 φη-

2319 5304 2423 5366 σίν,
2459 5304 2570 5369 οὐχ
2605 5301 2882 5366 ἕστηκεν,
2912 5302 2999 5355 ὅτι
3031 5306 3301 5370 ψεύστης
3323 5305 3473 5357 ἐστί.

2388 5391 2458 5452 γ’.
2476 5384 2649 5436 Βλέπε
2672 5383 2788 5445 πῶς
2811 5385 3138 5454 ἡρμήνευσε,
3159 5387 3251 5438 καὶ
3276 5388 3351 5438 ὄτι
3372 5382 3612 5444 διάϐολός
3639 5383 3777 5442 ἐστι,
3804 5385 3894 5434 καὶ

2317 5467 2556 5537 ψεύστης
2580 5466 2712 5518 ἐστί.
2751 5467 2858 5519 Καὶ
2883 5468 2997 5530 πῶς
3024 5467 3323 5538 ἐψεύσατο;
3358 5465 3543 5520 Εἶπεν
3581 5469 3614 5519 ό
3650 5466 3786 5533 ὄφις
3817 5466 3892 5530 τῇ

2383 5578 2403 5605 ε
2432 5576 2580 5625 Savil.
2598 5576 2654 5648 In
2688 5589 2836 5638 marg.
2867 5594 2937 5640 γρ.
2963 5580 3125 5635 ἁπλῶς
3146 5582 3410 5641 προσέχειν.
3437 5577 3588 5626 Paulo
3615 5582 3716 5639 post
3760 5576 3892 5624 idem

2317 5653 2720 5762 γρδσξῗίιηέἒνὶι.
2776 5700 2823 5746 in
2872 5705 3028 5756 textu,
3073 5703 3122 5748 in
3162 5701 3382 5762 margine
3425 5705 3593 5748 autem
3629 5700 3697 5748 ἰσ.
3738 5697 3891 5762 ,ἐπῆκε

2321 5762 2386 5816 θε,
2416 5772 2474 5807 ex
2497 5759 2775 5819 conjectura
2802 5772 2998 5819 nempe.
3025 5762 3158 5810 Hanc
3183 5758 3301 5810 verb
3328 5762 3589 5810 lectionem
3622 5772 3710 5811 suo
3735 5758 3892 5809 llatae

2320 5822 2369 5870 iu
2394 5826 2528 5870 lcxlu
2547 5820 2709 5882 posuit
2728 5819 3064 5871 Combeﬁsius.
