4102 6516
292 494 406 549 485

299 594 434 648 Cum
472 594 659 648 viderit
697 594 834 649 Deus
865 593 1193 648 fatiscentem
1220 592 1449 647 animam
1470 634 1484 658 ,
1514 593 1672 646 rebus
1694 590 1885 661 jucun-

299 685 384 738 dis
412 695 617 739 recreat
645 686 783 739 illam
809 703 821 737 :
850 685 898 739 id
923 685 1061 754 quod
1093 686 1254 739 etiam
1286 685 1424 753 apud
1454 701 1549 738 nos
1582 685 1693 737 fieri
1724 685 1879 738 solet.

300 777 457 843 Smpe
501 778 641 830 enim
681 793 746 831 ex
788 778 901 830 foro
938 778 1055 847 quis
1094 788 1403 841 revertens,
1446 779 1622 832 animo
1668 777 1883 831 infinitis

300 870 623 923 t‘nmroribus
652 885 908 937 Oppresso
936 886 1112 923 rerum
1147 870 1430 923 inviSarutn
1458 878 1710 938 aspectu,
1744 868 1881 922 into-

298 960 532 1015 lerandis
567 962 953 1015 calamitatibus
991 972 1045 1014 et
1081 961 1289 1016 damnis
1330 963 1626 1027 cruciatus,
1668 962 1881 1015 domum

299 1052 600 1119 ingressus,
650 1053 864 1106 infantis
906 1053 1153 1106 solatium
1202 1053 1437 1116 invenit,
1481 1052 1881 1120 molestiamque

297 1143 541 1196 laborum
574 1154 725 1196 tener
754 1145 961 1196 animus
988 1143 1212 1198 emollit.
1243 1145 1372 1209 Quia
1400 1146 1539 1198 enim
1568 1152 1878 1198 maerentem

296 1250 402 1287 non
432 1234 544 1289 adit
578 1250 709 1288 uxor
733 1234 798 1288 ad
830 1236 1097 1301 solatium,
1130 1235 1247 1305 ejus
1274 1237 1414 1289 enim
1445 1236 1739 1289 consolatio
1769 1243 1879 1288 tum

296 1326 595 1393 importuna
627 1335 802 1392 esset,
838 1328 1061 1380 famulus
1100 1342 1227 1381 vero
1256 1328 1515 1380 consolari
1551 1342 1652 1378 non
1683 1325 1873 1388 audet,

294 1417 499 1470 inducit
529 1418 668 1471 Deus
690 1419 983 1486 simplicem
1012 1418 1262 1483 indolem,
1294 1419 1553 1486 inculpata
1584 1419 1877 1487 ignorantia

293 1509 593 1577 prmditam,
616 1524 709 1576 per
730 1511 998 1576 ipsamque
1021 1509 1288 1563 laboribus
1310 1523 1618 1577 oppressmn
1641 1508 1875 1561 animum

295 1598 425 1650 lenit
451 1610 503 1649 et
531 1598 751 1651 solatur.
789 1598 1035 1652 Famulus
1066 1600 1108 1653 si
1140 1600 1389 1662 arrideat,
1422 1600 1535 1653 heri
1565 1600 1768 1666 injuriis
1800 1601 1880 1652 in-

291 1691 493 1743 sultare
522 1691 727 1744 videtur
752 1706 766 1754 ;
799 1707 930 1743 uxor
958 1692 1000 1743 si
1032 1691 1219 1755 rideat,
1252 1691 1458 1744 videtur
1485 1691 1628 1744 nullo
1655 1692 1875 1742 calami-

296 1781 421 1835 tatis
451 1796 611 1835 sensu
639 1781 774 1834 allici
808 1800 818 1834 :
854 1781 1024 1834 infans
1058 1783 1125 1835 ob
1154 1783 1526 1845 innocentiam,
1559 1797 1664 1834 non
1694 1797 1876 1849 suspe-

290 1876 394 1930 ctis
424 1874 797 1929 blandimentis
825 1875 1023 1928 emollit
1050 1876 1280 1927 animum
1308 1892 1319 1927 :
1350 1890 1411 1929 ac
1440 1890 1581 1943 smpe
1611 1874 1749 1943 quod
1778 1889 1875 1928 nec

291 1965 449 2018 amici
481 1964 738 2028 consiliis,
771 1979 868 2017 nec
899 1964 1166 2032 sapientes
1198 1964 1408 2017 monitis
1438 1963 1650 2018 eflieere
1684 1972 1875 2032 potue-

292 2063 434 2115 runt,
464 2053 514 2105 id
544 2054 630 2108 ille
653 2053 872 2107 ridendo
896 2054 1080 2122 potuit,
1106 2069 1296 2121 nempe
1323 2069 1536 2107 omnem
1562 2053 1873 2107 calamitatis

288 2159 505 2209 sensum
534 2146 741 2198 sedare.
774 2144 995 2212 Jamque
1026 2145 1234 2197 animus
1274 2145 1324 2196 in
1370 2146 1479 2212 ipsa
1510 2144 1557 2197 vi
1591 2145 1834 2199 maeroris
1856 2185 1869 2207 ,

289 2235 430 2288 videt
457 2236 728 2295 infantem,
757 2236 906 2287 initio
930 2234 1144 2301 respuit,
1171 2235 1490 2303 depellitque
1518 2235 1869 2303 importunam

286 2326 727 2389 consolationem,
756 2342 815 2378 ex
841 2324 1151 2378 assiduitate
1179 2334 1351 2379 tamen
1374 2325 1531 2388 cedit,
1555 2335 1608 2379 et
1631 2325 1870 2393 repetitis

284 2415 591 2481 aspectibus
614 2418 820 2469 animus
842 2417 1149 2480 attrahitur;
1175 2416 1389 2469 demum
1413 2425 1631 2484 accepto
1650 2415 1865 2483 infante,

284 2508 592 2561 tlttPSlillaltl
625 2508 871 2576 deponit,
904 2508 1080 2576 aitque
1114 2526 1125 2559 :
1161 2507 1311 2561 Hunc
1346 2506 1473 2560 mihi
1513 2508 1682 2561 solum
1730 2508 1867 2561 Deus

282 2598 524 2666 largitur,
558 2598 802 2665 nullaque
832 2597 959 2650 mihi
993 2598 1128 2650 ratio
1158 2598 1507 2665 reliquorum.

355 2689 608 2740 Animalia
652 2688 719 2739 ad
763 2688 1083 2740 recteandum
1122 2686 1370 2741 hominem
1409 2697 1546 2757 apta.
1578 2717 1649 2727 ——
1680 2685 1864 2741 Viden‘

279 2780 551 2849 qu0utodo
596 2794 659 2831 cx
703 2779 985 2832 levissimis
1032 2779 1171 2831 Deus
1220 2780 1398 2832 animo
1445 2779 1862 2833 consolationem

280 2871 463 2924 indat?
487 2870 615 2935 Quia
644 2871 802 2939 igitur
826 2870 973 2924 solus
1000 2880 1115 2924 erat
1142 2870 1309 2923 Adam
1350 2870 1399 2923 in
1442 2869 1687 2940 paradiso
1710 2912 1724 2935 ,
1758 2885 1861 2924 non

276 2964 508 3016 anticum
533 2963 752 3027 habens,
776 2976 878 3015 non
903 2962 1155 3026 vicinum,
1178 2976 1282 3015 non
1305 2971 1606 3031 cognatum,
1627 2960 1690 3014 ad
1714 2960 1861 3015 illum

276 3054 628 3108 recreandum
660 3053 862 3107 induxit
894 3053 967 3105 illi
1012 3053 1151 3105 Deus
1185 3054 1469 3115 animalia;
1500 3063 1717 3119 puta,ut
1739 3064 1863 3106 sunt

276 3147 547 3215 hodieque
590 3147 833 3199 animalia
871 3145 934 3198 ad
970 3145 1277 3198 imitandum
1316 3155 1469 3214 apta,
1501 3160 1725 3213 quorum
1758 3146 1857 3197 alia

272 3248 491 3308 gestus,
525 3238 627 3290 alia
660 3251 839 3289 vocem
883 3236 1192 3299 imitantur;
1228 3236 1369 3289 verbi
1400 3251 1588 3296 causa,
1623 3236 1859 3287 imitatur

271 3332 429 3383 simia
458 3339 637 3399 gestus
664 3328 934 3382 hominum
960 3344 973 3391 ;
1003 3336 1058 3381 et
1084 3328 1131 3380 id
1158 3342 1323 3397 genus
1346 3328 1446 3380 alia
1479 3344 1491 3380 :
1521 3342 1701 3381 vocem
1731 3327 1859 3396 psit-

272 3434 425 3475 tacus
468 3423 694 3490 alimque
732 3436 873 3473 aves.
920 3420 1114 3473 Habuit
1143 3434 1270 3488 ergo
1305 3419 1549 3473 solatium
1584 3434 1649 3471 ex
1690 3417 1857 3472 brutis

268 3515 628 3568 animantibus
650 3556 663 3579 ,
694 3514 811 3567 aliis
840 3512 1263 3577 cantillantibus,
1299 3512 1414 3566 aliis
1442 3511 1853 3566 blandientibus.

267 3607 404 3661 Cum
438 3607 599 3659 multa
632 3606 789 3674 igitur
815 3604 1062 3657 animalia
1091 3613 1303 3669 essent,
1338 3619 1456 3672 qua:
1493 3604 1663 3673 ipsum
1695 3604 1855 3657 solari

268 3711 513 3769 possent,
535 3716 755 3768 serpens
772 3699 1143 3753 callidissimus
1164 3711 1275 3752 erat
1296 3700 1432 3752 inter
1453 3715 1638 3753 omnes
1660 3699 1856 3753 bestias

268 3803 461 3855 terras,
504 3801 558 3843 ιιι
596 3791 667 3842 ait
708 3790 973 3857 Scriptura
1005 3806 1019 3843 ί
1050 3788 1266 3855 Serpens
1304 3800 1469 3842 autem
1496 3800 1599 3843 erat
1625 3791 1857 3842 callidior

266 3881 463 3933 cunctis
490 3880 652 3932 bestiis
671 3920 685 3941 ,
713 3896 835 3946 quas
865 3883 1048 3947 fecerat
1084 3879 1323 3931 Dominus
1353 3880 1489 3932 Deus
1523 3879 1670 3951 (Gen.
1696 3882 1747 3934 5.
1779 3880 1851 3947 1).

341 3972 397 4025 2.
426 3970 644 4039 Serpens
666 3970 806 4022 initio
828 3971 1017 4021 amicus
1040 3971 1251 4022 hominis
1273 3986 1288 4031 ;
1322 3972 1570 4039 quomodo
1588 3972 1673 4024 ille
1695 3971 1855 4023 Evam

265 4066 559 4135 alloquutus
587 4070 669 4116 stt.
693 4092 763 4101 —
790 4063 912 4115 Erat
944 4062 1101 4130 igitur
1127 4073 1179 4115 et
1209 4062 1444 4116 imitandi
1472 4072 1525 4117 et
1551 4063 1851 4117 blandiendi

265 4167 387 4209 arte
417 4154 625 4209 cmteris
650 4154 911 4222 superior.
940 4152 1015 4206 Ne
1037 4152 1281 4207 attendas
1313 4153 1562 4223 prmsenti
1593 4155 1850 4221 aspecmi,

264 4248 413 4319 quod
446 4262 636 4315 nempe
686 4248 855 4317 ipsum
902 4247 1161 4316 fugiamus
1192 4258 1245 4300 et
1288 4246 1602 4301 horreamus
1634 4266 1649 4303 :
1677 4248 1743 4301 ab
1774 4248 1856 4300 in-

266 4344 367 4397 itio
406 4342 483 4395 sic
524 4356 629 4395 non
667 4351 799 4394 erat.
835 4342 1050 4394 Amicus
1095 4350 1208 4393 erat
1249 4356 1469 4408 serpens
1494 4350 1546 4394 et
1584 4341 1854 4394 blanditiis

265 4432 619 4502 prOpinquus.
650 4431 779 4499 Quis
802 4446 928 4499 ergo
955 4431 1099 4484 illum
1129 4431 1396 4484 inimicum
1432 4430 1588 4484 fecit?
1613 4432 1701 4484 Dei
1731 4446 1854 4483 scn-

265 4526 435 4578 tentia
468 4541 481 4577 :
515 4522 817 4576 Maledictus
839 4524 977 4576 enim
1004 4533 1054 4574 tu
1082 4539 1186 4588 pra:
1208 4522 1435 4574 omnibus
1459 4522 1642 4575 bestiis.
1675 4520 1853 4574 Inimi-

264 4619 443 4672 citiam
464 4632 653 4682 ponam
677 4618 805 4668 inter
833 4624 878 4667 te
902 4624 944 4667 et
970 4616 1223 4667 mulierem
1252 4613 1399 4675 (Gen.
1426 4616 1476 4668 5.
1505 4614 1587 4667 M.
1616 4615 1723 4682 15).
1754 4612 1855 4666 lni-

266 4706 471 4761 tuicitia
503 4705 587 4757 illa
620 4704 903 4757 amicitiam
929 4703 1103 4755 solvit.
1124 4703 1421 4755 Amicitiam
1452 4703 1591 4769 dico,
1613 4718 1715 4756 non
1738 4719 1853 4771 qua:

266 4800 479 4852 ratione
501 4796 741 4858 ducatur,
767 4795 857 4849 sed
886 4812 1003 4865 qua:
1033 4796 1201 4849 bruta:
1219 4797 1500 4849 animantis
1516 4797 1850 4864 cognitione;

267 4901 321 4943 ut
374 4887 641 4956 hodieque
680 4886 913 4939 oSlentlil
947 4887 1095 4940 canis
1133 4888 1379 4938 amicitiae
1429 4888 1697 4953 speciem,
1748 4904 1851 4939 non

265 4981 499 5040 ratione,
530 4977 621 5030 scd
674 4977 894 5030 naturali
940 4987 1083 5030 motu
1122 4998 1133 5031 :
1162 4980 1238 5029 sic
1267 4990 1320 5029 et
1348 4992 1569 5043 serpens
1618 4976 1854 5029 blandie-

267 5072 429 5125 batur
460 5068 676 5121 homini.
712 5066 778 5121 Ut
804 5083 930 5135 ergo
956 5068 1042 5137 qni
1069 5067 1285 5119 multam
1318 5067 1724 5119 familiaritatem
1760 5066 1851 5118 ha-

268 5166 447 5222 beret,
477 5161 619 5213 visus
645 5169 727 5213 est
749 5159 959 5213 diabolo
985 5174 1104 5213 esse
1140 5160 1389 5213 idoneum
1420 5159 1849 5210 instrumentum.

268 5252 475 5305 \‘itlens
523 5248 682 5318 igitur
722 5250 981 5300 Adamum
1028 5260 1277 5317 serpente
1325 5246 1595 5309 delectari,
1638 5262 1855 5315 serpen-

271 5356 379 5399 tem
427 5342 500 5395 illi
543 5340 836 5393 abbiandiri
864 5380 876 5400 ,
920 5340 1189 5407 multaque
1238 5357 1299 5394 ex
1338 5341 1579 5393 humanis
1624 5341 1850 5403 imitari,

269 5434 592 5502 excogitavit
638 5432 760 5486 mali
800 5430 1018 5495 artifex,
1063 5441 1121 5483 ut
1180 5432 1251 5485 illi
1299 5436 1386 5499 qui
1427 5432 1577 5484 dolos
1619 5442 1852 5493 nectunt,

270 5527 472 5595 quique
503 5540 597 5592 per
624 5524 837 5593 prepria
878 5523 1136 5591 cujusque
1178 5522 1435 5590 adrepunt
1468 5542 1480 5575 :
1511 5539 1667 5577 nemo
1713 5526 1852 5577 enim

272 5631 371 5683 per
401 5622 677 5676 extranea,
710 5612 802 5665 sed
848 5628 943 5681 per
975 5612 1183 5681 propria
1214 5627 1302 5666 res
1350 5613 1480 5667 tales
1527 5615 1767 5673 coniicit;
1802 5631 1855 5666 u;

270 5706 346 5757 ait
368 5703 617 5757 Servator
638 5720 650 5755 :
671 5701 873 5754 Inimici
895 5701 1108 5755 hominis
1130 5703 1387 5756 domestici
1412 5706 1515 5772 ejus
1535 5705 1743 5775 (Matth.
1768 5706 1855 5761 l0.

270 5794 377 5867 36).
395 5793 650 5864 Loquitur
663 5808 790 5863 ergo
806 5808 900 5862 per
913 5803 1210 5863 serpentem
1224 5794 1399 5850 fucum
1420 5796 1616 5854 faciens
1628 5802 1851 5857 Adamo.

271 5886 421 5957 Rogo
445 5895 673 5941 vestram
703 5886 1015 5955 caritatem,
1054 5902 1119 5942 ne
1148 5887 1504 5957 perfunctorie
1543 5896 1847 5950 attendatis.

1334 479 1419 533 DE
1456 478 1669 534 MUNDI
1706 472 2099 532 CREATIONE
2140 476 2394 534 ORATIO
2433 479 2516 533 Vl.

3461 506 3577 562 486

1991 589 2105 645 Non
2129 592 2258 646 !evis
2284 603 2363 648 est
2393 595 2636 664 quteStio,
2659 597 2925 665 quomodo
2948 613 3168 667 serpens
3198 601 3445 671 loquutus
3471 605 3570 669 sit,

1991 695 2059 734 an
2104 681 2331 736 humana
2378 700 2527 749 voce,
2572 701 2636 739 an
2671 690 2932 755 serpentis
2980 690 3157 756 sibilo,
3210 693 3568 764 intellexitque

1991 772 2120 826 Eva.
2162 775 2328 828 Adam
2361 787 2483 831 ante
2512 780 2986 849 transgressionem
3003 783 3190 853 plenus
3215 796 3330 840 erat
3359 789 3564 856 sapien-

1992 862 2081 927 tia,
2113 863 2478 933 intelligentia,
2508 882 2569 920 ac
2598 868 2893 938 prophetia.
2937 870 3119 941 Cogita
3146 886 3339 943 quanta
3374 878 3566 945 pratdi-

1991 962 2073 1006 tus
2113 965 2255 1009 esset
2303 959 2582 1027 sapientia,
2616 962 2703 1030 qui
2757 973 2931 1031 posset
2982 981 3116 1019 unus
3160 968 3303 1021 nullo
3351 968 3569 1023 homine

1989 1044 2227 1113 doctore,
2262 1050 2473 1102 nomina
2505 1052 2779 1119 imponere
2808 1055 3123 1122 volatilibus,
3159 1059 3455 1127 reptilibns,
3488 1059 3565 1113 fe-

1988 1137 2081 1201 ris,
2116 1154 2218 1191 uno
2255 1141 2418 1194 verbo
2463 1144 2727 1198 omnibus.
2760 1144 2812 1198 In
2843 1157 3020 1202 mente
3066 1157 3149 1202 tua
3184 1150 3409 1220 depinge
3444 1168 3567 1221 δρία

1985 1231 2114 1294 cies,
2145 1247 2371 1301 genera;
2413 1244 2571 1302 utque
2614 1239 2929 1304 compendio
2954 1239 3148 1305 dicam,
3181 1251 3256 1294 tot
3291 1243 3561 1312 imposuit,

1984 1333 2112 1391 quot
2142 1323 2299 1377 hodie
2332 1340 2427 1379 nos
2452 1335 2569 1394 post
2599 1330 2979 1395 experientiam
3022 1348 3126 1386 non
3178 1350 3455 1402 possumus
3480 1354 3560 1391 re-

1984 1415 2180 1469 Colere.
2214 1416 2435 1482 Quando
2475 1420 2630 1488 igitur
2661 1422 2797 1475 Deus
2822 1424 3012 1477 obtulit
3054 1428 3304 1481 animalia
3334 1428 3556 1496 homini,

1983 1507 2071 1561 ille
2099 1517 2161 1561 ut
2202 1511 2414 1578 sapiens
2438 1528 2498 1565 ac
2541 1513 2629 1566 Dei
2676 1515 2919 1583 spiritum
2968 1516 3188 1585 habens,
3230 1521 3558 1589 singulorum

1984 1600 2363 1665 proprietatem
2394 1603 2620 1657 videbat.
2670 1606 3057 1660 Animadvertit
3084 1624 3209 1663 vero
3257 1621 3557 1680 serpentem

1981 1689 2312 1744 solertiorem
2357 1708 2498 1756 esse,
2546 1710 2703 1748 sensu
2753 1698 2971 1763 pollere,
3023 1715 3087 1751 ex
3133 1701 3346 1755 nutibus
3385 1713 3559 1757 motus

1980 1778 2138 1832 animi
2171 1782 2459 1850 percipere.
2502 1783 2633 1837 Cum
2665 1787 2740 1838 sic
2784 1787 2949 1840 Adam
2978 1804 3033 1842 se
3063 1789 3298 1856 haberet,
3334 1809 3557 1861 perpen-

1979 1871 2055 1923 dit
2080 1871 2320 1929 diabolus
2348 1884 2402 1929 et
2437 1880 2699 1945 serpentis
2739 1882 3003 1945 astutiam,
3037 1890 3089 1935 et
3114 1883 3301 1937 Adatni
3347 1886 3556 1953 opinio-

1980 1978 2099 2017 nem
2131 1984 2143 2018 :
2173 1968 2389 2034 putabat
2436 1972 2576 2022 enim
2625 1982 2927 2040 serpentem
2975 1976 3224 2030 solertem
3269 1994 3403 2033 esse.
3456 1980 3557 2034 Per

1978 2055 2125 2109 illum
2154 2072 2281 2126 ergo
2312 2058 2561 2127 loquitur,
2591 2072 2646 2115 ut
2677 2066 3033 2131 suspicaretur
3059 2067 3225 2119 Adam
3254 2079 3552 2137 serpentem

1976 2163 2094 2202 cum
2117 2164 2271 2219 sagax
2292 2164 2450 2216 esset,
2470 2154 2569 2207 hoc
2593 2157 2902 2221 prmstitisse
2926 2168 3042 2211 tttet
3061 2158 3340 2214 humanam
3368 2178 3550 2217 vocem

1978 2241 2293 2297 imitaretur.
2326 2246 2537 2299 Accedit
2567 2264 2691 2315 ergo
2719 2263 2960 2317 serpens.
3004 2250 3269 2319 Nusquam
3298 2268 3421 2307 vero
3452 2255 3551 2310 hoc

1975 2332 2244 2402 Scriptura
2287 2335 2437 2399 dixit,
2468 2337 2734 2392 diabolum
2780 2356 2969 2408 nempe
2998 2344 3048 2396 in
3077 2356 3323 2412 serpente
3368 2347 3554 2415 loquu-

1975 2435 2081 2477 tum
2108 2442 2246 2488 esse,
2272 2427 2364 2481 sed
2385 2440 2439 2483 ct
2460 2429 2667 2500 Moyses
2699 2433 3005 2500 simpliciter
3032 2450 3139 2488 rem
3168 2448 3366 2504 gestata
3390 2454 3547 2491 enar-

1973 2517 2124 2569 ravit.
2174 2519 2491 2588 Diligenter,
2539 2538 2753 2590 qureso,
2798 2524 3175 2578 animadverte.
3222 2527 3413 2581 Paulus
3457 2530 3547 2597 qtti

1970 2610 2234 2663 secundus
2264 2612 2311 2663 in
2344 2614 2583 2680 paradiso
2610 2613 2722 2677 fuit,
2752 2630 2847 2669 nec
2884 2617 2981 2684 ipsi
3006 2618 3198 2670 dictum
3242 2620 3545 2687 explicavit,

1970 2700 2059 2753 sed
2091 2701 2164 2753 ait
2199 2719 2209 2752 :
2244 2700 2500 2768 Despondi
2532 2721 2612 2756 vos
2643 2705 2729 2756 uni
2754 2706 2857 2757 viro
2896 2706 3133 2775 virginem
3160 2719 3368 2772 castam,
3400 2712 3542 2764 exhi-

1969 2790 2080 2843 bere
2105 2790 2321 2843 Christo.
2346 2790 2513 2844 Timeo
2534 2803 2718 2857 autem,
2741 2811 2801 2845 ne
2828 2796 2952 2847 sirut
2983 2812 3181 2864 serpens
3210 2797 3365 2851 Evam
3395 2801 3544 2854 sedu-

1966 2882 2040 2933 xit
2070 2881 2119 2933 in
2142 2882 2323 2933 astutia
2345 2899 2437 2933 sua
2466 2882 2538 2951 (9..
2559 2883 2675 2936 Cor.
2698 2884 2780 2937 11.
2799 2884 2852 2936 2.
2873 2884 2926 2953 3)
2953 2904 2964 2938 :
2992 2902 3085 2939 nec
3108 2887 3258 2947 dixit,
3288 2889 3336 2941 id
3355 2889 3538 2945 diabo-

1969 2971 2074 3023 lum
2098 2971 2303 3026 fecisse.
2326 2973 2517 3027 Fidelis
2540 2974 2927 3043 Scripturarutn
2952 2988 3127 3031 custos
3151 2990 3282 3044 erat,
3305 2982 3540 3051 Scriptu-

1966 3077 2142 3117 rarum
2188 3063 2448 3131 minister,
2480 3064 2869 3134 Scripturarum
2917 3067 3121 3132 doctor,
3149 3070 3537 3138 Scripturarum

1965 3154 2245 3221 interpres.
2266 3155 2442 3208 Noluit
2470 3156 2662 3208 dictum
2688 3159 2915 3221 solvere,
2952 3173 3015 3210 ne
3037 3157 3423 3225 Scripturarum
3454 3178 3539 3213 or-

1962 3242 2140 3296 dinem
2186 3246 2447 3307 solveret;
2492 3245 2583 3297 sed
2633 3248 2892 3297 sententia
2941 3248 3095 3299 solvit
3144 3252 3485 3316 quaestionem
3523 3271 3532 3303 :

1965 3330 2154 3396 Timeo,
2182 3336 2368 3404 inquit,
2399 3352 2459 3387 ne
2486 3338 2610 3388 sicut
2637 3353 2837 3401 serpens
2869 3336 3023 3388 Evam
3050 3338 3243 3391 seduxit
3271 3341 3321 3391 in
3355 3343 3537 3394 astutia

1960 3442 2071 3488 sua,
2092 3428 2162 3478 sic
2180 3438 2565 3495 corrumpantur
2582 3445 2749 3480 sensus
2766 3431 2931 3480 vestri.
2954 3429 3040 3482 Sic
3061 3432 3393 3498 ,‘quomodo'l
3410 3449 3534 3488 nunt

1962 3516 2225 3569 metuebat
2246 3518 2460 3581 Paulus,
2486 3534 2551 3571 ne
2578 3532 2782 3570 rursum
2807 3534 3025 3587 serpens
3048 3523 3270 3585 veniret,
3294 3538 3354 3576 ac
3376 3541 3535 3593 quos-

1960 3610 2080 3662 dam
2103 3610 2689 3676 sedueetet?At,Novi,
2711 3611 2907 3679 inquit,
2928 3613 3072 3667 illum
3100 3625 3400 3683 serpentem
3430 3632 3534 3671 non

1958 3717 2233 3770 apparere,
2256 3703 2346 3755 sed
2368 3712 2584 3771 apparet
2609 3702 2651 3754 is
2672 3706 2757 3771 qui
2780 3703 2828 3755 in
2857 3704 2947 3756 illo
2964 3714 3211 3773 operatus
3230 3715 3329 3760 est.
3362 3708 3533 3763 (Σίριος

1961 3809 2073 3846 rum
2099 3793 2308 3856 Paulus,
2326 3804 2379 3847 ut
2397 3793 2565 3847 ﬁdelis
2588 3794 2845 3857 minister,
2872 3806 2922 3848 et
2944 3810 3211 3849 sacrarum
3232 3796 3531 3867 Scriptura-

1960 3901 2075 3938 rum
2098 3897 2295 3949 custos,
2316 3886 2511 3939 dictum
2537 3900 2640 3938 non
2669 3887 2899 3947 invertit,
2926 3886 3017 3939 sed
3056 3890 3369 3941 sententiam
3392 3890 3531 3943 indi—

1958 3976 2127 4029 cavit:
2155 3978 2265 4043 ipse
2289 3993 2412 4028 Vero
2438 3985 2691 4035 veterum,
2716 3991 2992 4036 uovormn,
3019 3976 3416 4047 futurorumque
3439 3981 3535 4033 Do.

1960 4066 2154 4129 minus,
2176 4066 2521 4133 quaestionem
2542 4064 2738 4131 liquido
2755 4065 2927 4127 solvit,
2958 4081 3023 4118 ne
3045 4066 3160 4133 quis
3184 4081 3452 4135 peccatum
3479 4071 3529 4122 itt

1958 4165 2256 4223 serpentem
2282 4153 2494 4217 referat,
2516 4154 2607 4206 sed
2626 4154 2673 4206 in
2694 4169 2812 4207 eum
2836 4155 2923 4222 qui
2949 4155 2998 4206 in
3025 4156 3136 4221 ipso
3158 4166 3405 4223 operatus
3428 4169 3525 4211 est.

1958 4248 2045 4299 Ait
2087 4247 2261 4314 itaque
2300 4246 2542 4299 Christus
2584 4244 2780 4297 Judaeis
2808 4260 2926 4296 eum
2968 4245 3203 4298 dicerent
3230 4247 3298 4311 ei,
3334 4246 3444 4300 Nos
3472 4266 3533 4301 ea:

1958 4336 2064 4389 Deo
2093 4354 2261 4389 sumus
2296 4353 2311 4387 .·
2338 4336 2393 4388 Si
2418 4352 2478 4387 ea:
2521 4334 2624 4386 Deo
2652 4336 2838 4398 essetis,
2870 4334 2965 4386 Dei
2991 4336 3156 4403 utique
3191 4354 3339 4405 Opera
3366 4356 3423 4390 ac
3447 4357 3531 4391 v0-

1958 4429 2195 4480 luntalem
2216 4429 2321 4495 ejus
2346 4428 2595 4497 faceretis.
2614 4424 2763 4478 Nunc
2789 4442 2901 4478 vero
2918 4443 2980 4479 ex
3005 4438 3144 4495 patre
3161 4438 3316 4479 vestro
3335 4429 3533 4482 diabolo

1957 4522 2093 4572 estis.
2120 4520 2260 4571 Dixit
2309 4518 2597 4581 diabolum,
2630 4527 2683 4571 et
2735 4518 2911 4570 statim
2964 4518 3236 4571 historiam
3288 4519 3529 4573 inducit:

1958 4608 2082 4670 Ille,
2112 4610 2296 4678 inquit,
2324 4609 2572 4662 homicida
2598 4620 2703 4660 erat
2730 4610 2790 4661 ab
2833 4610 2995 4661 initio.
3031 4610 3225 4663 Servus
3253 4620 3308 4662 ttt
3347 4627 3535 4664 servos

1958 4702 2329 4769 interpretatus
2353 4710 2461 4765 est;
2497 4701 2747 4755 Dominus
2765 4712 2937 4754 autem
2962 4712 3016 4755 ut
3042 4702 3291 4755 Dominus
3317 4704 3491 4755 docuit
3515 4720 3527 4754 :

1956 4796 2188 4848 ostendit
2227 4812 2344 4847 eum
2374 4796 2457 4863 qui
2504 4796 2760 4848 Adatnum
2790 4794 3075 4847 occiderat.
3106 4792 3217 4845 Non
3255 4791 3391 4844 dixit
3420 4802 3535 4845 tan-

1959 4900 2068 4942 tum
2114 4888 2525 4951 interfectorem,
2553 4889 2645 4941 sed
2693 4885 3027 4938 homicidam.
3062 4883 3172 4937 Non
3200 4886 3338 4936 enim
3370 4902 3534 4941 unum

1958 4988 2159 5030 tantum
2208 4979 2437 5038 occidit,
2469 4977 2558 5028 sed
2586 4991 2675 5041 per
2717 4975 2856 5025 illtun
2890 4986 3072 5024 omnes
3104 4971 3360 5026 homines.
3393 4973 3456 5026 Et
3483 4978 3533 5027 in

1957 5070 2177 5127 veritate,
2224 5068 2409 5133 inquit,
2437 5082 2533 5116 non
2557 5065 2684 5115 stetit
2710 5080 2725 5114 :
2753 5065 2869 5133 quia
2900 5063 3116 5114 mendax
3143 5074 3214 5115 est
3245 5066 3260 5132 (
3291 5062 3445 5119 Joan.
3479 5067 3531 5119 8.

2033 5159 2163 5211 .42.
2194 5158 2304 5211 Η).

2033 5200 2043 5211 .
2078 5159 2163 5211 4Ξ.
2194 5158 2258 5209 Η
2293 5195 2304 5206 .

1955 5161 2081 5302 “5.
2124 5157 2343 5316 Serpitis
2373 5247 2632 5298 mulierem
2659 5245 2918 5314 alloquens
2944 5247 3175 5297 mentitus
3199 5254 3286 5298 est.
3310 5275 3380 5283 —-—
3403 5245 3534 5299 Vide

1959 5341 2225 5410 quomodo
2272 5342 2642 5405 interpretatus
2681 5349 2761 5390 est
2804 5348 2855 5391 et
2900 5337 3040 5406 quod
3088 5336 3157 5389 sit
3197 5336 3460 5401 diabolus,
3488 5348 3540 5390 et

1960 5433 2097 5503 quod
2122 5434 2189 5485 sit
2230 5431 2470 5483 mendax.
2515 5430 2795 5496 Quomodo
2826 5431 3074 5483 mentitus
3104 5430 3221 5482 est?
3273 5429 3412 5483 Dixit
3434 5448 3538 5483 ser-

1960 5542 2080 5595 pens
2119 5523 2313 5574 mulieri
2347 5538 2363 5573 :
2392 5521 2490 5574 Cur
2534 5521 2767 5589 pt'wcepit
2810 5520 2944 5571 vobis
2988 5519 3146 5583 Deus,
3200 5530 3252 5571 ut
3278 5538 3373 5573 non
3405 5537 3536 5571 t‘om-

1961 5614 2159 5667 ederitis
2190 5615 2250 5665 de
2278 5614 2413 5664 omni
2451 5614 2585 5681 ligno
2609 5612 2756 5683 (Gen.
2784 5614 2835 5665 ὅ.
2880 5611 2957 5679 l)?
2981 5610 3170 5663 Vidisti
3195 5612 3536 5663 mendacem?

1963 5708 2177 5760 Dixerat
2221 5705 2358 5759 Deus
2390 5723 2401 5757 :
2439 5705 2509 5759 De
2554 5707 2696 5757 omni
2740 5705 2880 5773 ligno
2907 5702 3188 5764 eomedite,
3218 5702 3282 5752 dc
3310 5717 3411 5752 uno
3438 5716 3536 5751 au-

1961 5810 2067 5856 tem
2095 5814 2159 5852 ne
2186 5798 2511 5861 comedatis;
2566 5797 2795 5850 mendax
2840 5796 2927 5850 ille
2952 5799 3025 5847 ait
3054 5812 3064 5845 :
3095 5795 3200 5846 Cur
3230 5791 3359 5843 dixit
3389 5791 3537 5845 vobis

1965 5898 2123 5961 Dens,
2153 5904 2209 5949 ut
2241 5892 2307 5949 de
2335 5892 2475 5945 omni
2508 5890 2649 5957 ligno
2674 5904 2737 5943 ne
2765 5885 3094 5946 comedatis?
3137 5884 3249 5938 Non
3292 5881 3541 5937 mentitur
