4102 6468
542 549 740 607 Christi
788 561 922 602 vox:
965 541 1066 597 Ille
1093 537 1314 595 mendax
1338 543 1429 588 est.
1465 531 1712 586 Mentitus
1739 533 1821 580 est
1850 534 2050 586 autem,
2083 529 2137 573 et

543 642 758 714 quidem
785 639 1037 710 graviter.
1067 633 1199 689 Cum
1228 630 1347 700 quis
1377 626 1518 682 enim
1546 622 1732 677 dolose
1761 615 1958 687 aliquid
1986 615 2136 668 moli-

548 746 654 800 tur,
701 742 792 786 aut
835 727 1207 785 necessitatem
1254 720 1490 785 simulat,
1535 725 1625 770 aut
1662 708 2038 783 ignorantiam,
2080 713 2138 758 ut

545 843 654 882 non
701 831 1004 895 suspectam
1052 817 1266 873 inducat
1313 811 1660 883 pravitatem;
1709 819 1771 856 ac
1810 801 1854 854 si
1902 799 2134 858 diceret,

542 921 659 975 Non
692 918 838 982 novi,
878 912 1039 969 nulla:
1081 920 1204 965 sunt
1233 905 1466 960 insidizc:
1512 895 1735 966 simplici
1780 892 1960 944 animo
1990 887 2131 952 veni,

544 1012 676 1068 nihil
715 1011 845 1063 scio.
896 1003 1087 1059 Nonne
1131 999 1417 1052 multorum
1464 991 1642 1044 talium
1693 984 1891 1039 fecistis
1932 980 2138 1048 pericu-

542 1103 694 1161 lum?
719 1119 786 1157 an
819 1101 1121 1168 ignoramus
1141 1091 1265 1146 dolo
1288 1086 1546 1141 utentium
1580 1079 1778 1149 opera?
1813 1089 1990 1129 nonne
2014 1070 2134 1123 talia

543 1201 828 1255 consuunt,
863 1200 916 1244 et
949 1184 1297 1258 ignorantiam
1332 1172 1660 1250 praetexunt?
1685 1171 1774 1226 Sic
1792 1177 1847 1223 et
1869 1164 2131 1221 diabolus.

545 1290 673 1351 Cur,
702 1285 895 1355 inquit,
919 1255 1052 1335 dixit
1069 1277 1221 1332 vobis
1244 1274 1384 1328 Deus
1400 1271 1424 1323 ?
1443 1267 1575 1322 Male
1591 1274 1645 1319 et
1675 1274 1923 1332 perverse
1937 1255 2132 1319 audivi,

545 1389 600 1434 nt
630 1393 736 1434 non
766 1370 1120 1430 comederetis
1149 1366 1214 1420 dc
1245 1361 1389 1417 omni
1440 1361 1600 1429 ligno.
1650 1353 1976 1407 Evistimans
2014 1361 2136 1400 mu-

547 1472 646 1526 iier
678 1469 726 1523 id
756 1462 1109 1537 ignorantiam
1139 1470 1281 1520 esse,
1306 1463 1606 1509 sermunem
1635 1443 1872 1512 corrigit.
1895 1439 2010 1494 Non
2041 1438 2134 1501 ita,

549 1834 870 1895 moriamiui.
905 1832 1062 1884 Visus
1088 1836 1168 1882 est
1193 1824 1372 1878 dicere
1401 1815 1542 1889 quod
1576 1810 1848 1869 nesciebat
1875 1823 1889 1859 :
1912 1806 2021 1875 jam
2049 1817 2140 1855 su-

545 1931 714 2003 spicio
744 1943 849 1983 non
894 1930 1029 1988 erat,
1057 1917 1199 1989 quod
1248 1911 1622 1970 insidiaretur;
1671 1902 1852 1970 aitque
1880 1897 1954 1951 illi
1987 1913 2001 1949 :
2033 1891 2140 1947 Ne-

547 1986 799 2091 qitaquam
824 2023 984 2068 morte
1017 1986 1308 2065 moriemini
1337 1999 1486 2073 (Gen.
1517 1998 1571 2050 3.
1593 1992 1670 2066 4).
1707 1993 1787 2047 Εη
1815 1986 1957 2043 aliud
1987 1999 2140 2039 men-

549 2113 786 2169 dacium.
829 2109 938 2164 Deo
967 2114 1196 2172 namque
1225 2097 1454 2158 dicente,
1485 2089 1549 2143 In
1573 2097 1883 2158 quacumque
1905 2079 1988 2132 die
2004 2091 2143 2129 cont-

551 2205 776 2269 ederitis,
800 2209 958 2253 morte
977 2189 1283 2254 moriemini,
1309 2188 1383 2241 ait
1402 2181 1642 2239 diabolus
1659 2196 1670 2228 :
1690 2175 2024 2244 Nequaquam
2034 2183 2143 2220 mo-

548 2297 750 2354 riemini
766 2309 784 2359 ;
811 2295 1001 2349 iterum
1033 2285 1289 2344 mentitus
1312 2290 1412 2336 est.
1449 2272 1653 2332 Sciebat
1683 2269 1815 2324 enim
1843 2266 1997 2324 Deus,
2025 2260 2142 2330 quia

549 2411 649 2463 qua
677 2390 756 2444 die
778 2382 1115 2446 comederitis,
1146 2377 1283 2433 eritis
1305 2374 1433 2428 sicut
1454 2368 1544 2422 dii.
1572 2365 1650 2419 En
1682 2361 1894 2417 tertium
1921 2352 2142 2410 menda-

552 2487 718 2541 cinm.
747 2479 882 2534 V'ide
905 2475 1147 2531 dolosam
1184 2464 1381 2524 diaboli
1411 2459 1720 2529 nequitiam.
1753 2452 1868 2507 Jam
1916 2460 2142 2520 praeme-

551 2575 754 2630 ditatur
779 2581 1016 2626 errorem
1046 2560 1244 2618 mundo
1272 2552 1642 2611 disseminare.
1668 2547 1733 2599 Et
1758 2543 1878 2612 quia
1904 2539 2141 2599 molitur,

555 2676 615 2721 ut
641 2663 778 2728 dixi,
826 2661 1005 2730 plures
1052 2655 1183 2709 deos
1224 2651 1275 2704 in
1319 2647 1450 2702 orbe
1497 2640 1754 2699 excitare,
1803 2637 2144 2688 antevertens

554 2757 782 2830 quadam
824 2747 1143 2809 narrationis
1187 2742 1387 2813 specie,
1412 2735 1642 2808 plurium
1683 2730 1908 2786 deorum
1933 2721 2146 2791 opinio-

556 2865 678 2906 nem
708 2850 761 2903 in
789 2845 1005 2901 auribus
1036 2836 1275 2894 mulieris
1306 2828 1551 2886 inseruit.
1581 2825 1671 2880 Sic
1695 2831 1841 2876 certe
1869 2814 1993 2869 mali
2019 2811 2146 2865 arti-

557 2946 642 3000 fex
671 2940 896 3013 plurium
919 2936 1139 2991 deorum
1162 2926 1533 2998 cogitationem
1567 2917 1714 2988 prius
1736 2909 1942 2966 invexit
1966 2924 1978 2960 :
2004 2905 2147 2959 Deus

557 3051 689 3093 vero
715 3028 1047 3104 przescientia
1077 3038 1170 3079 sua
1198 3021 1248 3075 id
1275 3015 1498 3080 curavit,
1548 3020 1604 3065 ut
1632 3009 1837 3064 futurus
1863 3016 2015 3058 error
2039 3013 2147 3052 non

558 3129 797 3185 humano
822 3137 916 3178 ore
955 3117 1304 3191 proferretur,
1339 3123 1406 3164 ne
1431 3105 1603 3177 prima
1633 3099 1858 3170 loquelzc.
1902 3093 2150 3147 humana:

559 3236 664 3276 vox
703 3219 833 3274 deos
876 3214 1346 3270 commemoraret,
1377 3199 1470 3256 sed
1509 3212 1612 3250 Vox
1645 3197 1812 3264 prima
1862 3183 2148 3256 serpentis,

563 3323 622 3369 ut
648 3327 710 3367 os
728 3323 886 3364 omne
911 3305 978 3360 de
1007 3301 1161 3358 idolis
1187 3299 1410 3369 loquens
1430 3291 1502 3348 illi
1531 3288 1705 3344 simile
1727 3292 1886 3338 esset.
1909 3277 2030 3336 Scio
2057 3289 2152 3330 vos

563 3404 688 3459 huic
711 3402 826 3458 voci
859 3410 1099 3468 parcere,
1130 3401 1184 3447 et
1207 3396 1447 3444 sanctam
1494 3383 1889 3449 Scripturarum
1918 3378 2152 3425 mentem

563 3497 822 3566 arripere.
877 3489 1044 3547 Ncmo
1074 3486 1232 3555 igitur
1273 3480 1422 3535 vocis
1463 3486 1710 3548 pompam
1739 3464 2008 3525 attendat;
2057 3458 2150 3513 sed

563 3587 952 3646 sententiarum
978 3581 1248 3635 virtutem.

635 3680 775 3734 Deus
799 3694 900 3731 non
926 3672 1178 3747 prohibuit
1207 3666 1463 3721 scientiam
1486 3659 1604 3714 boni
1623 3674 1641 3723 ;
1662 3656 1822 3708 Adam
1844 3660 1960 3703 ante
1989 3661 2155 3718 pecca-

566 3785 674 3829 tum
700 3741 960 3826 scientiam
990 3766 1104 3819 boni
1135 3761 1366 3816 habebat.
1392 3786 1466 3796 —
1488 3751 1688 3809 Sciebat
1723 3749 1856 3802 enim
1885 3743 2043 3806 Deus,
2075 3741 2156 3794 in-

565 3866 715 3937 quit,
741 3861 877 3937 quod
899 3870 1209 3930 quacumque
1239 3852 1318 3904 die
1344 3845 1661 3903 comederitis
1679 3883 1693 3907 ,
1715 3841 1856 3896 eritis
1894 3837 2021 3890 sicut
2045 3833 2115 3886 dii
2139 3874 2153 3898 ,

569 3930 780 4015 scientes
825 3955 1007 4008 bonum
1045 3961 1094 4003 et
1123 3946 1340 4000 malum.
1381 3941 1544 3995 Aiunt
1578 3937 1746 3998 multi,
1786 3930 2158 4004 praecipueque

569 4054 628 4117 ii,
659 4049 748 4122 qui
778 4048 887 4101 Deo
907 4042 1179 4100 inimicum
1209 4031 1558 4105 Porphyrium
1591 4034 1909 4095 sequuntur,
1941 4014 2033 4089 qui
2060 4017 2158 4071 ad-

573 4110 760 4200 versus
789 4136 1122 4195 Christianos
1171 4127 1420 4198 scripsit,
1454 4122 1756 4188 multosque
1789 4131 1818 4170 a
1852 4115 2029 4169 divina
2056 4110 2161 4164 fide

573 4234 791 4292 abduxit
821 4249 837 4299 ;
868 4233 1035 4293 aiunt,
1066 4228 1284 4295 inquam
1314 4239 1325 4274 :
1357 4222 1461 4275 Cur
1493 4217 1633 4271 Deus
1655 4210 1932 4267 scientiam
1959 4207 2083 4262 boni
2109 4214 2165 4260 ct

573 4330 700 4387 mali
727 4324 994 4398 prohibuit
1020 4322 1042 4377 ‘l
1073 4319 1226 4383 Esto,
1258 4315 1456 4371 malum
1481 4305 1808 4381 prohibuerit
1838 4321 1853 4368 ;
1884 4317 1982 4358 cur
2001 4299 2161 4354 etiam

574 4418 966 4479 bonumYCum
994 4415 1066 4468 ait
1088 4413 1232 4468 enim
1265 4427 1279 4463 :
1312 4408 1389 4462 De
1417 4406 1554 4475 ligno
1580 4399 1801 4456 scientia?
1821 4395 1941 4450 boni
1971 4404 2015 4447 et
2043 4389 2164 4443 muli

576 4530 639 4568 ne
679 4509 954 4565 comedatis
977 4547 994 4572 ,
1019 4502 1300 4575 prohibet,
1326 4499 1512 4562 aiunt,
1545 4508 1612 4548 ne
1642 4481 1775 4545 Sciat
1805 4486 2000 4542 malum
2029 4500 2040 4535 :
2070 4496 2167 4535 cur

576 4605 738 4661 etiam
768 4601 965 4655 bonum
996 4596 1020 4650 ἲ
1063 4595 1290 4663 Semper
1323 4589 1524 4645 malitia
1562 4592 1749 4640 contra
1793 4580 2023 4647 seipsam
2049 4589 2163 4627 ma-

577 4697 842 4756 chinatur,
872 4691 1032 4759 inque
1052 4687 1281 4754 seipsam
1314 4679 1625 4736 occasiones
1656 4673 1877 4744 prmbet.
1905 4668 2020 4723 Non
2046 4680 2169 4735 pro-

579 4788 752 4846 hibuit
801 4785 944 4840 Deus
997 4776 1276 4836 scientiam
1325 4771 1488 4827 boni:
1547 4768 1692 4821 illam
1745 4763 1939 4833 quippe
1982 4759 2169 4813 habuit

579 4881 774 4942 Adam,
807 4876 966 4932 etiam
999 4879 1279 4938 antequam
1315 4859 1640 4919 comederct.
1687 4854 1796 4909 Nisi
1838 4850 1981 4905 enim
2025 4848 2167 4900 illam

578 4983 703 5028 ante
723 4971 1010 5028 habuisset,
1030 4960 1296 5033 quomodo
1318 4953 1653 5025 cognovisset
1670 4960 1887 5000 uxorem
1911 4943 2175 5012 ?quomo-

583 5067 652 5121 do
670 5064 737 5118 dc
758 5062 874 5131 ejus
891 5070 1078 5113 natura
1096 5054 1338 5115 dixisset,
1362 5049 1434 5102 Us
1451 5063 1512 5099 ea:
1531 5044 1725 5098 ossibus
1742 5039 1884 5102 meis,
1905 5047 1948 5088 et
1977 5050 2092 5086 caro
2115 5033 2176 5085 de

585 5171 736 5208 carne
761 5152 910 5204 mea?
940 5145 1209 5220 quomodo
1239 5144 1409 5197 futura
1429 5137 1744 5192 vaticinatus
1764 5138 1924 5190 esset,
1951 5126 2070 5180 Ilwc
2094 5143 2176 5179 vo-

585 5250 778 5304 cabitur
807 5245 1009 5305 mulier,
1039 5242 1157 5308 quia
1182 5240 1244 5292 de
1288 5238 1394 5290 viro
1439 5239 1642 5300 sumpta
1687 5237 1774 5280 est.
1828 5223 2043 5292 Propter
2085 5220 2177 5270 hoc

585 5340 828 5404 relinquet
875 5335 1024 5386 homo
1076 5339 1270 5399 patrem
1314 5337 1358 5379 et
1418 5333 1629 5376 matrem
1657 5318 1677 5383 (
1707 5315 1837 5370 Gen.
1862 5314 1916 5366 2.
1947 5309 2178 5378 25.24),

589 5427 736 5485 etc.?
769 5433 915 5478 tanta
958 5419 1195 5482 sciebat,
1238 5426 1292 5471 et
1328 5416 1524 5469 bonum
1572 5425 1678 5464 non
1723 5402 2178 5462 noverat?Denm

591 5528 846 5584 noverat,
878 5531 996 5587 qum
1024 5521 1147 5568 sunt
1178 5510 1268 5564 Dei
1301 5506 1582 5570 servabat,
1612 5500 1890 5557 scientiam
1927 5495 2174 5555 habebat,

591 5625 667 5672 tot
696 5613 909 5668 nomina
937 5604 1186 5677 imposiiit
1219 5618 1233 5666 ;
1279 5596 1549 5669 quomodo
1589 5593 1866 5650 scientiam
1916 5587 2037 5641 boni
2075 5599 2178 5637 non

592 5703 875 5762 habuerit?
907 5675 1042 5768 Quid
1079 5710 1206 5762 ergo
1237 5689 1365 5746 illud
1413 5686 1527 5744 est?
1579 5685 1693 5738 Non
1746 5678 1992 5752 prohibet
2044 5675 2184 5728 Deus

591 5797 872 5855 scientiam
924 5791 1070 5856 boni,
1102 5786 1194 5843 sed
1233 5785 1342 5839 vult
1372 5797 1493 5838 cum
1523 5776 1646 5832 boni
1677 5774 1896 5829 scientia
1933 5785 2035 5825 non
2064 5780 2184 5822 esse

595 5887 872 5946 scientiam
912 5883 1060 5938 mali.
1110 5873 1398 5950 impietatis
1437 5869 1707 5942 sophisma
1738 5865 1884 5919 solvo
1925 5877 1988 5917 ex
2031 5856 2179 5916 Scri-

1960 403 2323 463 SEVERIANI

3716 412 3836 470 488

2251 519 2448 589 pturis.
2479 518 2566 572 Ait
2581 517 2805 573 Paulus:
2833 515 2952 571 Non
2972 515 3173 584 potestis
3189 514 3390 567 calicem
3416 512 3619 566 Domini
3647 515 3832 577 bibere,

2247 618 2293 662 et
2337 608 2544 662 calicem
2584 607 2948 662 dwmoniorum
2989 606 3066 666 (1.
3093 603 3211 658 Cor.
3237 603 3455 674 10.21).
3484 603 3600 656 Non
3645 606 3840 657 ambos

2246 701 2539 769 prohibuit,
2567 699 2661 754 scd
2704 714 2824 754 eum
2851 699 2941 768 qui
2967 706 3183 751 sanctus
3213 705 3355 750 esset
3380 695 3746 755 sanctiﬁcat-it,
3777 704 3838 746 et

2246 796 2510 863 impurum
2537 803 2695 863 atque
2722 791 2998 861 profanum
3025 790 3240 860 ahjecit.
3282 787 3353 840 lta
3402 801 3614 856 quoque
3645 785 3839 841 Serva-

2245 897 2354 941 tor:
2380 886 2496 939 Non
2515 886 2720 954 potestis
2743 884 2850 938 Deo
2867 885 3049 938 servire
3064 893 3108 936 et
3126 897 3377 936 mamonte
3393 880 3610 950 (Matth.
3636 879 3691 935 6.
3713 880 3833 950 Si);

2243 994 2434 1046 nempe
2455 977 2645 1032 eodem
2666 986 2908 1045 tempore
2937 975 3046 1028 Deo
3063 984 3118 1028 et
3134 972 3366 1027 dmmoni
3407 972 3608 1026 servire
3635 973 3838 1038 impos-

2244 1069 2398 1122 sihile
2424 1079 2524 1122 est.
2554 1067 2643 1120 Sic
2687 1067 2824 1120 Deus
2855 1065 2976 1119 mali
3006 1064 3362 1134 cognitionem
3392 1061 3592 1115 assumi
3629 1061 3795 1115 vetuit
3815 1101 3834 1125 ,

2243 1179 2310 1216 ne
2351 1177 2470 1214 cum
2519 1160 2641 1214 boni
2680 1159 2905 1214 scientia
2944 1157 3070 1211 mali
3115 1156 3348 1226 cognitio
3374 1154 3778 1207 admisceretur.

2313 1253 2366 1305 4.
2401 1250 2502 1305 Cur
2534 1249 2725 1320 lignum
2765 1250 2984 1302 scientia
3007 1248 3124 1300 boni
3157 1257 3204 1300 et
3240 1247 3362 1299 mali
3395 1248 3467 1298 sic
3512 1243 3699 1296 dictum
3738 1251 3832 1295 est.

2243 1373 2311 1383 -
2335 1343 2430 1397 Hic
2455 1343 2562 1410 jam
2591 1341 2824 1394 animum
2849 1338 3217 1394 adhibeamus.
3251 1339 3360 1391 Cur
3387 1336 3600 1389 tandem
3633 1335 3835 1403 lignum

2246 1434 2484 1489 scicntia:
2529 1432 2654 1486 boni
2701 1443 2755 1487 et
2801 1431 2923 1484 mali
2965 1431 3290 1499 appellatmn
3338 1427 3473 1482 est?
3515 1425 3630 1480 Non
3675 1426 3835 1478 talem

2245 1536 2487 1581 naturam
2522 1523 2726 1589 habuit,
2754 1523 2846 1577 sed
2877 1523 2981 1577 tale
3010 1530 3382 1591 argmnentum
3412 1519 3530 1573 tulit
3549 1561 3564 1584 ,
3593 1518 3837 1586 Scriptu-

2242 1634 2423 1673 rarmn
2460 1618 2834 1686 proprietatem
2863 1617 3001 1670 dico.
3033 1615 3272 1683 Exempli
3300 1628 3456 1667 causa
3490 1630 3502 1664 :
3538 1611 3658 1665 fons
3684 1611 3836 1678 quis-

2247 1713 2388 1779 piam
2438 1710 2489 1761 in
2533 1711 2748 1762 deserto
2790 1717 3009 1761 vocatus
3053 1715 3135 1760 est
3169 1720 3303 1774 aqua
3352 1702 3834 1757 contradictionis:

2246 1800 2466 1855 Probavi
2498 1813 2544 1854 te
2570 1801 2709 1870 apud
2739 1816 2921 1870 aquam
2945 1797 3359 1852 contradictionis
3387 1801 3407 1868 (
3436 1795 3581 1849 Psal.
3614 1793 3702 1848 80.
3733 1793 3837 1861 8).

2248 1895 2461 1964 Ergone
2489 1893 2793 1962 hujusmodi
2826 1902 3014 1946 natura
3040 1907 3190 1960 aqua:
3217 1899 3331 1944 erat
3357 1931 3371 1953 ,
3403 1898 3461 1942 ut
3488 1888 3740 1958 populum
3770 1884 3840 1938 ad

2244 1984 2723 2040 contradictionem
2753 1985 3012 2038 excitaret
3039 1982 3062 2034 ?
3089 1997 3186 2036 cur
3214 1996 3342 2051 ergo
3371 1980 3582 2050 Moyses
3614 1979 3699 2031 illa
3741 1991 3842 2046 po-

2246 2089 2407 2142 tatus,
2457 2078 2568 2133 Deo
2615 2091 2721 2131 non
2765 2075 3138 2130 contradixit?
3181 2074 3340 2129 Certe
3376 2081 3562 2128 vocata
3592 2083 3674 2126 est
3703 2083 3842 2138 aqua

2245 2171 2707 2233 eontratlictionis,
2757 2185 2864 2223 non
2920 2168 3058 2236 quod
3110 2167 3268 2220 talem
3317 2165 3540 2219 haberet
3569 2172 3840 2222 naturam,

2246 2262 2339 2317 sed
2369 2262 2653 2315 occasione
2681 2260 2754 2314 rei
2787 2274 2905 2329 qua:
2937 2259 2986 2310 in
3022 2258 3109 2310 illa
3142 2257 3354 2311 accidit.
3386 2256 3518 2323 Quia
3549 2255 3690 2308 enim
3734 2251 3844 2303 illic

2246 2353 2569 2409 contradixit
2594 2353 2840 2422 pepulus,
2863 2350 2980 2405 ideo
3006 2360 3189 2404 vocata
3207 2359 3287 2404 est
3310 2363 3446 2418 aqua
3461 2343 3845 2401 cootradictioo

2248 2450 2348 2503 nis.
2395 2448 2599 2502 Rursus
2633 2446 2766 2499 vidit
2807 2444 2971 2499 Jaeob
3003 2444 3170 2498 Dettm
3198 2484 3213 2509 ,
3246 2451 3303 2496 ut
3340 2443 3500 2495 homo
3529 2446 3739 2508 poterat
3767 2435 3847 2487 vi-

2248 2543 2399 2605 dere,
2424 2551 2477 2596 ct
2502 2540 2711 2595 vocavit
2738 2553 2933 2593 nomen
2966 2536 3066 2591 loci
3099 2536 3304 2604 Species
3325 2533 3421 2588 Dei
3437 2531 3589 2606 (Ceu.
3613 2532 3701 2587 52.
3723 2526 3843 2603 50).

2250 2635 2421 2689 Locus
2442 2633 2674 2703 speciem
2715 2638 2807 2684 aut
2851 2629 3075 2682 formam
3122 2627 3216 2681 Dei
3267 2641 3372 2680 non
3421 2627 3698 2690 habebat;
3751 2627 3845 2680 sed

2249 2728 2371 2796 quia
2405 2725 2537 2779 visio
2572 2724 2640 2776 ibi
2679 2721 2900 2790 contigit
2943 2720 3082 2789 ipsi,
3122 2733 3189 2772 ex
3231 2733 3289 2770 re
3331 2717 3504 2772 locum
3534 2718 3842 2788 appellavit.

2249 2817 2404 2871 Alius
2436 2816 2584 2869 locus
2610 2821 2829 2867 vocatus
2849 2820 2930 2865 est
2958 2809 3077 2864 Pax
3096 2806 3217 2862 Dei.
3248 2808 3468 2875 Quando
3488 2808 3725 2865 chconi
3751 2828 3846 2882 ap-

2253 2909 2430 2978 paruit
2452 2906 2672 2976 angelus
2705 2905 2819 2968 Dei,
2851 2917 2913 2956 ac
2935 2911 3078 2956 metu
3105 2901 3377 2970 perculsus
3399 2900 3486 2954 ille
3506 2901 3676 2956 dixit:
3702 2922 3718 2954 ι
3737 2905 3847 2960 Heu

2253 3015 2360 3064 me,
2390 2998 2588 3052 moriar
2617 3013 2628 3048 :
2655 2995 2761 3049 vidi
2789 2994 2931 3048 enim
2959 2992 3204 3060 angelum
3237 2991 3350 3046 Dei.
3383 2992 3471 3045 Ait
3499 2992 3574 3045 illi
3605 2995 3843 3064 angelus:

2256 3091 2364 3146 Pax
2397 3090 2512 3155 tibi,
2546 3104 2614 3142 ne
2642 3089 2852 3142 timeas.
2889 3085 2954 3139 Et
2979 3083 3282 3149 a'dilicavit,
3315 3101 3333 3134 ι
3363 3083 3552 3152 inquit,
3581 3102 3601 3136 ‹
3631 3084 3847 3140 Gedeon

2255 3184 2445 3249 altare,
2478 3191 2531 3238 et
2558 3182 2768 3236 vocavit
2797 3181 2970 3249 ipsum
2995 3177 3104 3233 Pax
3138 3177 3231 3232 Dei
3266 3196 3284 3228 ι
3314 3175 3522 3247 (ludia.
3553 3177 3606 3232 6.
3636 3178 3846 3248 22-96).

2257 3273 2714 3345 Quemadmodum
2747 3285 2874 3341 ergo
2912 3285 3024 3336 ara,
3069 3269 3182 3323 sive
3206 3268 3376 3322 altare
3406 3283 3590 3337 pacem
3619 3285 3723 3322 non
3754 3270 3848 3322 ha-

2256 3371 2391 3436 buit,
2445 3367 2538 3424 sed
2590 3367 2734 3421 initae
2785 3373 2838 3419 et
2880 3363 3020 3417 data:
3062 3361 3205 3429 pacis
3253 3361 3554 3431 symbolum
3589 3370 3752 3425 erat;
3790 3376 3852 3416 ac

2257 3459 2706 3532 quemadmodum
2762 3470 2901 3525 aqua
2946 3452 3422 3507 contradictionem
3472 3467 3577 3504 non
3635 3451 3849 3512 habuit.

2257 3553 2350 3609 sed
2379 3568 2445 3607 ex
2467 3566 2553 3613 eo,
2583 3549 2724 3620 quod
2754 3549 2823 3604 ibi
2857 3555 3130 3608 evenerat,
3154 3545 3232 3599 sic
3251 3543 3512 3613 appellata
3541 3551 3624 3598 est
3651 3562 3664 3596 :
3701 3543 3772 3596 ita
3799 3553 3854 3598 et

2260 3645 2460 3715 lignum
2492 3658 2596 3697 non
2623 3641 2902 3696 scientiam
2937 3636 3155 3699 habuit,
3184 3635 3276 3690 sed
3305 3635 3426 3705 quia
3457 3635 3701 3706 quisquis
3727 3650 3854 3705 pec-

2260 3747 2365 3803 cat,
2396 3738 2448 3790 in
2481 3736 2723 3789 notitiam
2752 3731 2952 3802 peccati
2996 3729 3159 3784 venit.
3189 3727 3246 3783 Id
3275 3725 3416 3797 quad
3449 3729 3640 3781 iterum
3673 3743 3850 3783 exem-

2265 3830 2351 3898 plo
2376 3827 2638 3882 conﬁrmo
2671 3842 2684 3877 :
2727 3824 2994 3879 interdum
3040 3837 3136 3893 per
3175 3821 3291 3875 loca
3329 3819 3622 3874 latrociniis
3667 3818 3856 3874 infesta

2267 3921 2599 3982 transimus;
2652 3917 2703 3970 in
2751 3930 3007 3984 moreque
3049 3922 3130 3968 est
3174 3912 3359 3966 dicere
3393 3929 3404 3964 :
3439 3910 3566 3965 Haec
3599 3911 3715 3965 loca
3755 3922 3859 3964 tre-

2266 4010 2459 4066 menda
2491 4018 2634 4064 sunt.
2660 4007 2740 4060 An
2769 4006 2918 4059 locus
2948 4006 3061 4074 ipse
3091 4000 3432 4058 formidinem
3462 4000 3860 4054 habetinonnc

2270 4106 2443 4173 potius
2473 4102 2585 4155 lucc
2621 4097 2872 4153 dicuntur
2907 4098 3170 4150 latronum
3208 4094 3277 4148 ibi
3307 4091 3634 4146 versantium
3665 4090 3860 4143 causa?

2267 4196 2355 4249 Sic
2391 4192 2553 4246 arbor
2584 4191 2672 4244 illa
2704 4203 2807 4242 non
2837 4186 3167 4241 mortiferam
3197 4182 3476 4238 scientiam
3507 4179 3697 4235 habuit
3721 4221 3736 4243 ,
3765 4179 3860 4233 sed

2270 4289 2339 4343 ob
2367 4286 2601 4340 habitam
2629 4283 2737 4336 illic
2757 4281 2899 4336 circa
2918 4278 3177 4332 Adamum
3206 4271 3540 4343 tragoediam,
3558 4270 3862 4325 hocconse-

2271 4389 2432 4450 quuta
2463 4391 2657 4431 nomen
2689 4382 2790 4428 est.
2813 4371 2950 4426 Rem
2977 4375 3155 4421 autem
3186 4366 3340 4419 solvo
3365 4381 3377 4415 :
3409 4377 3585 4432 neque
3610 4362 3754 4416 enim
3783 4360 3864 4414 di-

2273 4475 2395 4526 vina
2427 4471 2702 4538 Scriptura
2727 4467 2777 4520 in
2802 4463 2964 4518 dubio
2993 4468 3259 4514 versatur.
3289 4455 3463 4511 Hodie
3489 4454 3748 4508 habemus
3783 4453 3864 4507 al-

2275 4576 2408 4629 tare,
2437 4563 2589 4630 cujus
2617 4559 2901 4629 participes
2931 4561 3052 4610 sunt
3092 4551 3297 4606 fideles.
3335 4549 3471 4604 Num
3511 4563 3641 4618 ergo
3666 4548 3862 4602 donum

2275 4661 2447 4728 ipsum
2494 4653 2790 4708 naturalem
2837 4649 2938 4703 fert
2974 4647 3203 4702 salutem
3230 4685 3245 4709 ,
3273 4658 3339 4696 an
3369 4651 3586 4713 propter
3618 4642 3860 4709 majesta-

2278 4765 2404 4819 tcm,
2435 4768 2554 4822 qure
2583 4750 2882 4810 invocatur,
2928 4746 3120 4814 pignus
3169 4740 3335 4794 habes
3377 4753 3445 4791 cx
3492 4736 3858 4806 praesentibus

2279 4864 2346 4902 ne
2370 4844 2582 4900 dubites
2597 4843 2662 4896 de
2686 4841 2749 4895 iis
2768 4854 2886 4909 quae
2915 4831 3347 4905 prrecesserunt?
3375 4829 3486 4883 Illic
3514 4843 3638 4882 esca
3670 4829 3700 4880 ll
3722 4827 3868 4884 talis,

2283 4939 2369 4993 hic
2397 4937 2548 4991 cibus
2573 4934 2866 4987 viviticans.
2895 4928 2950 4982 Si
2977 4927 3077 4979 hoc
3104 4933 3294 4978 natura
3319 4929 3522 4980 servat,
3550 4932 3658 4970 non
3681 4917 3869 4983 gratia.

2284 5029 2408 5085 illud
2437 5028 2598 5081 etiam
2630 5033 2814 5077 natura
2842 5017 3058 5081 occidit,
3089 5029 3196 5068 non
3225 5005 3872 5079 transgressimtcﬂstcn-

2286 5121 2408 5175 dam
2442 5118 2533 5171 tibi
2566 5126 2723 5169 extra
2759 5108 3057 5180 paradisum
3087 5105 3265 5157 cibum
3298 5101 3459 5153 alium
3498 5095 3826 5150 mortiferum
3850 5132 3863 5151 ,

2287 5209 2637 5266 idololatriam
2669 5215 2879 5268 nempe.
2911 5197 3020 5250 Cur
3044 5198 3356 5247 recusarunt
3389 5196 3652 5258 martyres
3683 5197 3871 5237 carnes

2286 5299 2566 5358 comedere
2594 5297 2616 5348 ?
2645 5310 2740 5347 cur
2768 5291 2927 5346 cdere
2956 5285 3268 5342 metuebant
3294 5282 3317 5334 ?
3343 5297 3409 5334 an
3444 5277 3639 5331 mortui
3668 5285 3869 5334 essent,

2289 5396 2331 5450 si
2387 5384 2791 5448 comedissent?
2842 5381 3188 5450 Nequaquam
3239 5392 3251 5426 :
3300 5371 3392 5426 sed
3444 5369 3564 5437 quia
3613 5364 3872 5418 idolorum

2290 5485 2486 5542 mentio
2515 5489 2632 5535 erat
2653 5521 2666 5543 ,
2698 5493 2800 5530 non
2832 5487 3010 5528 escam
3057 5466 3350 5537 fugiebant,
3392 5459 3484 5515 Sed
3512 5454 3873 5511 exsecrando-

2292 5593 2406 5633 rum
2422 5565 2933 5629 iuvocationem.Sic
2950 5572 3074 5617 nuta
3094 5567 3208 5613 erat
3236 5554 3393 5608 arbor
3414 5547 3650 5603 scientiae
3678 5543 3803 5597 boni
3827 5551 3876 5598 ct

2293 5666 2439 5732 mali,
2467 5682 2571 5718 non
2600 5660 2876 5718 scientiam
2900 5653 3168 5726 praabens,
3197 5645 3292 5701 sed
3316 5657 3433 5698 eam
3475 5655 3542 5693 ex
3571 5647 3877 5705 transgres-

2293 5763 2443 5815 sione
2489 5757 2709 5811 docens.
2749 5751 2974 5819 Semper
3015 5743 3158 5799 enim
3185 5730 3508 5806 experientia
3535 5726 3881 5795 insipientem

2297 5854 2450 5909 docet
2480 5848 2674 5905 malam
2702 5859 2815 5900 rem
2840 5855 2960 5898 esse
2989 5827 3490 5903 transgressionem.
3521 5820 3761 5876 Rursum
3780 5816 3884 5875 alia
