4158 6526
321 494 444 548 487

332 592 607 665 γυναικί·
638 590 720 654 Τί,
751 589 838 642 ὅτι
863 587 1031 641 εἷπεν
1054 585 1196 654 ὑμῖν
1220 585 1252 638 ό
1277 582 1420 648 Θεὸς
1440 581 1526 665 μὴ
1553 579 1782 665 φαγεῖν.
1797 577 1917 632 ἀπὸ

333 656 567 740 παντὸς
595 674 822 737 ξύλου;
863 666 1016 732 Εἶδες
1039 668 1132 720 τὸν
1157 666 1398 736 ψεύστην
1424 680 1439 730 ;
1485 664 1542 716 '0
1575 663 1705 724 Θεὸς
1733 656 1914 713 εἶπεν·

349 759 486 812 Ἀπὸ
506 756 705 818 παντὸς
736 754 890 819 ξύλου
921 750 1182 822 φάγεσθε,
1207 749 1315 803 ἀπὸ
1343 749 1386 801 δ’
1414 747 1530 811 ἐνὸς
1567 745 1640 817 μὴ
1670 745 1880 815 φάγητε
1902 760 1917 774 ·

333 843 367 895 ὁ
400 841 640 910 ψεύστης
678 838 859 905 λέγει’·
901 835 1000 888 Διά
1035 835 1088 886 τί
1119 829 1270 887 εἶπεν
1311 833 1339 885 6
1369 830 1522 892 Θεὸς,
1580 828 1688 882 ἀπὸ
1723 825 1923 910 παντὸς

342 907 507 989 ξύλου
541 907 615 992 μή
645 923 841 989 φαγεῖν
868 919 1044 988 ύμᾶς;
1075 916 1165 986 Μὴ
1190 914 1445 983 ψεύδεται
1482 913 1516 982 ή
1547 910 1641 963 τοῦ
1687 907 1922 981 Χριστοῦ

339 1006 498 1075 φωνή
519 1020 534 1033 ·
565 1002 823 1066 Ἐκεῖνος
852 1001 1128 1069 ψεύστης
1171 998 1364 1050 ἐστίν.
1401 993 1698 1063 Ἐψεύσατο
1725 993 1802 1054 δὲ,
1831 992 1925 1043 καὶ

336 1074 505 1141 τοῦτο
536 1085 750 1149 δεινῶςι
804 1086 971 1138 Ὅταν
1001 1082 1110 1153 γάρ
1139 1098 1223 1143 τις
1276 1079 1404 1150 θέλῃ
1453 1074 1924 1147 κακοηθεύσασθαι

341 1174 600 1243 πρᾶγμα,
634 1171 714 1232 εἰς
745 1167 932 1238 χρείαν
956 1175 975 1195 ·
1004 1165 1383 1234 προσποιεῖται
1417 1160 1658 1243 ἄγνοιαν,
1707 1159 1793 1211 ἵνα
1816 1157 1925 1243 ’ἀν-

342 1235 586 1306 ὑποπτον
610 1235 878 1321 εἰσαγάγῃ
897 1248 998 1317 τὴν
1025 1245 1345 1316 σκαιωρίαν,
1373 1244 1492 1296 ἀντὶ
1513 1241 1629 1300 τοῦ,
1662 1241 1773 1294 Οὐκ
1790 1235 1925 1301 οἶδα,

341 1337 532 1406 φησὶν,
591 1335 690 1387 οὐκ
739 1333 854 1384 ἐστι
898 1330 1245 1398 κατασκευή·
1307 1324 1512 1388 ἁπλοῦς
1566 1321 1746 1395 ἦλθον,
1777 1322 1928 1376 οὐδὲν

341 1405 482 1472 οἶδα.
506 1417 622 1469 Οὐκ
650 1412 974 1484 ἐπειράθητε
1004 1410 1262 1463 τοιούτων
1306 1407 1544 1472 πολλῶν;
1579 1407 1679 1458 οὐκ
1711 1405 1929 1475 οἴδαμεν

341 1500 457 1554 τῶν
483 1498 667 1553 δολίων
700 1497 766 1550 τὰ
787 1495 922 1565 ἔργα
944 1511 960 1557 ;
989 1491 1212 1546 τοιαῦτα
1238 1491 1298 1544 ού
1323 1490 1590 1561 ῥάπτουσι
1610 1488 1927 1558 πράγματα,

341 1584 445 1638 καί.
475 1579 898 1652 προσποιοῦνται
928 1577 1151 1645 ἄγνοιαν
1171 1591 1185 1638 ;
1209 1573 1364 1628 Οὕτω
1387 1573 1480 1624 καὶ
1508 1573 1536 1624 6
1567 1571 1831 1634 διάϐολος·
1873 1571 1933 1623 Τί

342 1666 439 1720 ὅτι
470 1665 619 1728 εἷπε,
650 1664 832 1733 φησὶν,
860 1661 1002 1730 ὑμῖν
1028 1663 1061 1714 ό
1087 1659 1263 1723 Θεός;
1297 1658 1416 1710 ἀντί
1442 1653 1554 1719 τοῦ,
1580 1655 1931 1724 Παρήκουσα,

343 1750 412 1802 ού
434 1748 609 1810 καλῶς
644 1748 871 1817 ἥκουσα,
900 1744 975 1814 μὴ
1001 1745 1198 1812 φαγεῖν
1227 1743 1371 1811 ὑμᾶς
1395 1739 1505 1792 ἀπὸ
1535 1738 1733 1801 παντὸς
1752 1738 1928 1802 ξύλου.

358 1833 427 1885 Ἥ
445 1830 580 1900 γυνὴ
612 1831 878 1900 νομίσασα
904 1828 1122 1896 ἄγνοιαν
1147 1822 1306 1888 εἶναι,
1325 1823 1630 1896 διορθοῦται
1646 1822 1743 1892 τὴν
1768 1821 1930 1886 λέξιν.

345 1915 465 1983 Οὐχ
492 1912 655 1976 οὕτω,
688 1911 872 1982 φησὶν,
909 1907 1062 1962 εἶπεν
1086 1924 1098 1939 ·
1132 1910 1231 1962 οὐκ
1261 1903 1414 1960 εἶπεν
1451 1907 1479 1958 6
1524 1906 1656 1968 Θεὸς
1676 1946 1690 1968 ,
1727 1904 1802 1975 μὴ
1833 1920 1935 1971 φα⁴

345 2000 469 2067 γεῖν
495 1996 600 2050 άπὸ
637 1995 835 2057 παντὸς
866 1993 1046 2060 ξύλου,
1101 1992 1215 2045 ἀλλ’
1263 1990 1370 2044 ἀπὸ
1407 1989 1607 2053 παντὸς
1645 1990 1742 2060 μὲν
1779 1988 1934 2054 ξύλου

348 2079 672 2150 ἐπέτρεψεν,
710 2079 818 2131 ἀπὸ
846 2077 900 2130 δέ
931 2076 1049 2138 ἐνὸς
1099 2073 1370 2127 ἐκώλυσεν
1396 2089 1408 2102 ·
1465 2069 1584 2126 εἷπε
1623 2073 1730 2144 γὰρ
1767 2073 1930 2143 ἡμῖν·

349 2165 448 2234 Μὴ
489 2165 720 2233 φάγητε,
759 2161 847 2213 ἵνα
880 2159 952 2229 μὴ
987 2157 1316 2227 ἀποθάνητε.
1354 2155 1540 2219 Ἔδοξε
1588 2155 1878 2225 μανθάνειν
1907 2154 1935 2206 ὃ

349 2247 457 2300 οὐκ
483 2247 598 2316 ᾔδει
620 2261 634 2274 ·
665 2243 851 2296 λοιπὸν
882 2243 978 2311 οὺχ
1012 2239 1365 2294 ὑπωπτεύετο
1409 2241 1483 2302 ὡς
1512 2239 1934 2306 ἐγκατάσκευος,

350 2330 450 2382 καὶ
483 2329 628 2397 λέγει
654 2329 790 2398 αὑτῇ
814 2343 826 2355 ·
861 2327 942 2378 Οὐ
970 2322 1203 2388 θανάτῳ
1226 2323 1643 2378 ἀποθανεῖσθε.
1680 2320 1787 2373 Ἴδε
1813 2321 1939 2374 ἀλλο

349 2411 568 2481 ψεῦδος.
596 2409 766 2462 Τοῦτο
795 2409 906 2479 γὰρ
941 2407 1072 2460 Θεοῦ
1105 2407 1370 2470 εἰπόντος,
1396 2402 1471 2479 ’ᾞ
1500 2406 1575 2460 ἂν
1603 2405 1791 2474 ἡμέρᾳ
1823 2404 1935 2472 ξοά-

351 2510 520 2563 τητε,
561 2491 791 2556 θανάτῳ
815 2489 1236 2555 ἀποθανεῖσθε,
1269 2490 1416 2558 λέγει
1450 2492 1477 2542 6
1509 2488 1773 2550 διάϐολος,
1813 2489 1937 2540 Οὐκ

350 2574 788 2630 ἀποθανεῖσθε·
822 2572 980 2625 τοῦτο
1020 2573 1270 2644 δεύτερον
1309 2572 1596 2641 ἐψεύσατο.
1627 2570 1792 2642 ’ῌδει
1832 2569 1940 2640 γὰρ

354 2661 394 2712 ό
423 2657 588 2722 Θεὸς,
624 2658 808 2726 φησὶν,
845 2655 932 2708 ὅτι
961 2649 1000 2726 ᾖ
1024 2655 1099 2708 ἂν
1125 2655 1312 2724 ᾑμέρᾳ
1347 2653 1592 2723 φάγητε,
1617 2655 1834 2708 ἔσεσθε
1862 2653 1942 2717 ὡς

352 2740 504 2795 θεοί.
561 2740 666 2792 Ἴδε
709 2740 889 2809 τρίτον
946 2737 1159 2806 ψεῦδος.
1227 2738 1372 2808 Ὅρα
1402 2737 1498 2807 τὴν
1538 2736 1942 2806 ἐγκατάσκευον

354 2823 558 2878 κακίαν
586 2822 680 2875 τοῦ
727 2821 998 2874 διαϐόλου.
1032 2821 1174 2890 Ἤδη
1210 2819 1522 2892 προμελετᾷ
1578 2822 1941 2893 κατασπεῖραι

351 2908 439 2977 τῷ
469 2907 657 2977 κόσμῳ
690 2905 787 2976 τήν
816 2904 1043 2971 πλάνην.
1077 2905 1184 2956 Καὶ
1229 2903 1417 2974 ἐπειδὴ
1456 2903 1783 2975 ἐμελέτησεν
1807 2942 1821 2963 ,
1869 2903 1944 2965 ὼς

355 2992 642 3062 προεῖπον,
694 2987 981 3039 πολυθεῖαν
1019 2984 1336 3056 ἐγεῖραιτῷ
1384 2986 1608 3056 κόσμῳ,
1661 2983 1945 3058 προλαϐὼν

354 3075 438 3138 ὡς
473 3077 529 3126 ἐν
559 3073 854 3142 διηγήματι
883 3110 896 3133 ,
938 3069 1298 3139 κατέσπειρεν
1357 3071 1436 3132 εἰς
1488 3070 1589 3132 τὰς
1640 3069 1810 3133 ἀκοὰς
1849 3069 1948 3138 τῆς

355 3155 621 3225 γυναικὸς
659 3153 894 3224 ἔμφασιν
933 3150 1027 3204 τοῦ
1069 3147 1207 3204 εἶναι
1239 3151 1469 3214 πολλοὺς
1502 3151 1679 3215 θεούς.
1724 3151 1864 3205 Ἀλλ’
1920 3153 1947 3203 ό

361 3239 467 3308 μὲν
505 3237 604 3306 τῆς
663 3237 860 3297 κακίας
911 3233 1158 3304 τεχνίτης
1211 3232 1351 3285 οῦτω
1387 3235 1824 3304 προκατέσπειρε
1849 3233 1948 3304 τὴν

356 3321 571 3372 ἔννοιαν
601 3318 709 3369 τῶν
760 3317 927 3369 θεῶν·
964 3319 992 3369 6
1021 3315 1075 3368 δὲ
1124 3315 1254 3379 Θεὸς
1308 3314 1573 3385 προειδὼς
1606 3315 1945 3386 ᾠκονόμησε,

357 3402 464 3472 τὴν
494 3401 735 3471 πλάστην
762 3401 860 3471 τὴν
890 3399 1187 3468 μέλλουσαν
1213 3399 1285 3469 μὴ
1309 3398 1603 3469 λαληθῆναι
1625 3397 1948 3469 ἀνθρωπίνῳ

361 3486 616 3554 στόματι,
653 3483 804 3555 [498]
832 3483 917 3536 ἵνα
952 3482 1024 3551 μή
1050 3481 1237 3551 πρώτη
1262 3481 1453 3552 λογικὴ
1481 3480 1630 3552 φωνὴ
1665 3482 1790 3552 περὶ
1811 3480 1950 3534 θεῶν

360 3565 1096 3654 φθέγξηταιηάλλάιπρῶτοχ
1118 3564 1288 3654 στόμα
1312 3564 1507 3654 ὄφεως,
1537 3565 1622 3616 ἵνα
1643 3566 1751 3618 πᾶν
1778 3563 1950 3633 στόμα

358 3649 564 3704 λαλοῦν
588 3649 717 3719 περί
756 3647 989 3700 εἰδώλων
1029 3647 1108 3716 τῷ
1140 3648 1368 3716 στόματι
1403 3647 1612 3700 ἐκείνου
1641 3647 1950 3718 ἀπεικάζη-

357 3749 476 3785 ται.
511 3727 640 3784 Οἶδα
672 3733 750 3783 ὅτι
799 3733 890 3782 καί⁸
937 3732 1003 3800 τῇ
1046 3731 1195 3798 φωνῇ
1248 3728 1683 3797 συγγινώσκετε,
1728 3730 1822 3781 καί
1853 3730 1950 3793 τὰς

359 3815 574 3876 ἑννοίας
606 3813 703 3876 τὰς
735 3813 896 3880 ἁγίας
920 3813 1027 3865 τῶν
1057 3813 1096 3864 Γ
1101 3811 1291 3883 ραφῶν
1315 3812 1611 3882 ἀρπάζετε.
1639 3811 1840 3881 Μηδεὶς
1859 3808 1950 3866 οὖν

362 3899 498 3970 περί
529 3898 619 3949 τὸν
644 3897 854 3966 κόμπον
879 3897 976 3964 τῆς
1011 3896 1194 3964 φωνῆς
1225 3894 1558 3966 ἀσχολείσθω
1583 3935 1597 3960 ,
1649 3894 1783 3948 ἀλλά
1821 3896 1952 3967 περὶ

360 3981 469 4052 τὴν
501 3979 608 4031 τῶν
631 3977 916 4048 νοημάτων
946 3976 1193 4046 δύναμιν.

448 4083 611 4154 ’ῌδει
639 4084 769 4150 γὰρ,
807 4082 990 4148 φησὶν,
1040 4081 1070 4133 ό
1109 4080 1274 4144 Θεὸς,
1327 4079 1417 4132 ὅτι
1450 4073 1488 4149 ᾗ
1514 4079 1590 4132 ἂν
1618 4079 1807 4147 ἡμέρᾳ
1842 4079 1952 4147 φά-

366 4184 540 4238 φητε,
564 4166 780 4219 ἔσεσθε
812 4163 890 4229 ὠς
922 4163 1063 4227 θεοὶ,
1090 4163 1488 4232 γινώσκοντες
1512 4161 1700 4216 καλὸν
1720 4162 1819 4214 καὶ
1841 4176 1949 4216 πο-

364 4251 578 4318 νηρόν.
608 4250 835 4317 Λέγουσι
867 4246 1071 4309 πολλοὶ,
1114 4247 1206 4299 καὶ
1240 4246 1472 4314 μάλιστα
1496 4245 1543 4298 οἱ
1571 4244 1646 4315 τῷ
1675 4245 1954 4314 θεοστυγεῖ

367 4331 668 4403 Πορφυρίῳ
699 4329 1162 4399 ἀκολουθήσαντες
1188 4327 1264 4398 τῷ
1285 4327 1424 4380 κατά
1465 4327 1804 4397 Χριστιανῶν
1830 4343 1954 4393 συγ-

367 4416 643 4487 γράψαντι
674 4415 766 4467 καὶ
813 4414 906 4465 τοῦ
947 4413 1090 4465 θείου
1126 4412 1394 4481 δόγματος
1437 4410 1660 4472 πολλοὺς
1715 4411 1953 4480 ἀποστή-

369 4516 526 4552 σαντι
553 4515 566 4528 ·
607 4497 825 4564 λέγουσι
863 4495 1041 4548 τοίνυν
1069 4511 1080 4523 ·
1116 4495 1215 4546 Διά
1264 4494 1316 4545 τί
1358 4497 1385 4546 6
1439 4493 1569 4556 Θεὸς
1607 4493 1953 4564 ἀπηγόρευσε

364 4583 471 4650 τήν
491 4581 690 4648 γνῶσιν
719 4578 811 4632 τοῦ
843 4580 1006 4632 καλοῦ
1039 4579 1131 4630 καὶ
1161 4577 1394 4647 πονηροῦ
1421 4594 1434 4640 ;
1461 4579 1663 4639 Ἔστω,
1696 4577 1756 4629 τὸ
1786 4595 1952 4649 πονη-

372 4663 466 4733 ρὸν
518 4665 896 4732 ἀπηγόρευσε·
933 4660 1019 4712 διὰ
1049 4661 1099 4711 τί
1135 4663 1227 4712 καὶ
1268 4660 1325 4710 τὸ
1361 4660 1553 4726 καλόν;
1611 4660 1793 4712 Εἰπὼν
1823 4661 1949 4731 γὰρ,

382 4744 518 4797 Ἀπὸ
551 4745 656 4797 τοῦ
693 4743 882 4808 ξύλου
925 4740 1032 4794 τοῦ
1061 4741 1280 4794 εἰδέναι
1327 4741 1516 4794 καλὸν
1545 4742 1641 4793 καὶ
1687 4742 1954 4809 πονηρὸν

362 4827 456 4900 μὴ
507 4826 751 4896 φάγητε,
795 4824 1011 4887 κωλύει,
1076 4826 1258 4895 φησὶν,
1311 4824 1473 4876 αὐτὸν
1525 4824 1616 4876 τοῦ
1659 4825 1853 4878 εἰδέναι
1894 4826 1954 4878 τὸ

369 4910 576 4966 κακόν·
605 4909 692 4960 διὰ
718 4909 769 4962 τί
800 4910 893 4962 καί
917 4909 977 4959 τὸ
1009 4907 1242 4974 ἀγαθόν;
1288 4908 1398 4959 ’Δεί
1424 4909 1456 4976 ή
1488 4906 1650 4958 κακία
1680 4907 1802 4958 καθ’
1831 4909 1954 4960 ἐαυ-

367 4995 474 5063 τῆς
501 4991 837 5060 τεχνάζεται,
863 4992 956 5043 καί
994 4990 1092 5053 τὰς
1126 4989 1295 5052 λαϐὰς
1328 4989 1447 5042 καθ’
1488 4991 1682 5060 ἑαυτῆς
1720 4990 1951 5044 δίδωσιν.

371 5078 452 5132 Οὐ
492 5077 587 5146 τὴν
613 5076 811 5142 γνῶσιν
847 5073 1115 5126 ἐκώλυσεν
1150 5074 1176 5123 6
1201 5072 1330 5135 Θεὸς
1359 5072 1449 5125 τοῦ
1477 5073 1641 5126 καλοῦ
1666 5090 1675 5099 °
1711 5069 1820 5142 εἶχε
1849 5074 1953 5144 γὰρ

372 5159 545 5230 αὐτὴν
579 5160 607 5210 6
653 5157 844 5225 Ἀδὰμ,
874 5159 965 5206 καὶ
992 5157 1095 5226 πρὸ
1123 5156 1214 5208 τοῦ
1254 5159 1466 5222 φαγεῖν.
1506 5157 1566 5208 Et
1607 5157 1713 5225 γὰρ
1740 5156 1813 5225 μὴ
1844 5155 1954 5225 εἶχε

369 5244 600 5311 γνῶσιν,
641 5240 758 5301 πῶς
779 5238 1033 5307 γνωρίζει
1060 5239 1154 5309 τὴν
1191 5243 1454 5306 γυναῖκα;
1485 5239 1599 5302 πῶς
1625 5240 1952 5307 φυσιολογεῖ,

391 5323 636 5377 Ὀστοῦν
655 5323 721 5374 ἐκ
750 5319 866 5373 τῶν
896 5319 1092 5372 ὀστῶν
1102 5338 1242 5388 μου,
1273 5322 1367 5372 καί
1393 5320 1549 5388 σὰρξ
1572 5321 1638 5373 ἐκ
1670 5322 1778 5389 τῆς
1813 5338 1956 5388 σαρ-

372 5411 618 5476 κόςμου
642 5423 660 5470 ;
698 5403 811 5466 πῶς
837 5403 892 5455 δέ
921 5404 1014 5454 καὶ
1037 5405 1368 5472 προφητεύει
1393 5404 1459 5456 τὰ
1495 5404 1771 5472 μέλλοντα,
1793 5405 1954 5470 Αὕτη

375 5489 744 5557 κληθήσεται
774 5485 946 5555 γυνὴ,
983 5485 1067 5536 ὅτι
1092 5487 1157 5537 ἐκ
1189 5487 1296 5539 τοῦ
1329 5487 1546 5555 ἀνδρὸς
1584 5486 1774 5553 αὐτῆς
1816 5487 1955 5552 ἑλιξ-

372 5577 518 5643 ςρθη.
565 5571 708 5624 Ἄντί
737 5570 949 5622 τούτου
981 5571 1329 5635 καταλείψει
1363 5568 1670 5637 ἅνθρωπος
1707 5568 1812 5621 τὸν
1845 5587 1956 5622 πα-

443 5723 467 5750 ⁶¹
495 5719 635 5768 Notat
678 5721 723 5767 in
751 5732 901 5779 marg.
930 5717 1076 5765 Savil.
1112 5715 1374 5781 legonnlum
1402 5728 1532 5775 esse,
1571 5719 1599 5773 ἢ
1627 5718 1783 5778 χρείαν
1806 5735 1954 5781 προσ·

371 5783 654 5839 ποιεῖται,ἢ
697 5777 904 5840 ἄγνοιαν,
945 5791 1086 5839 quam
1113 5777 1392 5840 ilecliuneln
1434 5780 1482 5824 in
1532 5777 1721 5826 mnum
1761 5777 1952 5827 invéxit

372 5844 635 5894 Cnmbells.
667 5839 762 5889 Nos
787 5844 834 5890 in
859 5843 1037 5903 (ιι-φειδ
1060 5839 1176 5884 nihil
1205 5843 1468 5903 mplantes,
1496 5841 1628 5888 illam
1659 5847 1820 5890 tamen
1846 5842 1949 5890 Icc-

378 5915 566 5956 uoncu:
589 5905 639 5953 in
675 5905 902 5952 versione
928 5901 1098 5950 Latina
1119 5901 1388 5960 sequimur.

1391 463 1478 519 DE
1516 460 1728 516 MUNDI
1767 454 2162 513 CREATlONE
2195 452 2454 508 ORATIO
2487 451 2571 505 γι.

3475 437 3590 495 488

2021 575 2159 642 τέρα
2179 570 2365 626 αὐτοῦ
2388 570 2486 624 καί
2515 567 2627 634 τὴν
2648 564 2894 635 μητέρα,
2929 559 3023 613 καὶ
3047 557 3112 642 τά
3138 555 3300 642 λοιπά
3323 570 3338 616 ;
3364 552 3605 642 τοσαῦτα

2022 634 2150 717 οἶδε,
2187 656 2280 708 καὶ
2309 654 2409 705 οὐκ
2439 650 2552 721 ᾔδει
2588 634 2659 701 τὸ
2677 646 2875 709 καλόν;
2928 643 3030 695 Τὸν
3067 636 3335 721 Θεὸνᾼῇδει
3358 673 3374 699 ,
3410 634 3603 721 τὰ-τοῦ

2023 737 2159 792 Θεοῦ
2194 739 2400 806 ἐτήρει,
2425 717 2624 802 γνῶσιν
2653 725 2815 798 εἶχεν,
2835 719 3324 806 ὀνόματα-ἐπέθηκε
3345 717 3599 806 τοσαῦτα·

2031 820 2146 882 πῶς
2174 799 2416 886 οῦκ-εἷχε
2439 799 2648 883 γνῶσιν
2683 810 2887 874 καλοῦ;
2929 808 2993 859 Τί
3042 800 3133 858 οῦν
3167 805 3347 868 ἐστιν;
3389 801 3462 854 Οὐ
3505 799 3605 870 τὴν

2025 879 2224 972 γνῶσιν
2252 879 2508 953 κωλύει-ό
2541 896 2671 958 Θεὸς
2697 892 2790 946 τοῦ
2817 886 3166 972 καλοῦζάλλά
3195 885 3337 972 θέλει
3365 885 3438 972 μή
3467 879 3605 972 εἰναι

2030 965 2168 1056 μετὰ
2196 982 2289 1036 τοῦ
2320 979 2524 1050 ἀγαθοῦ
2559 979 2658 1047 τὴν
2692 976 2888 1045 γνῶσιν
2909 970 3030 1056 τοῦ
3083 966 3430 1056 mimi/6:30)
3458 966 3518 1056 δὲ
3546 965 3606 1056 τὸ

2030 1047 2268 1136 σόφισμα
2303 1047 2402 1133 τῆς
2435 1060 2686 1122 ἀσεϐείας
2717 1058 2822 1112 ἀπὸ
2853 1055 2959 1108 τῶν
2994 1049 3428 1136 ΓραφῶνηΛέγει
3457 1047 3609 1136 ῌαῦ-

2027 1134 2152 1214 λος·
2179 1134 2263 1204 Οὐ
2295 1151 2559 1202 δύνασθε
2589 1142 2873 1212 ποτήριον
2901 1138 3122 1207 Κυρίου
3150 1134 3326 1194 πιεῖν,
3373 1134 3468 1186 καί
3505 1144 3607 1184 πο-

2029 1231 2235 1302 τήριον
2261 1231 2602 1300 δαιμονίων.
2635 1228 2706 1280 Οῦ
2737 1226 2805 1279 τὰ
2833 1223 2924 1277 δύο
2947 1221 3235 1282 ἐκώλυσεν,
3266 1217 3383 1302 ἀλλί
3409 1215 3608 1302 ήγίασε

2034 1299 2132 1386 μέἶι
2179 1316 2240 1368 τὸ
2269 1299 2444 1382 ἁγιον,
2477 1310 2746 1383 ἀπέρριψε
2798 1309 2852 1360 δέ
2893 1306 2953 1359 τὸ
2981 1302 3308 1386 ἐναγέςῗκαί
3363 1299 3606 1386 βέϐηλον.

2033 1381 2188 1452 οὕτω
2209 1399 2300 1451 και
2321 1381 2356 1449 δ
2375 1397 2564 1465 Σωτήρ
2585 1381 2598 1424 έ
2628 1381 2711 1446 οὐ
2733 1392 2998 1445 δύνασθε
3027 1385 3148 1451 Θεῷ
3176 1385 3485 1438 δουλεύειν
3512 1381 3609 1435 και

2026 1480 2309 1553 μαμωνᾷ·
2359 1479 2501 1532 κατὰ
2538 1479 2599 1531 τὸ
2631 1475 2759 1530 αὐτὸ
2790 1476 2884 1528 καὶ
2919 1471 3037 1541 Θεῷ
3059 1469 3325 1553 δουλεύειν
3359 1467 3452 1520 καὶ
3493 1465 3616 1553 δαί-

2037 1549 2158 1638 μονι
2191 1565 2468 1619 ἀδύνατον.
2500 1562 2686 1623 Ούτως
2708 1563 2734 1613 6
2772 1559 2903 1620 Θεὸς
2937 1555 3176 1638 ἐκώλυσε
3207 1551 3405 1638 λαϐεῖκί
3413 1549 3613 1638 γνῶσιν

2033 1633 2126 1702 τοῦ
2156 1647 2414 1717 πονηροῦ,
2445 1646 2530 1698 ἵνα
2557 1644 2631 1714 μὴ
2659 1641 2884 1714 μιγῆται
2916 1638 3053 1710 μετὰ
3080 1636 3173 1691 τοῦ
3204 1633 3409 1703 ἀγαθοῦ
3451 1633 3543 1686 καί
3581 1633 3616 1702 ἡ

2035 1732 2236 1801 γνῶσις
2267 1730 2358 1783 τοῦ
2386 1728 2577 1781 κακοῦ.

2106 1837 2169 1890 δ’.
2185 1837 2383 1890 Λοιπὸν
2401 1833 2632 1890 ἐνταῦθα
2647 1831 3019 1902 προσέχωμεν.
3045 1827 3140 1880 Διά
3162 1827 3212 1878 τί
3235 1825 3288 1879 δέ
3309 1824 3443 1887 ὅλως
3459 1823 3619 1902 ἐκλή-

2037 1919 2103 1989 θη
2123 1919 2277 1985 ξύλον
2290 1916 2528 1986 γνωστὸν
2551 1901 2714 1968 καλοῦ
2736 1916 2826 1967 καὶ
2847 1910 3082 1982 πονηροῦ
3102 1927 3114 1973 ς
3133 1908 3211 1964 Ού
3233 1907 3484 1976 τοιαύτην
3503 1901 3617 1974 εἶχε

2038 2003 2219 2072 φύσιν,
2253 2001 2389 2054 ἀλλὰ
2417 2000 2672 2068 τοιαύτην
2731 1999 2962 2068 ἤνεγκεν
3000 1994 3277 2054 ὑπόθεσιν,
3317 1992 3376 2045 τὸ
3424 1991 3618 2060 ἰδίωμα

2037 2085 2143 2138 τῶν
2172 2083 2400 2154 Γραφῶν
2423 2083 2581 2150 λέγω.
2606 2076 2729 2134 Οἷόν
2751 2097 2802 2133 τι
2826 2080 2968 2147 λέγω
2992 2095 3002 2108 ·
3028 2077 3228 2147 ἐκλήθη
3253 2078 3309 2129 ἐν
3338 2077 3403 2147 τῇ
3428 2074 3619 2143 ἐρήμῳ

2042 2170 2140 2239 μία
2181 2167 2332 2239 πηγὴ
2369 2168 2560 2230 ὓδατος
2590 2166 2735 2236 ὕδωρ
2764 2164 3069 2233 ἀντιλογίας
3093 2180 3108 2194 ·
3163 2157 3620 2239 Ἐδοκιμασάῗσε

2037 2238 2137 2308 ἐπὶ
2158 2238 2376 2318 ὕδατος
2396 2252 2764 2319 ἀντιλογίας.
2791 2245 2937 2319 τΑρα
2961 2248 3019 2300 τὸ
3048 2247 3192 2318 ὕδωρ
3220 2243 3472 2313 τοιαύτην
3506 2238 3618 2316 εἶχε

2039 2339 2218 2405 φύσιν,
2249 2337 2322 2399 ὡς
2351 2339 2430 2399 εἰς
2456 2334 2763 2403 ἀντιλογίαν
2795 2334 2979 2404 φέρειν
3018 2332 3107 2384 τὸν
3136 2330 3262 2382 λαόν
3287 2347 3300 2390 ;
3339 2327 3426 2380 διὰ
3451 2326 3501 2379 τί
3528 2322 3620 2380 οὖν

2041 2421 2280 2488 Μωῡσῆς
2315 2417 2453 2471 πιών
2511 2420 2609 2470 οὐκ
2659 2420 2877 2470 ἀντεῖπε
2922 2415 3000 2485 τῷ
3053 2413 3205 2483 Θεῷ;
3262 2413 3469 2481 Ὠσπερ
3528 2407 3622 2463 οῦν

2041 2503 2240 2573 ἐκλήθη
2273 2502 2331 2554 τὸ
2357 2501 2499 2572 ὓδωρ
2528 2501 2834 2568 ἀντιλογίας
2869 2498 3031 2569 ὕδωρ,
3069 2497 3128 2548 οὐ
3170 2495 3329 2564 φύσιν
3361 2495 3481 2564 ἕχον
3512 2511 3622 2546 τοι·

2042 2586 2232 2657 αύτην,
2268 2586 2403 2640 ἀλλὰ.
2427 2586 2512 2638 διὰ
2553 2587 2650 2654 τὴν
2686 2583 2771 2636 ἐπ’
2817 2582 2965 2652 αύτῷ
3004 2582 3304 2651 γενομένην
3347 2579 3619 2632 ὑπόθεσιν.

2056 2671 2274 2743 Ἐπειδὴ
2304 2671 2411 2740 γὰρ
2440 2670 2555 2723 ἐκεῖ
2587 2669 2836 2720 ἀντεῖπεν
2856 2669 2883 2719 6
2915 2666 3062 2728 λαὸς,
3126 2665 3212 2717 διὰ
3238 2663 3394 2717 τοῦτο
3422 2661 3622 2733 ἐκλήθη

2046 2753 2187 2825 ὕδωρ
2217 2752 2543 2820 ἀντιλογίας.
2583 2752 2750 2804 Πάλιν
2789 2745 2927 2803 εἶδεν
2976 2746 3168 2801 Ἰακὼϐ
3215 2746 3304 2800 τὸν
3343 2747 3472 2799 Θεὸν
3499 2786 3512 2807 ,
3548 2745 3623 2810 ὡς

2050 2835 2178 2889 ἰδεῖν
2205 2835 2478 2906 ἀνθρώπῳ
2499 2834 2741 2898 δυνατὸν,
2769 2832 2864 2886 καί.
2893 2830 3050 2885 καλεῖ
3072 2831 3132 2884 τὸ
3153 2830 3322 2899 ὄνομα
3339 2828 3431 2882 τοῦ
3457 2828 3623 2881 τόπου

2047 2919 2224 2985 Εἶδος
2250 2918 2418 2973 Θεοῦ.
2462 2919 2521 2971 '0
2553 2919 2715 2980 τόπος
2747 2917 2845 2969 οὐκ
2890 2910 3033 2984 εῖχεν
3067 2911 3205 2977 εἶδος
3236 2912 3391 2978 Θεοῦ,
3421 2913 3454 2983 ἢ
3489 2929 3623 2984 μορ-

2049 3004 2154 3074 φὴν
2174 3002 2329 3065 Θεοῦ,
2360 3002 2473 3055 ἀλλ’
2511 3001 2697 3072 ἐπειδὴ
2729 3002 2844 3054 ἐκεῖ
2872 2999 3019 3070 αὑτῷ
3058 3001 3094 3069 ή
3123 2997 3356 3051 όπτασία
3389 2998 3622 3064 ἐγένετο,

2049 3085 2275 3140 ἐκάλεσε
2306 3086 2395 3137 τὸν
2421 3086 2582 3138 τόπον
2607 3085 2716 3138 ἀπὸ
2746 3082 2837 3136 τοῦ
2863 3081 3205 3152 πράγματος.
3245 3081 3437 3145 ’Ἄλλος
3463 3082 3628 3146 τόπος

2050 3170 2252 3241 ἐκλήθη
2276 3170 2496 3236 Εἰρήνη
2544 3168 2714 3222 Θεοῦ.
2769 3167 2898 3220 Ὅτε
2930 3165 3006 3237 τῷ
3031 3163 3236 3219 Γεδεὼν
3266 3166 3436 3236 ἐφάνη
3463 3166 3630 3234 ἄγγε-

2050 3255 2158 3319 λος,
2205 3253 2467 3323 ἐφοϐήθη,
2503 3254 2595 3305 καί.
2637 3251 2818 3318 λέγει·
2853 3250 3048 3318 Οῖμοι,
3076 3249 3254 3317 οἶμοι,
3295 3247 3628 3303 ἀποθανοῦ-

2046 3354 2150 3405 μαι
2169 3353 2183 3367 ·
2213 3335 2363 3408 [499]
2392 3331 2556 3387 εἶδον
2591 3334 2697 3404 γὰρ
2727 3331 2985 3401 ἄγγελον
3017 3331 3187 3384 Θεοῦ.
3220 3331 3387 3398 Λέγει
3409 3326 3569 3395 αὐτῷ
3596 3334 3630 3384 ό

2050 3421 2334 3490 ἅγγελος·
2372 3417 2595 3486 Εἰρήνη
2626 3433 2746 3478 σοι,
2770 3417 2854 3486 μὴ
2875 3415 3083 3484 φοϐοῦ.
3119 3414 3229 3467 Καὶ
3259 3415 3627 3483 ᾠκοδόμησε,

2052 3504 2206 3572 φησι,
2235 3499 2468 3554 Γεδεὼν
2504 3495 2958 3565 θυσιαστήριον,
3009 3497 3106 3550 καὶ
3151 3495 3445 3550 ἐκάλεσεν
3482 3495 3631 3551 αὐτὸ

2052 3584 2276 3653 Ειρήνη
2319 3581 2488 3635 Θεοῦ.
2526 3583 2735 3652 Ὥσπερ
2764 3576 2857 3634 οῦν
2890 3583 2917 3632 6
2949 3579 3159 3649 βωμὸς,
3191 3579 3223 3648 ἢ
3254 3580 3311 3632 τὸ
3345 3579 3632 3650 θυσιαστή-

2055 3685 2189 3738 ριον.
2224 3667 2322 3718 ούκ
2362 3665 2492 3717 αὐτὸ
2548 3665 2769 3734 εἰρήνην
2828 3658 2994 3732 εἶχεν,
3047 3661 3182 3715 ἀλλὰ
3209 3664 3306 3730 τῆς
3335 3662 3632 3734 γενομένης

2053 3751 2145 3804 καὶ
2174 3749 2417 3819 δοθείσης
2465 3749 2686 3817 εἰρήνης
2732 3742 2798 3816 ἦν
2855 3745 3156 3815 σύμϐολον·
3217 3746 3308 3797 καί⁵
3337 3745 3525 3816 ὥσπερ
3572 3746 3632 3798 τὸ

2054 3833 2198 3902 ὕδωρ
2235 3831 2334 3883 ούκ
2362 3824 2506 3898 εἶχεν
2539 3829 2867 3896 ἀντιλογίαν,
2905 3829 3039 3881 ἀλλὰ
3070 3827 3159 3880 διά
3209 3829 3307 3897 τήν
3364 3828 3450 3880 ἐπ’
3483 3827 3632 3897 αύτῷ

2051 3915 2351 3985 γενομένην
2385 3913 2638 3966 ὑπόθεσιν
2663 3911 2832 3974 οῦτως
2855 3911 3055 3983 ἐκλήθη
3074 3928 3086 3940 ·
3111 3910 3252 3963 οὕτω
3274 3913 3366 3964 καί
3397 3912 3456 3965 τὸ
3479 3912 3632 3977 ξύλον

2053 4001 2114 4053 οὐ
2141 4000 2340 4066 γνῶσιν
2374 3995 2538 4068 εἶχεν,
2590 3996 2701 4049 ἀλλ’
2735 3996 2920 4066 ἐπειδὴ
2965 3997 3072 4058 πᾶς
3118 3997 3146 4047 6
3182 3995 3510 4067 ἁμαρτάνων
3556 3999 3634 4060 είς

2053 4084 2253 4151 γνῶσιν
2275 4082 2490 4153 ἔρχεται
2519 4074 2592 4132 ῶν
2622 4079 2937 4150 ἁμαρτάνει.
2975 4076 3098 4130 Οἷόν
3119 4095 3172 4130 τι
3198 4078 3359 4144 λέγω,
3390 4078 3549 4130 πάλιν
3575 4081 3633 4130 ἐν

2056 4167 2412 4235 ὑποδείγματι
2433 4183 2445 4196 ·
2467 4165 2634 4216 ἐνίοτε
2656 4162 3039 4234 παρερχόμεθα
3057 4163 3324 4228 ὁδεύοντες
3343 4163 3429 4215 διά
3451 4165 3633 4217 τόπων

2056 4249 2488 4323 λῃστευομὲνων,
2506 4247 2597 4300 καί
2625 4246 2743 4309 ἔθος
2769 4249 2882 4309 τοῖς
2904 4244 3208 4316 ἀνθρώποις
3235 4247 3432 4313 λέγειν,
3461 4249 3522 4301 Οἰ
3554 4248 3635 4300 τό·

2055 4351 2146 4386 ποι
2179 4332 2242 4403 δὴ
2275 4325 2418 4385 οὗτοι
2446 4330 2664 4401 φοϐεροί
2691 4333 2846 4386 εἰσιν.
2884 4326 3028 4401 Ἀρα
3056 4333 3082 4382 6
3110 4330 3272 4394 τόπος
3297 4330 3408 4399 ἔχει
3437 4331 3634 4398 φόϐον;

2055 4415 2087 4483 ἢ
2119 4415 2205 4467 διὰ
2228 4416 2348 4478 τοὺς
2366 4413 2566 4485 λῃστὰς
2582 4413 2817 4480 λέγουσι,
2841 4413 2962 4474 τοὺς
2985 4413 3341 4482 σχολάζοντας
3362 4416 3416 4465 ἐν
3445 4413 3634 4485 ἐκείνῳ

2056 4497 2132 4566 τῷ
2162 4497 2311 4566 τόπῳ
2338 4513 2350 4559 ;
2414 4496 2568 4549 Οὕτω
2623 4497 2713 4547 καί
2737 4496 2795 4548 τὸ
2818 4496 3027 4567 δένδρον
3047 4499 3221 4549 ἐκεῖνο
3248 4496 3306 4548 ού
3338 4496 3498 4564 φύσιν
3521 4492 3633 4566 εἶχε

2058 4579 2412 4633 θανατοποιοῦ
2437 4578 2690 4646 γνώσεως
2717 4578 3066 4649 ἐργαστικὴν,
3106 4579 3219 4631 ἀλλ’
3249 4579 3355 4632 ἀπὸ
3383 4580 3480 4647 τῆς
3506 4581 3634 4649 περὶ

2058 4663 2188 4718 αὐτὸ
2221 4663 2514 4731 γενομένης
2532 4661 2606 4729 τῷ
2652 4662 2821 4730 Ἀδὰμ
2851 4661 3154 4731 τραγῳδίας
3179 4662 3331 4713 ἔλαϐε
3354 4662 3413 4713 τὸ
3441 4662 3630 4730 ὄνομα.

2059 4745 2184 4797 Λύω
2219 4745 2272 4796 δὲ
2309 4744 2366 4796 τὸ
2403 4745 2634 4813 πρᾶγμα
2665 4744 2944 4811 συντόμως
2968 4761 2982 4774 ·
3017 4744 3076 4793 ού
3102 4743 3209 4812 γὰρ
3245 4745 3492 4814 ἀπορεῖή
3515 4743 3634 4796 θεία

2059 4827 2271 4896 Γραφή.
2311 4827 2555 4896 Σήμερον
2581 4825 2776 4894 ἔχομεν
2800 4825 3201 4896 θυσιαστήριον,
3227 4821 3286 4878 οὗ
3319 4827 3634 4896 μετέχουσιν

2058 4913 2103 4964 οί
2138 4910 2337 4962 πιστοί.
2373 4907 2520 4978 Ἀρα
2567 4908 2698 4960 αὐτὸ
2731 4908 2789 4959 τὸ
2829 4908 2999 4979 δῶρον
3053 4908 3286 4978 φυσικὴν
3317 4909 3426 4978 ἔχει
3457 4927 3634 4981 σωτη-

2061 4995 2201 5064 ρίαν,
2239 4993 2269 5061 ῆ
2297 4992 2382 5044 διά
2409 4993 2506 5059 τὴν
2536 4991 2968 5062 ἐπικαλουμένην
3012 4992 3167 5056 δόξαν
3205 4993 3346 5062 ἔχεις
3381 4993 3633 5064 ἐνέχυρον

2059 5077 2165 5129 ἀπὸ
2188 5077 2293 5128 τῶν
2322 5075 2622 5143 παρόντων,
2655 5075 2728 5144 μὴ
2763 5075 3110 5147 ἀμφιϐάλλῃς
3142 5079 3267 5146 περὶ
3301 5077 3408 5128 τῶν
3431 5079 3631 5148 προλα-

2061 5160 2292 5221 ϐόντων;
2337 5158 2485 5210 Ἐκεῖ
2512 5157 2707 5227 βρῶμα
2731 5158 3101 5218 θανατοποιὸν,
3149 5153 3248 5211 ὧδε
3281 5159 3472 5230 βρῶμα
3507 5161 3636 5223 ζωο-

2060 5241 2228 5294 ποιόν.
2263 5241 2322 5290 Εἰ
2347 5239 2502 5291 τοῦτο
2531 5241 2588 5292 τὸ
2617 5240 2808 5310 βρῶμα
2832 5241 2993 5306 σώζει
3021 5242 3198 5310 φύσει,
3227 5245 3318 5295 καὶ
3341 5244 3399 5294 ού
3429 5244 3629 5315 χάριτι·

2058 5325 2275 5376 κάκεῖνο
2299 5325 2362 5391 τῇ
2397 5323 2552 5390 φύσει
2584 5326 2814 5394 ἀναιρεῖ,
2848 5325 2937 5377 καὶ
2970 5326 3030 5376 ού
3083 5326 3411 5396 παραϐάσει.
3466 5328 3631 5390 Δείξιιι

2060 5424 2140 5458 σοι
2171 5407 2298 5459 ἀλλο
2349 5407 2545 5476 βρῶμα
2595 5407 2697 5469 ἔξω
2744 5407 2835 5460 τοῦ
2877 5409 3204 5478 παραδείσου
3256 5408 3625 5475 θανατοποιὸν,

2056 5491 2152 5559 τὴν
2180 5489 2618 5560 εἰδωλολατρείαν
2649 5490 2806 5556 λέγω.
2855 5491 2952 5542 Διά
3000 5493 3050 5543 τί
3100 5492 3206 5561 γάρ
3253 5494 3629 5561 παρῃτήσαντο

2056 5574 2104 5625 οί
2144 5573 2415 5642 μάρτυρες
2445 5577 2633 5641 φαγεῖν
2667 5573 2798 5642 κρέα
2824 5593 2836 5637 ;
2887 5573 2972 5626 διὰ
3007 5575 3055 5625 τί
3086 5574 3370 5643 ἐφοϐοῦντο
3396 5578 3585 5642 φαγεῖν
3611 5593 3624 5637 ;

2057 5651 2182 5723 ἆρα,
2218 5658 2264 5706 εἰ
2293 5655 2511 5722 ἔφαγον,
2549 5656 2922 5722 ἀπέθνησκον;
2956 5657 3215 5725 Οὐδαμῶς
3240 5674 3252 5685 ·
3295 5655 3406 5708 ἀλλ’
3442 5657 3628 5728 ἐπειδὴ

2056 5738 2408 5804 ἐπωνόμαστο
2456 5739 2564 5790 τῶν
2594 5737 2824 5791 εἰδώλων
2860 5741 2890 5807 ή
2927 5742 3134 5807 μνήμη,
3187 5739 3403 5805 ἔφυγον,
3437 5740 3497 5790 ού
3529 5740 3626 5810 τὴν

2059 5821 2279 5891 βρῶσιν,
2314 5821 2449 5873 ἀλλὰ
2473 5821 2569 5890 τὴν
2594 5821 2700 5873 τῶν
2728 5821 2936 5891 μιαρῶν
2971 5821 3270 5890 ἐπίκλησιν,
3312 5821 3466 5873 Οῦτω
3490 5839 3627 5889 γνω-

2060 5903 2181 5958 στὸν
2208 5899 2274 5974 ἦν
2303 5905 2473 5959 κακοῦ
2499 5906 2592 5961 καὶ
2618 5904 2817 5974 ἀγαθοῦ
2845 5905 2902 5957 τὸ
2923 5903 3154 5975 δένδρον,
3173 5905 3232 5957 οὐ
3267 5903 3464 5973 γνῶσιν
3491 5919 3631 5976 παρ-ι
