4158 6474
597 531 741 603 ἕχον,
772 527 885 583 ἀλλ’
922 525 1030 581 ἀπὸ
1067 525 1164 596 τῆς
1211 523 1571 596 παραϐάσεως
1628 522 1877 576 διδάσκον
1922 520 2084 575 αὐτόν
2122 520 2175 572 ι’.

610 618 723 672 Ἀεὶ
751 616 859 688 γὰρ
895 617 927 686 ἡ
951 617 1115 685 πεῖρα
1139 612 1380 667 διδάσκει
1402 612 1492 665 τὸν
1531 611 1777 682 ἀνόητον,
1808 611 1889 664 ὅτι
1929 609 2105 663 κακὸν
2123 607 2186 660 τὸ

596 705 933 778 παραϐῆναι.
969 703 1137 755 Πάλιν
1176 701 1337 773 ἑτέρα
1382 700 1485 771 ὀδῷ
1506 700 1798 771 λυθήσεται
1830 698 1892 751 τὸ
1918 696 2187 768 ζητούμε-

597 813 707 858 νον,
740 795 837 864 οὐχ
861 792 936 856 ώς
962 792 1069 844 τῶν
1093 790 1325 863 πρώτων
1362 789 1696 844 ἀτονούντων
1723 829 1737 851 ,
1785 786 1900 840 ἀλλ’
1958 786 2035 849 ὠς
2086 785 2185 854 τῆς

594 883 816 955 χάριτος
841 882 933 935 τοῦ
962 880 1096 934 Θεοῦ
1130 880 1388 945 πλουσίας
1420 878 1607 948 οὔσης.
1641 877 1732 943 Μὴ
1766 893 1875 947 γαρ
1919 893 2002 939 τις
2033 892 2186 944 νομι-

595 974 737 1036 ζέτω
764 972 863 1045 τήν
886 970 1179 1039 ἐπαγωγὴν
1209 969 1316 1023 τῶν
1351 968 1560 1021 πολλῶν
1604 966 1894 1037 νοημάτων
1933 963 2001 1016 δι’
2024 962 2185 1016 ἀσθέ-

594 1079 747 1117 νειαν
798 1060 1048 1130 γίνεσθαι
1077 1058 1187 1111 τῶν
1229 1056 1611 1129 προλαϐόντων
1638 1073 1651 1087 ·
1684 1057 1717 1125 ή
1747 1054 1840 1107 τοῦ
1891 1052 2027 1106 Θεοῦ
2074 1050 2184 1121 γάρ

594 1153 755 1223 χάρις
785 1148 1015 1203 πλουσία
1039 1143 1191 1210 οὖσα,
1222 1148 1284 1197 ἐκ
1312 1144 1421 1196 τῶν
1470 1143 1670 1212 ἑαυτῆς
1705 1141 2001 1213 θησαυρῶν
2042 1158 2186 1214 παρ-

594 1244 708 1312 έχει
738 1242 889 1311 ἡμῖν,
919 1240 1012 1293 ἐὰν
1041 1232 1191 1307 ὦμεν
1222 1235 1384 1299 ἄξιοι.
1418 1234 1661 1305 Πρόσεχε
1690 1232 1891 1286 τοίνυν.
1936 1234 2000 1284 Οἱ
2043 1230 2186 1303 μάρς

592 1349 755 1403 τυρες
780 1331 1167 1402 παρῃτήσαντο
1203 1324 1405 1395 βρῶσιν
1439 1322 1825 1384 εἰδωλοθύτων,
1860 1321 2027 1384 ὅντως
2053 1320 2186 1388 φεύο

591 1439 777 1491 γοντες
802 1422 1017 1490 φαγεῖν,
1043 1418 1117 1480 ὡς
1148 1418 1196 1469 εἰ
1230 1415 1429 1483 ἔφυγεν
1464 1412 1636 1483 Ἀδάμ
1657 1414 1718 1465 τὸ
1737 1411 1974 1482 δένδρον,
2003 1409 2183 1480 ἐσώθη

591 1516 675 1568 άν.
712 1512 835 1565 Ὀτι
872 1510 927 1563 δέ
962 1509 1021 1561 οὐ
1071 1506 1134 1559 τὸ
1179 1504 1380 1557 εἰδέναι
1417 1501 1620 1570 ἀγαθὸν
1666 1500 1759 1554 καὶ
1796 1500 1987 1562 κακὸν,
2025 1498 2185 1551 τοῦτο

594 1600 844 1672 μισητὸν,
870 1600 904 1669 ἡ
927 1596 1156 1668 ἀλήθεια
1176 1593 1405 1663 λάμπει.
1446 1590 1697 1661 Ἐρωτῶν
1718 1588 1827 1657 γὰρ
1862 1589 1891 1640 6
1913 1586 2065 1649 Θεὸς,
2090 1585 2185 1637 καὶ

596 1692 671 1761 μὴ
702 1689 979 1760 πράττων,
1010 1680 1150 1738 οἶδεν
1178 1682 1331 1747 αὐτὸ,
1361 1681 1393 1752 ἢ
1427 1680 1522 1745 οῦς
1551 1678 1647 1742 Τίς
1680 1677 1857 1747 τολμᾷ
1904 1678 2081 1729 εἰπεῖν
2101 1676 2183 1729 ὅτι

591 1781 691 1834 οὐκ
724 1774 866 1833 οἶδεν
886 1797 901 1844 ;
922 1776 995 1830 Οὐ
1022 1776 1129 1845 γάρ
1157 1775 1305 1826 ἐστιν
1328 1774 1361 1842 ἡ
1395 1771 1617 1839 γνῶσις,
1641 1768 1859 1839 πρᾶξις.
1880 1762 2025 1836 Ἀρα
2046 1764 2186 1819 Παῦ-

591 1869 683 1931 λος
714 1870 743 1921 6
772 1867 966 1934 λέγων,
995 1862 1249 1931 Φεύγετε
1275 1859 1391 1927 τὴν
1416 1856 1721 1925 πορνείαν,
1760 1856 1859 1907 οὐκ
1883 1854 1999 1924 ῇδει
2032 1851 2084 1905 τί
2118 1848 2185 1921 ἧν

593 1960 626 2028 ὴ
658 1954 881 2027 πορνεία
904 1972 918 2018 ;
942 1954 970 2005 ό
994 1951 1210 2021 φεύγων
1244 1946 1509 2019 μοιχείαν,
1538 1945 1639 1997 οὐκ
1665 1943 1783 2014 ᾔδει
1819 1942 1871 1994 τί
1902 1937 1971 2011 ἦν
1998 1942 2030 2011 ἡ
2068 1958 2185 2011 μοι·

590 2046 747 2118 χεία;
793 2043 931 2098 Ἀλλ’
968 2042 1025 2094 οὐ
1062 2039 1386 2110 κατέκρινεν
1418 2034 1582 2089 αὑτὸν
1612 2035 1645 2103 ἡ
1677 2032 1897 2101 γνῶσις.
1933 2029 2107 2093 Αὐτὸς
2127 2028 2183 2082 δὲ

591 2138 620 2189 6
649 2135 782 2198 Θεὸς
822 2128 963 2186 οἶδεν
999 2130 1159 2202 ἡμῶν
1200 2127 1329 2191 ὅλας
1364 2125 1464 2189 τάς
1508 2123 1754 2196 πράξεις,
1797 2120 2047 2193 ἀριθμῶν
2091 2121 2185 2173 καὶ

592 2223 793 2292 λέγων·
838 2222 938 2276 Ἐκ
966 2218 1074 2285 τῆς
1102 2217 1350 2286 καρδίας
1381 2212 1726 2284 ἐξέρχονται
1757 2210 2032 2279 λογισμοὶ
2070 2224 2182 2262 πο-

592 2310 788 2379 νηροὶ,
824 2311 1018 2377 φόνοι,
1050 2304 1329 2376 μοιχεῖαι,
1348 2301 1663 2370 ἐπιορκίαι,
1686 2299 2012 2366 ἀσέλγειαι,
2042 2299 2184 2365 φθό-

592 2419 707 2464 νοι,
742 2397 1105 2462 πλεονεξίαι,
1139 2393 1329 2449 Ταῦτά
1356 2394 1485 2447 ἐστι
1510 2394 1584 2445 τὰ
1610 2388 1929 2443 κοινοῦντα
1951 2388 2059 2441 τόν
2080 2388 2184 2441 ἇν-

595 2492 850 2558 θρωπον.
885 2485 1073 2539 Ταῦτα
1098 2481 1253 2556 [500]
1299 2479 1509 2549 ἀγνοῶν
1542 2478 1711 2547 λέγει,
1749 2476 1783 2546 ἦ
1809 2475 1960 2538 εἰδὼς
1990 2478 2018 2529 6
2051 2475 2183 2539 Θεὸς

596 2576 691 2632 καὶ
712 2577 741 2629 6
756 2572 1076 2635 ’Δπόστολος
1096 2588 1111 2635 ;
1130 2570 1240 2639 Οὐχ
1264 2567 1473 2639 ὑϐρίζει
1493 2562 1586 2619 οῦν
1608 2566 1642 2636 ἠ
1661 2564 1860 2633 γνῶσις
1874 2562 1966 2615 τὸν
1987 2562 2177 2631 Ἀδάμ.

598 2662 876 2733 Ἐϐλαψεν
909 2662 1007 2730 οὐχ
1039 2661 1072 2730 ἡ
1102 2657 1323 2727 γνῶσις,
1350 2654 1465 2711 ἀλλ’
1492 2656 1528 2725 ἡ
1572 2652 1904 2725 παράϐασις.
1938 2650 2087 2703 Θέλω
2126 2650 2183 2703 δὲ

596 2752 875 2825 ἐρωτῆσαι
903 2750 1085 2813 αὐτὸν,
1119 2749 1271 2800 ποῖον
1299 2744 1471 2815 ἔμαθε
1500 2742 1652 2814 παρὰ
1677 2742 1770 2794 τοῦ
1808 2740 1963 2805 ξύλου
1994 2740 2179 2802 καλὸν,

595 2842 628 2910 ἦ
651 2841 820 2895 κακόν
843 2856 858 2905 ;
885 2837 1038 2892 Μετά
1082 2836 1181 2906 τήν
1233 2833 1433 2904 βρῶσιν
1466 2832 1606 2900 ἔγνω
1633 2830 1682 2883 τί
1717 2832 1832 2882 ἐστι
1858 2829 2048 2897 φόνος;
2087 2828 2181 2881 Οὑ-

592 2930 705 2992 διὶς
737 2926 950 2981 οὐδέπω
1000 2919 1068 2994 ἦν
1106 2924 1133 2975 6
1160 2922 1434 2986 κολάζωνο
1484 2920 1545 2973 οὐ
1576 2920 1790 2989 μοιχεία
1819 2917 2146 2984 ἐγινώσκετο
2165 2932 2178 2946 ·

594 3015 806 3070 οὐδέπω
830 3020 938 3085 γάρ
957 3008 1097 3084 ἦσαν
1121 3011 1317 3081 γάμοι·
1341 3008 1400 3064 οὐ
1425 3010 1693 3079 πορνεῖαι,
1720 3006 1818 3075 οὐχ
1842 3004 2067 3077 ἁρπαγὴ
2088 3000 2179 3074 ἦν·

595 3104 807 3157 οὐδέπω
837 3102 947 3173 γάρ
969 3096 1036 3171 ἦν
1070 3100 1321 3161 πλούσιος
1346 3096 1440 3150 καὶ
1482 3096 1682 3165 πένης·
1729 3095 1788 3147 οὐ
1824 3092 2179 3161 συκοφαντίαι

595 3194 690 3247 καὶ
715 3189 1199 3262 ψευδομαρτυρίαι.
1243 3187 1400 3239 Ποῖον
1438 3179 1531 3237 οῦν
1563 3183 1703 3251 ἔγνω
1740 3182 1927 3246 κακὸν,
1960 3181 1992 3251 ἦ
2023 3179 2182 3233 τοῦτο

599 3282 783 3352 μόνον,
811 3282 893 3334 ὅτι
915 3278 1079 3332 καλὸν
1103 3272 1171 3347 ἦν
1206 3276 1267 3327 τὸ
1296 3274 1603 3328 ὑπακοῦσαι
1642 3271 1783 3341 Θεῷ,
1833 3270 2002 3325 κακὸν
2030 3270 2087 3323 δὲ
2119 3269 2182 3322 τὸ

599 3368 951 3440 παρακοῦσαι
979 3365 1112 3419 Θεοῦ
1139 3381 1153 3430 ;
1188 3364 1347 3432 Λέγω
1376 3363 1431 3415 δὲ
1470 3362 1647 3415 κοινὸν
1677 3361 1772 3414 καὶ
1809 3359 2181 3430 περιφερόμε-

597 3476 686 3511 νον
721 3459 892 3529 ῥῆμα,
916 3455 1011 3508 καὶ
1043 3454 1116 3524 μή
1153 3469 1235 3514 τις
1268 3449 1432 3503 αὑτοῦ
1459 3450 1534 3512 ὡς
1579 3447 1854 3519 τολμηροῦ
1903 3446 2177 3517 καταγνῷ.

597 3545 887 3614 Εἰώθαμεν
917 3542 1093 3609 λέγειν
1123 3541 1235 3601 τοῖς
1258 3537 1685 3608 ἁμαρτάνουσιν,
1718 3535 2070 3597 ἀπειλοῦντες
2093 3536 2183 3588 αὐ-

594 3636 706 3696 τοῖς
747 3631 1082 3705 ἐπιστροφήν
1106 3645 1119 3657 °
1163 3626 1309 3679 Ποιῶ
1340 3642 1399 3678 σε
1436 3624 1628 3695 μαθεῖν
1652 3626 2004 3694 ἐπιστροφήν.
2033 3619 2181 3693 Ἆρα

596 3719 795 3788 γνῶσιν
825 3718 973 3786 λέγει
1007 3717 1106 3782 τὴν
1138 3715 1408 3784 μάθησιν;
1436 3712 1508 3764 Τὸ
1535 3708 1627 3765 οὖν
1653 3712 1895 3780 γνωστὸν
1934 3710 2043 3764 ἀπὸ
2080 3710 2183 3779 τῆς

598 3807 793 3877 πείρας
837 3804 944 3857 τῶν
995 3800 1311 3873 συμφορῶν.
1350 3799 1699 3852 Ἐπαίδευσεν
1744 3799 1907 3852 αὐτὸν
1954 3798 2178 3867 γνῶναι,

598 3894 783 3955 πόσοις
809 3909 878 3945 κα
894 3895 998 3953 κοῖς
1032 3888 1359 3959 συνεζεύχθη
1387 3888 1657 3959 παραϐάς.

666 3990 727 4038 ε’.
748 3984 987 4055 Πρόσεχε
1008 3981 1185 4033 τοίνυν
1214 3980 1351 4050 μετὰ
1373 3978 1677 4048 ἀκριϐείας.
1697 3978 1759 4033 Εἰ
1786 3977 1894 4047 γὰρ
1916 3978 2011 4030 καὶ
2037 3977 2182 4049 εῖρη-

597 4092 685 4127 ται
704 4072 915 4146 πρῴην,
937 4070 1050 4124 ἀλλ’
1069 4072 1102 4141 ὴ
1122 4069 1375 4131 ὑπόθεσις
1391 4068 1539 4121 ἕλκει
1559 4067 1647 4120 τὸν
1666 4067 1840 4135 λόγον.
1861 4066 1917 4119 '0
1934 4063 2181 4130 δεδωκὼς

597 4161 666 4215 τά
688 4162 866 4214 πάντα
891 4158 1023 4221 Θεὸς
1044 4158 1275 4228 ἀόρατος
1308 4151 1375 4227 ἦν
1397 4172 1410 4186 ο
1436 4157 1463 4208 ὁ
1485 4152 1665 4207 λαϐὼν
1702 4153 1854 4225 παρὰ
1904 4153 1999 4206 τοῦ
2046 4151 2179 4206 Θεοῦ

596 4250 666 4303 τὰ
695 4250 870 4303 πάντα
907 4246 1185 4319 ὁρώμενος
1213 4241 1299 4315 ἦν.
1349 4244 1405 4298 Ὀ
1437 4242 1616 4297 λαϐὼν
1663 4244 1931 4312 ἐφαίνετο,
1961 4244 1989 4295 ό
2017 4242 2180 4297 δεδω-

597 4339 709 4403 κὼς
731 4341 830 4391 οὐκ
863 4337 1132 4406 ἐφαίνετο.
1170 4335 1346 4398 Μόνος
1391 4329 1459 4404 ἦν
1494 4336 1521 4385 ό
1545 4332 1830 4401 ἄνθρωπος
1852 4351 1863 4363 ·
1916 4332 1984 4386 τὰ
2011 4332 2182 4398 ἄλογα

597 4428 725 4498 περὶ
769 4426 952 4479 αὐτόν.
1021 4426 1176 4477 Κατά
1213 4422 1455 4493 κεφαλῆς
1501 4421 1689 4474 οὐδένα
1738 4416 1899 4489 εἶχεν.
1944 4419 2181 4490 Ἐοηκεν

597 4514 747 4585 αὐτῷ
778 4516 805 4569 6
831 4514 962 4576 Θεὸς
988 4514 1171 4582 νόμον,
1210 4512 1270 4565 τὸ
1294 4511 1508 4581 δένδρον
1540 4511 1619 4572 εἰς
1654 4509 1960 4579 ὑπόμνησιν
1989 4509 2048 4561 ἐν
2085 4507 2182 4577 μέ-

599 4620 698 4675 σῳ,
725 4603 813 4655 ἵνα
846 4601 919 4671 μὴ
941 4600 1077 4670 λάθῃ
1102 4598 1281 4652 λαϐὼν
1298 4600 1395 4669 τὴν
1418 4596 1755 4651 δεσποτείαν.
1782 4591 1929 4658 Οἴου,
1961 4594 2179 4667 περιῄει

595 4685 812 4758 τρυγῶν
833 4686 957 4746 τοὺς
987 4683 1233 4753 καρποὺς
1258 4682 1392 4752 μετά
1408 4682 1510 4752 τῆς
1531 4682 1808 4749 γυναικός.
1851 4680 2179 4750 Ἐπλησίαζε

594 4776 673 4846 τῷ
704 4776 906 4846 δένδρῳ
927 4791 940 4805 ·
977 4774 1151 4839 ἔλεγε,
1182 4773 1272 4844 Μὴ
1291 4771 1557 4842 ἁψώμεθα
1584 4772 1678 4823 τοῦ
1704 4771 1922 4841 δένδρου
1956 4771 2177 4823 τούτου’

597 4866 726 4934 περὶ
752 4863 859 4934 γὰρ
890 4861 1053 4915 αὑτοῦ
1090 4859 1458 4931 παρήγγειλεν
1482 4862 1510 4912 6
1539 4858 1692 4921 Θεός.
1728 4858 1836 4912 Καὶ
1864 4854 1931 4929 ἦν
1961 4858 2022 4911 τὸ
2045 4858 2183 4929 ὁρώ-

601 4968 759 5022 μενον
810 4950 1116 5019 ὑπόμνησις
1148 4947 1243 4999 τοῦ
1272 4948 1505 5019 ἀοράτου
1525 4962 1539 4977 ’
1572 4940 1660 4999 οἷα
1699 4946 1905 5015 γίνεται
1935 4948 2027 5000 καὶ
2062 4946 2176 4999 νῦν.

608 5041 895 5108 Ἐννόησον
924 5040 1080 5091 πόσοι
1112 5038 1249 5095 εἰσὶν
1280 5039 1540 5106 ἄρχοντες
1570 5036 1673 5090 ἀνά
1716 5038 1899 5090 πᾶσαν
1924 5035 2024 5107 τὴν
2054 5036 2173 5106 γῆν.

597 5126 707 5180 Kal
739 5126 924 5194 ἐπειδὴ
950 5124 1199 5193 βασιλεὺς
1224 5127 1389 5177 πᾶσιν
1423 5124 1482 5175 οὐ
1506 5124 1760 5193 πάρεστι,
1790 5123 1872 5176 δεῖ
1898 5124 2183 5193 παραστῆ-

597 5231 686 5269 ναι
716 5213 804 5265 τὸν
834 5214 1157 5284 χαρακτῆρα
1188 5213 1284 5266 τοῦ
1321 5211 1582 5281 βασιλέως
1622 5214 1677 5263 ἐν
1706 5210 2096 5282 δικαστηρίοις,
2122 5212 2181 5262 ἐν

600 5304 846 5374 ἀγοραῖς,
884 5303 941 5352 ἐν
975 5300 1274 5367 συλλόγοις,
1326 5302 1384 5353 ἐν
1436 5300 1705 5371 θεάτροις.
1771 5299 1861 5352 Ἐν
1889 5299 2053 5352 παντὶ
2088 5295 2182 5353 οὖν

599 5390 771 5460 τόπῳ,
798 5390 855 5441 ἐν
878 5382 921 5455 ᾧ
946 5388 1173 5459 πράττει
1196 5387 1401 5458 ἄρχων,
1431 5388 1510 5440 δεῖ
1537 5390 1815 5458 παρεῖναι,
1840 5388 1925 5440 ἶνα
1953 5386 2183 5457 βεϐαιῶ-

598 5477 779 5531 ταιτά
806 5477 1087 5545 γινόμενα.
1134 5475 1192 5527 '0
1218 5475 1470 5544 βασιλεὺς
1506 5475 1603 5545 μὲν
1635 5470 1729 5528 οῦν
1765 5477 2019 5545 παρεῖναι
2049 5493 2183 5528 παν-

599 5564 786 5637 ταχοῦ,
817 5565 891 5627 ώς
915 5564 1218 5633 ἄνθρωπος,
1253 5564 1313 5615 οὑ
1335 5562 1557 5616 δύναται
1583 5578 1598 5593 ο
1631 5563 1763 5616 Θεὸν
1786 5563 1842 5615 δὲ
1872 5563 2031 5618 πάλιν
2057 5564 2184 5633 φαί-

600 5654 809 5718 νεσθαι,
841 5653 919 5715 ὡς
964 5653 1114 5717 Θεὸν,
1144 5649 1451 5723 ἀνθρώποις
1480 5692 1496 5713 ,
1545 5651 1825 5707 ἀδύνατον.
1867 5652 2075 5705 Δέδωκε
2124 5653 2183 5706 τὸ

601 5742 814 5813 δένδρον
848 5741 1170 5814 χαρακτῆρα
1202 5740 1301 5808 τῆς
1353 5738 1651 5809 βασιλείας,
1688 5739 1993 5810 ὑπόμνησιν
2019 5740 2181 5811 φέρον

667 5867 696 5911 δ
714 5865 825 5921 Sav.
861 5867 987 5929 conj.
1016 5866 1177 5923 αὐτὴν,
1200 5863 1327 5929 quod
1352 5861 1543 5926 recepit
1566 5860 1821 5915 Combeﬁs.

2070 403 2435 462 SEVERIANI

3767 414 3877 471 490

2294 520 2374 591 τῷ
2414 518 2609 590 Ἀδὰμ.
2646 520 2728 574 ὅτι
2765 518 2986 573 πάντων
3009 517 3167 573 ἔλαϐε
3198 517 3298 589 τήν
3336 512 3677 570 δεσποτείαν.
3707 511 3873 566 mm

2294 611 2387 663 τὸν
2408 610 2679 663 δεδωκότα
2698 609 2799 681 τὴν
2836 606 3102 673 ἐξουσίαν.
3140 608 3252 661 Kal
3277 607 3364 658 ῖνα
3399 604 3579 675 μάθῃς
3606 602 3722 665 πιῖις
3749 602 3876 655 ὑπε-

2300 698 2611 768 μίμνησκεν
2648 696 2846 758 αὐτοὺς
2870 697 2932 750 τὸ
2958 695 3196 765 δένδρον·
3252 695 3341 746 ὅτε
3390 694 3419 745 6
3448 691 3573 759 ὄφις
3617 689 3873 759 ἠθέλησεν

2292 783 2571 852 ἀπατῆσαι
2599 781 2697 852 τήν
2726 782 2985 848 γυναῖκα,
3021 776 3175 833 εἶπεν
3198 779 3339 849 αὑτῇ
3358 794 3372 807 ·
3409 776 3514 830 Διά
3552 775 3611 828 τι
3655 770 3821 827 εἶπεν
3845 774 3877 827 ό

2296 870 2440 937 Θεὸς
2459 869 2546 939 μὴ
2578 868 2793 938 φαγεῖν
2821 865 2976 937 ὑμᾶς
2996 866 3115 921 ἀπὸ
3139 864 3363 929 παντὸς
3386 864 3615 927 εὐλους
3652 858 3713 913 'H
3743 858 3876 928 γυνη

2291 960 2392 1014 οὑκ
2431 958 2828 1013 ἐπελανθάνετο
2863 956 2959 1010 τοῦ
2993 958 3184 1027 νόμου,
3236 954 3371 1008 ἀλλά
3422 952 3517 1005 καὶ
3574 948 3877 1019 διορθοῦται

2290 1050 2391 1121 τὴν
2432 1050 2657 1118 ἄγνοιαν
2682 1090 2696 1109 ,
2756 1048 2848 1101 καί
2884 1061 3073 1119 φησιν·
3114 1046 3229 1101 Οὐκ
3280 1040 3434 1097 εἶπεν
3467 1044 3495 1096 ὁ
3524 1040 3653 1104 Θεὸς
3683 1036 3874 1100 οὕτως,

2292 1138 2406 1191 ἀλλ’
2436 1138 2545 1192 ἀπὸ
2580 1136 2780 1199 παντὸς
2814 1134 2972 1199 ξύλου
3001 1131 3309 1205 φαγώμεθα
3331 1150 3344 1163 ο
3374 1131 3484 1184 ἀπὸ
3514 1128 3572 1182 δὲ
3601 1125 3696 1179 τοῦ
3724 1124 3877 1190 ξύλου

2291 1225 2505 1289 τούτου,
2550 1222 2702 1278 εἶπεν
2733 1226 2761 1277 6
2808 1223 2962 1285 Θεὸς,
3002 1222 3076 1293 μὴ
3133 1220 3345 1290 φάγητε
3389 1219 3483 1271 ἀπ’
3516 1212 3704 1275 αὑτοῦ,
3744 1211 3875 1283 μηδέ

2293 1312 2501 1384 ἆψασθε
2550 1311 2737 1365 αὐτοῦ.
2772 1310 2943 1364 Βλέπε
2995 1311 3094 1380 τήν
3141 1306 3449 1377 ἀκρίϐειαν.
3504 1305 3563 1356 '0
3601 1299 3735 1361 Θεὸς
3777 1300 3877 1351 οὐκ

2291 1398 2412 1456 εἷπε
2432 1418 2444 1429 ·
2488 1400 2573 1471 Μὴ
2614 1400 2845 1469 ἆ-ζκησθε.
2877 1396 3011 1451 Οὐδὲ
3052 1395 3159 1467 γὰρ
3186 1395 3347 1464 ἔφερε
3394 1390 3636 1444 κίνδυνον
3655 1388 3714 1442 τὸ
3737 1386 3876 1452 αψα-

2294 1490 2445 1543 σθαι·
2472 1488 2588 1541 ἀλλ’
2612 1490 2809 1541 ἐκεῖνοι
2839 1485 3054 1538 σύνεσιν
3076 1484 3286 1553 ἔχοντες
3308 1480 3518 1548 θεῖκήν,
3547 1476 3657 1529 τῶν
3677 1472 3875 1527 λοιπῶν

2290 1578 2656 1639 ἀπολαύοντες
2681 1614 2698 1639 ,
2729 1574 2936 1647 ῶρισαν
2983 1575 3112 1643 παρ’
3153 1572 3366 1632 ἐαυτοῖς
3392 1583 3408 1597 ·
3472 1564 3623 1639 [501]
3654 1559 3823 1617 Εἶπεν
3847 1563 3876 1616 6

2290 1665 2443 1728 Θεὸς,
2483 1665 2574 1735 Μὴ
2620 1662 2892 1732 γεύσησθε
2949 1659 3043 1713 τοῦ
3108 1658 3361 1729 δένδρον
3423 1656 3584 1725 ἡμεῖς
3634 1652 3691 1705 δὲ
3744 1648 3876 1721 μηδὲ

2290 1734 2569 1822 ἁψόμεθα.
2609 1749 2875 1803 Τοσοῦτον
2922 1747 3083 1818 ἔμελε
3128 1750 3195 1817 τῇ
3244 1743 3463 1813 γυναικὶ
3512 1740 3755 1812 τηρῆσαι
3785 1734 3875 1791 τοῦ

2290 1838 2425 1893 Θεοῦ
2465 1838 2564 1910 τήν
2623 1837 2865 1906 ἐντολήν.
2929 1832 3038 1889 Ἶιν
3094 1830 3189 1887 οῦν
3240 1833 3301 1885 τὸ
3356 1831 3570 1901 δένδρον
3622 1829 3678 1881 ἐν
3730 1826 3878 1896 μέσῳ

2290 1928 2541 1997 κείμενον
2569 1968 2583 1992 ,
2638 1928 2717 1990 εἰς
2784 1926 2813 1979 ὃ
2884 1924 3168 1995 ἠπάτησεν
3214 1919 3430 1981 αὐτούς.
3499 1916 3662 1969 Ξένον
3716 1916 3878 1968 ἄκουε

2292 2018 2543 2089 πρᾶγμα.
2608 2018 2907 2089 Ἐχρήσατο
2939 2014 3156 2085 ὀργάνῳ
3184 2011 3320 2081 πρὸς
3352 2010 3450 2080 τήν
3474 2007 3712 2074 ἀπάτην,
3746 2004 3882 2073 πρά-

2291 2121 2462 2176 γματι
2499 2104 2969 2175 ἐμπεφυτευμένῳ
2994 2099 3073 2171 τῷ
3104 2096 3397 2169 ἀνθρώπῳ.
3466 2096 3526 2149 '0
3583 2094 3693 2164 γάρ
3746 2091 3880 2154 Θεὸς

2290 2194 2542 2248 πλάττων
2588 2193 2679 2245 τὸν
2719 2191 3039 2262 ἄνθρωπον,
3079 2187 3219 2260 μετά
3268 2187 3369 2255 τῆς
3417 2184 3583 2253 ἄλλης
3624 2180 3881 2250 γνώσεως

2288 2281 2549 2351 ἐνέθηκεν
2577 2279 2725 2351 αὐτῷ
2769 2279 2862 2332 καὶ
2893 2277 3055 2331 πόθον
3089 2275 3252 2329 Θεοῦ.
3298 2272 3453 2326 Ἐπεὶ
3508 2267 3603 2324 οῦν
3635 2264 3775 2322 εἶδεν
3820 2270 3879 2320 ἐν

2288 2369 2473 2432 αὐτοῖς
2497 2368 2587 2421 τὸν
2616 2366 2821 2432 πυρσὸν
2851 2364 2946 2418 τοῦ
2974 2363 3140 2417 πόθου
3162 2406 3176 2427 ,
3204 2360 3351 2429 λέγει
3376 2375 3389 2388 ’
3420 2355 3769 2422 Γενήσεονθδ
3797 2354 3881 2421 ὡς

2289 2457 2432 2511 θεοί.
2470 2454 2605 2516 Νῦν,
2637 2456 2713 2519 ὡς
2739 2453 3050 2523 ἅνθρωποι,
3094 2452 3153 2504 οὑ
3179 2447 3406 2503 δύνασθε
3456 2440 3597 2497 εἶναι
3646 2442 3879 2495 πάντοτε

2293 2543 2430 2614 μετὰ
2461 2542 2619 2596 Θεοῦ.
2664 2542 2790 2595 Ἐάν
2824 2539 3054 2610 γένησθε
3086 2539 3162 2601 ὡς
3208 2535 3340 2600 θεοὶ,
3377 2535 3608 2587 πάντοτε
3656 2530 3879 2601 μέλλετε

2290 2628 2428 2686 εἶναι
2458 2632 2574 2701 μετ’
2596 2628 2782 2683 αὐτοῦ.
2822 2631 2897 2682 Οὑ
2928 2627 3037 2697 γάρ
3059 2622 3209 2679 εἶπεν
3248 2625 3459 2685 αὐτοῖς·
3479 2620 3606 2673 Ἐάν
3640 2620 3877 2687 φάγητε,

2287 2718 2505 2787 γίνεσθε
2548 2718 2797 2789 πολέμιοι
2838 2716 2933 2769 τοῦ
2960 2713 3117 2768 Θεοῦ.
3174 2712 3467 2780 Ἐπιθυμία
3514 2704 3607 2761 οῦν
3635 2708 3733 2776 τῆς
3766 2708 3880 2758 ισο-

2290 2802 2441 2865 θεῖας
2487 2804 2673 2873 ἀπατᾷ
2708 2802 2810 2873 τὴν
2855 2800 3089 2869 γυναῖκα
3115 2838 3130 2862 ,
3172 2795 3403 2864 κάκείνη
3445 2793 3535 2845 τὸν
3573 2789 3741 2859 ἄνδρα
3775 2790 3879 2841 οὐκ

2289 2888 2494 2958 ἀπατᾷ,
2531 2886 2668 2941 ἀλλά
2714 2885 2914 2940 πείθει.
2964 2886 3078 2939 Kal
3109 2882 3378 2954 μαρτυρεῖ
3426 2877 3637 2939 Παῦλος
3670 2876 3876 2942 λέγων·

2301 2970 2474 3041 Ἀδὰμ
2505 2973 2616 3025 οὐκ
2647 2968 2945 3039 ἠπατήθη.
2983 2968 3094 3021 Kal
3129 2968 3217 3020 διὰ
3256 2966 3308 3018 τί
3342 2960 3679 3033 κατεκρίθη;
3732 2958 3880 3027 Ὅρα

2286 3055 2347 3109 τὸ
2375 3054 2565 3110 δεινόν.
2614 3054 2677 3107 Ἢ
2726 3054 2864 3123 γυνὴ
2899 3051 3245 3121 ἀπατηθεῖσα
3284 3048 3454 3117 ἔφαγε
3480 3062 3493 3078 ⁸
3531 3045 3705 3097 πείθει
3739 3041 3880 3112 μετά

2288 3140 2346 3192 τὸ
2372 3141 2563 3207 φαγεῖν
2590 3138 2681 3192 καὶ
2710 3139 2801 3191 τὸν
2828 3138 3019 3208 ἄνδρα,
3057 3136 3143 3189 ἴνα
3176 3137 3250 3205 μὴ
3276 3134 3410 3203 μόνη
3441 3131 3747 3201 διατραπῇ·
3778 3127 3875 3179 καὶ

2289 3221 2527 3285 ἔπεισεν,
2557 3222 2657 3274 οὐκ
2689 3222 2972 3290 ἠπάτησεν
2992 3235 3005 3248 ·
3040 3213 3149 3271 οἷον
3184 3217 3389 3285 γίνεται
3426 3216 3521 3267 καὶ
3544 3213 3639 3265 νῦν
3677 3211 3879 3264 πολλά-

2289 3321 2395 3368 κις.
2435 3302 2590 3359 Οἶδεν
2633 3304 2917 3375 ἄνθρωπος
2962 3302 3061 3372 τὴν
3092 3302 3305 3365 πίστιν,
3340 3300 3533 3369 ἀγαπᾷ
3566 3299 3657 3350 τὸν
3690 3298 3878 3365 νόμον,

2290 3388 2442 3459 ζηλοῖ
2468 3388 2565 3459 τήν
2611 3386 2944 3458 όρθοδοξίαν,
2977 3387 3073 3439 καὶ
3102 3384 3350 3438 πείθεται
3382 3387 3451 3455 τῇ
3495 3381 3747 3451 γυναικὶ,
3799 3379 3880 3451 μὴ

2287 3472 2457 3539 δεῖξαι
2506 3472 2603 3526 τὸν
2656 3471 2837 3541 ζῆλον,
2871 3470 2972 3523 οὐκ
3006 3469 3216 3535 ἀγνοῶν
3258 3468 3354 3539 τὴν
3407 3466 3687 3538 ἀλήθειαν,
3738 3463 3881 3517 ἀλλὰ

2288 3556 2611 3625 πειθόμενος
2640 3558 2704 3625 τῇ
2742 3553 2977 3624 συμϐίῳ.
3009 3552 3201 3605 Πολλοὶ
3246 3550 3356 3622 γὰρ
3386 3551 3664 3619 ἐνόμισαν,
3701 3548 3779 3600 δτι
3811 3548 3882 3600 ἀ-

2288 3638 2462 3708 γνοῶν
2494 3640 2523 3692 6
2562 3638 2735 3708 Ἀδὰμ
2759 3636 2918 3691 ἔλαϐε
2954 3636 3102 3706 παρά
3135 3634 3233 3704 τῆς
3266 3632 3547 3702 γυναικὸς,
3580 3632 3678 3683 οὑκ
3712 3628 3873 3691 amb;

2291 3722 2457 3776 πόθεν
2488 3723 2661 3791 ἤγαγε
2695 3721 2787 3773 τὸν
2815 3719 3049 3789 καρπόν.
3097 3717 3239 3770 Ἀλλ’
3266 3718 3368 3769 οὐκ
3396 3716 3510 3786 ἔχει
3542 3714 3836 3780 ἀπολογίαν
3859 3728 3879 3745 θ

2288 3809 2316 3859 6
2339 3807 2447 3875 γάρ
2480 3805 2612 3867 Θεὸς
2637 3804 2872 3873 ἐλέγχει,
2898 3803 3071 3868 λέγων
3104 3801 3273 3871 αὐτῷ’
3311 3802 3437 3853 Ὀτι
3461 3800 3734 3868 ἤκουσας
3764 3796 3883 3865 τῆς

2288 3890 2493 3961 φωνῆς
2524 3888 2635 3957 τῆς
2682 3889 2965 3957 γυναικός
2998 3904 3134 3941 σου.
3170 3889 3278 3941 Kal
3304 3886 3403 3939 οὐκ
3434 3881 3607 3947 εἶπεν,
3653 3882 3875 3953 Ἐπειδὴ

2289 3972 2481 4037 ἔλαϐες
2537 3972 2688 4042 παρὰ
2721 3972 2824 4041 τῆς
2871 3972 3126 4039 γυναικός
3182 3987 3275 4023 σου
3301 3986 3315 4000 ·
3371 3971 3466 4022 καὶ
3503 3969 3609 4040 μὴν
3642 3966 3877 4036 ἠδύνατο

2288 4060 2484 4120 εἰπεῖν,
2516 4057 2792 4125 Ἠγνόουν,
2821 4056 2919 4108 οὐκ
2948 4056 3095 4127 ᾔδειν
3124 4055 3285 4107 πόθεν
3311 4055 3508 4123 ἠνεγκε
3536 4053 3626 4104 τὸν
3640 4050 3872 4120 καρπόν.

2289 4142 2362 4195 Τὸ
2392 4139 2645 4210 ἔγκλημα
2678 4139 2771 4191 τοῦ
2802 4139 3015 4211 ἀνδρὸς,
3048 4138 3147 4207 οὐχ
3180 4139 3261 4190 ὅτι
3301 4135 3558 4207 ἠπατήθη
3582 4175 3596 4197 ,
3635 4133 3747 4187 ἀλλ’
3787 4133 3875 4185 ὅτι

2291 4223 2601 4293 ἐδελεάσθη.
2632 4222 2913 4293 Ἔλθωμεν
2938 4222 3122 4276 λοιπὸν
3148 4222 3241 4274 ἐπί
3263 4222 3323 4275 τὸ
3347 4221 3696 4291 δικαστήριον
3718 4237 3731 4248 ·
3760 4219 3879 4272 ῖδω-

2293 4326 2392 4379 μεν
2419 4308 2487 4361 τά
2514 4307 2883 4377 ὑπομνήματα
2901 4307 2970 4361 τὰ
2992 4306 3181 4377 πρῶτα
3210 4306 3280 4358 τά
3307 4305 3399 4357 ἐπὶ
3423 4305 3519 4374 τῆς
3544 4304 3702 4372 ἁγίας
3726 4304 3877 4356 ἐκεί-

2289 4411 2385 4463 νης
2414 4392 2509 4445 καὶ
2532 4391 2831 4444 ἀδεκάστου
2866 4389 3019 4457 δίκης
3048 4390 3141 4441 καὶ
3173 4386 3558 4459 φιλανθρώπου
3590 4388 3876 4455 γινόμενα,

2287 4475 2357 4528 τά
2388 4475 2669 4546 γραφέντα
2700 4473 3022 4545 γράμμασιν
3055 4472 3344 4534 ἀθανάτοις
3370 4513 3385 4536 ,
3417 4464 3493 4522 ὧν
3518 4470 3615 4542 τήν
3651 4472 3880 4541 μνήμην

2289 4558 2383 4610 καὶ
2427 4558 2525 4626 τήν
2572 4555 2692 4624 ὅφιν
2737 4556 2832 4608 καὶ
2872 4557 2973 4627 τὴν
3008 4554 3344 4626 φαιδρότητα
3375 4555 3495 4607 οὐδέ
3543 4556 3649 4617 πᾶς
3679 4556 3706 4606 6
3738 4553 3880 4607 αἰὼν

2288 4640 2445 4693 λῦσαι
2487 4639 2730 4693 δύναται.
2769 4639 3013 4709 Πρόσεχε
3052 4638 3255 4693 λοιπόν.
3297 4640 3583 4697 ’Ἡλιουσεκ
3618 4638 3801 4706 φησιν,
3835 4640 3876 4691 ό

2301 4721 2475 4792 Ἀδὰμ
2504 4720 2615 4790 τῆς
2643 4720 2849 4791 φωνῆς
2886 4722 3109 4789 Κυρίου
3155 4720 3623 4788 περιπατοῦντος
3661 4721 3722 4772 τὸ
3753 4720 3880 4773 δει-

2288 4806 2463 4860 λινὸν
2502 4806 2571 4859 ἐν
2610 4805 2691 4871 τῷ
2735 4805 3097 4873 παραδείσῳ.
3151 4805 3282 4857 ’Λπὸ
3311 4803 3404 4856 τοῦ
3438 4804 3610 4871 ψόφου
3642 4803 3879 4872 ᾔσθετο,

2289 4892 2382 4945 καὶ
2411 4889 2519 4943 ἀπὸ
2532 4890 2629 4959 τῆς
2653 4889 2956 4960 συνηθείας.
2982 4889 3091 4940 Καὶ
3116 4888 3223 4939 ἀπὸ
3248 4886 3342 4939 τοῦ
3374 4886 3583 4939 κτύπου
3608 4882 3718 4955 εἶχε
3741 4885 3882 4951 Θεὸς

2290 4973 2610 5043 φαίνεσθαι;
2654 4972 2936 5041 Ἑφαίνετο
2979 4972 3075 5041 οὐχ
3108 4970 3183 5034 ὡς
3215 4966 3303 5041 ἦν,
3336 4970 3449 5024 ἀλλ’
3490 4970 3564 5033 ὡς
3592 4969 3877 5039 ἠϐούλετο.

2290 5054 2592 5123 Εὐλογητὸς
2626 5055 2655 5105 6
2689 5052 2819 5115 Θεὸς
2839 5051 2945 5103 τῶν
2972 5052 3161 5118 άγίων,
3193 5051 3275 5103 ὅτι
3297 5050 3357 5102 τὸ
3384 5050 3608 5103 δειλινὸν
3635 5049 3753 5101 τότε
3779 5048 3880 5100 τὸν

2302 5139 2471 5206 Ἀδὰμ
2504 5135 2864 5203 ἐπεσκέψατο,
2898 5135 2991 5186 καὶ
3024 5133 3118 5186 νῦν
3150 5133 3242 5186 ἐπὶ
3275 5132 3369 5186 τοῦ
3408 5131 3642 5204 σταυροῦ
3676 5130 3735 5184 τὸ
3759 5130 3877 5182 δειο

2289 5224 2450 5276 λινόν.
2500 5219 2611 5273 Kal
2650 5218 2758 5289 γὰρ
2803 5220 2924 5270 κατ’
2959 5216 3169 5281 ἐκείνας
3199 5217 3299 5280 τὰς
3334 5216 3483 5287 ὥρας
3516 5217 3804 5286 ὑπέμεινεν
3838 5219 3873 5270 ὀ

2290 5305 2480 5374 Σωτὴρ
2508 5304 2568 5355 τὸ
2600 5301 2789 5364 πάθος,
2821 5300 2944 5355 καθ’
2971 5300 3036 5364 ἃς
3057 5300 3359 5353 διετέλεσεν
3380 5302 3409 5353 6
3453 5300 3619 5369 Ἀδάμ
3645 5298 3749 5350 ἀπὸ
3774 5298 3878 5351 τοῦ

2291 5390 2484 5457 φαγεῖν
2515 5386 2619 5447 ἓως
2648 5384 2745 5453 τῆς
2777 5383 3140 5455 παραϐάσεως
3173 5394 3199 5422 ι
3238 5383 3331 5435 καὶ
3355 5384 3458 5454 τῆς
3482 5383 3733 5452 κρίσεως,
3762 5380 3882 5435 ἀπὸ

2290 5472 2455 5540 ἕκτης
2488 5468 2636 5537 ὠρας
2668 5466 2772 5529 ἕως
2814 5468 3063 5536 ἐννάτης.
3101 5466 3274 5537 "Ex-:7]
3304 5466 3421 5536 ῶρᾳ
3447 5465 3619 5532 ἔφαγε
3640 5480 3658 5496 ⁸
3691 5462 3879 5517 κανὼν

2290 5556 2398 5625 γὰρ
2434 5552 2677 5620 φύσεως’
2710 5548 2851 5619 μετά
2883 5549 2986 5621 τήν
3014 5550 3178 5620 ἕκτην
3207 5546 3513 5619 ἀπεκρύϐη.
3548 5546 3622 5600 Τὸ
3647 5547 3883 5601 δειλινὸν

2355 5678 2380 5704 ⁸
2408 5674 2489 5722 Sic
2512 5674 2813 5735 exemplaria
2838 5688 2847 5721 :
2874 5685 3045 5722 verum
3072 5674 3177 5723 haec
3200 5675 3349 5724 lectio
3370 5674 3491 5723 ferri
3512 5672 3704 5734 nequit.
3727 5672 3884 5724 Com—

2290 5738 2490 5786 beﬂsius
2522 5748 2582 5782 ex
2608 5737 2891 5795 conjectura
2913 5736 3168 5785 subsliluil
3188 5738 3277 5793 ἕως
3294 5742 3379 5794 τῆς
3399 5736 3762 5795 παρακρύψεως.
3790 5736 3884 5785 Si:

2290 5810 2466 5924 εἶιιέιᾶῗέ
2481 5796 2759 5922 ἓῖξιέζὲὺὶι.
2787 5798 2852 5847 At
2873 5810 2963 5846 vox
2985 5799 3279 5862 παράκρνψις
3316 5796 3540 5848 lnsoléus
3557 5796 3757 5847 Omnino
3777 5806 3884 5857 ea.
