4102 6502
280 441 397 499 489

300 566 379 612 via
419 558 643 629 qtta‘stio
675 556 929 615 solvetur,
964 567 1068 605 non
1096 547 1236 620 quod
1266 546 1434 617 prima
1464 559 1567 599 non
1599 542 1729 597 satis
1754 541 1877 603 sint,

295 650 391 706 sed
422 647 563 719 quod
591 648 679 699 Dei
711 646 878 716 gratia
906 643 1056 697 dives
1086 642 1172 694 sit.
1202 639 1279 693 Ne
1307 638 1426 707 quis
1451 636 1592 689 enim
1624 642 1773 703 putet
1804 647 1886 685 ra-

299 743 504 797 tionum
525 738 882 793 additamenta
906 734 1221 804 olipriorum
1242 728 1657 784 imbecillitatem
1685 724 1883 778 afferri:

297 846 422 886 nam
456 830 549 884 Dei
578 828 745 899 gratia
767 870 779 891 ,
799 827 947 881 dives
979 840 1098 878 cum
1127 824 1196 875 sil
1215 864 1229 885 ,
1259 837 1321 875 ex
1353 818 1617 873 thesauris
1651 816 1758 870 suis
1786 831 1883 868 no-

296 923 382 978 bis
409 921 549 975 dona
591 918 811 989 profert,
843 919 884 969 si
920 928 1091 968 tamen
1127 913 1270 981 digni
1307 912 1491 963 simus.
1522 906 1749 960 Attende
1783 905 1883 970 igi-

296 1023 404 1067 tur.
446 1012 703 1080 Martyres
736 1016 1046 1063 recusarunt
1069 1004 1221 1057 idolis
1248 1002 1638 1055 immolatorum
1670 998 1881 1051 cibum:

294 1120 361 1158 eo
389 1103 549 1159 modo
575 1102 749 1156 cibum
774 1098 1073 1167 huiusmodi
1108 1096 1387 1165 fugientes,
1412 1106 1517 1161 quo
1544 1091 1586 1145 si
1614 1090 1885 1157 ell‘ugisset

293 1196 469 1251 Adam
519 1194 741 1262 lignum,
797 1192 1020 1244 salutem
1074 1195 1503 1254 consequuturus
1551 1189 1685 1237 erat.
1732 1179 1883 1249 Quod

293 1296 475 1341 autem
502 1286 639 1339 scire
672 1284 866 1337 bonum
896 1292 949 1334 et
980 1279 1174 1332 malum
1198 1318 1212 1343 ,
1248 1292 1351 1331 non
1395 1276 1518 1330 odio
1545 1273 1761 1344 dignum
1791 1273 1880 1336 sit,

292 1392 426 1432 vere
464 1375 718 1445 liquidum
763 1382 865 1428 est.
922 1372 1061 1426 Deus
1108 1372 1249 1424 enim
1293 1370 1667 1437 interrogans,
1697 1377 1749 1420 et
1777 1379 1882 1418 non

294 1467 519 1531 faciens,
554 1482 618 1518 an
648 1480 759 1519 rem
792 1462 957 1526 novit,
986 1476 1154 1515 necne
1180 1462 1202 1514 ?
1233 1461 1361 1526 Quis
1384 1460 1524 1513 ausit
1550 1457 1731 1511 dicere
1760 1470 1882 1510 eum

294 1574 404 1614 non
436 1572 591 1612 nosse
618 1558 639 1609 ?
666 1556 779 1610 Non
823 1556 962 1609 enim
1002 1551 1264 1622 cognitio,
1297 1552 1409 1621 ipsa
1445 1550 1584 1604 actio
1617 1558 1715 1601 rst.
1748 1548 1882 1602 Num

296 1648 515 1712 Paulus,
548 1649 636 1715 qui
667 1646 876 1701 dicebat
900 1689 911 1708 ,
945 1645 1130 1714 Fugite
1164 1643 1546 1713 fornicatione»:
1580 1641 1652 1708 (l.
1678 1638 1797 1693 Cor.
1827 1640 1879 1692 6.

298 1733 394 1803 18)
423 1773 434 1794 ,
461 1731 737 1799 ignorabat
765 1730 889 1797 quid
932 1738 1073 1782 esset
1119 1725 1439 1781 loruicatio?
1460 1722 1700 1777 cavendo
1730 1720 1883 1775 adul-

296 1823 514 1882 terium,
548 1821 817 1874 nesciebat
840 1819 963 1888 quid
985 1827 1127 1873 esset
1156 1812 1519 1869 adulterium?
1554 1813 1748 1867 Vermn
1774 1826 1879 1864 non

294 1915 419 1971 ideo
447 1928 569 1967 reus
593 1954 605 1975 ,
651 1912 791 1982 quod
844 1920 1041 1965 nosset.
1075 1909 1212 1977 Quin
1247 1909 1359 1977 ipse
1396 1906 1534 1961 Dens
1565 1906 1711 1958 novit
1735 1912 1881 1957 actus

293 2020 484 2059 omnes
513 2014 745 2067 nostros,
778 2005 919 2071 ipsos
947 2014 1267 2056 enumerans
1296 2013 1359 2053 ac
1382 1997 1567 2051 dicens
1598 1994 1708 2049 :De
1734 1995 1884 2047 corde

292 2106 477 2150 exeunt
519 2096 841 2165 cogitationes
888 2094 1054 2155 matre,
1100 2092 1281 2153 credes,
1318 2087 1588 2152 adulteria,
1637 2085 1881 2155 porjuria,

294 2186 646 2255 impudicitia,
670 2185 887 2247 invidiw,
913 2184 1124 2252 rapiam.
1158 2180 1283 2235 Haec
1299 2191 1412 2233 sunt
1433 2196 1543 2250 quae
1560 2179 1885 2247 coinquinant

292 2280 545 2331 hominem
574 2277 591 2346 (
624 2276 806 2328 Matth.
845 2276 929 2329 15.
964 2274 1043 2328 l9.
1070 2273 1140 2327 20
1244 2272 1490 2326 Ηαξςείηθ
1518 2270 1765 2339 ignorans
1795 2275 1885 2321 aut

292 2372 473 2425 sciens
500 2370 628 2422 dicit
657 2369 815 2430 Deus,
845 2368 974 2425 dicit
997 2366 1329 2435 Apostolus?
1360 2364 1472 2419 Non
1506 2378 1633 2433 ergo
1659 2362 1883 2415 scientia

292 2462 501 2516 Adamo
548 2460 795 2513 dedecori
831 2470 929 2513 est.
978 2458 1170 2512 Nocuit
1209 2458 1304 2523 illi,
1347 2472 1449 2510 non
1490 2454 1745 2525 cognitio,
1788 2450 1882 2507 sed

293 2551 672 2619 transgressio.
716 2550 883 2603 Velim
921 2559 1097 2604 autem
1133 2548 1200 2602 ab
1222 2548 1313 2601 illo
1344 2560 1586 2616 quaerere
1610 2587 1625 2611 ,
1658 2543 1786 2613 quid
1818 2558 1881 2596 ex

290 2642 435 2712 ligno
454 2642 716 2707 didicerit,
741 2641 1011 2695 bonumne
1032 2657 1097 2693 an
1122 2639 1338 2693 malum.
1370 2641 1447 2691 An
1468 2645 1587 2707 post
1613 2650 1760 2690 esmn
1791 2648 1885 2687 no-

288 2737 368 2788 vit
402 2736 527 2803 quid
565 2744 709 2788 esset
751 2734 1094 2788 homicidium
1119 2734 1141 2785 ?
1165 2732 1332 2786 Nemo
1363 2732 1621 2785 hactenus
1644 2737 1757 2782 erat
1793 2728 1882 2797 qui

289 2828 503 2897 puniret
534 2842 546 2890 ;
572 2826 887 2879 adulterium
914 2825 1410 2891 nesciebatur,cum
1445 2821 1679 2877 nondum
1704 2828 1884 2875 essent

288 2918 533 2986 nuptiw:
570 2930 674 2970 non
714 2915 1014 2979 fornicatio,
1049 2932 1151 2967 non
1200 2916 1383 2982 rapina
1435 2922 1592 2976 erat;
1646 2910 1879 2964 nondum

284 3012 432 3066 enim
463 3019 616 3065 erant
639 3009 790 3063 dives
817 3009 899 3062 vel
934 3024 1133 3077 pauper
1167 3028 1177 3061 :
1214 3023 1321 3061 non
1357 3006 1742 3076 sycophantiae,
1777 3017 1879 3056 non

287 3104 422 3158 falsa
475 3102 800 3156 testimonia.
840 3100 990 3166 Quod
1042 3100 1197 3169 igitur
1227 3097 1371 3153 aliud
1412 3098 1605 3150 malum
1653 3096 1879 3159 sciebat,

286 3193 391 3247 nisi
425 3190 525 3246 hoc
548 3191 742 3253 solum,
778 3191 973 3245 bonum
1004 3205 1195 3257 nempe
1217 3203 1338 3244 esse
1370 3189 1479 3242 Deo
1502 3186 1743 3256 obsequi,
1768 3201 1879 3239 ma-

286 3283 402 3338 lum
431 3282 529 3350 ipsi
558 3296 663 3335 non
690 3280 951 3334 obedire?
983 3281 1116 3333 Rem
1147 3279 1270 3333 dico
1303 3294 1422 3348 quae
1461 3278 1601 3347 vulgi
1644 3292 1736 3330 ore
1772 3278 1878 3330 cir—

286 3371 605 3435 cumfertur,
653 3384 720 3423 ne
770 3370 890 3439 quis
935 3384 1024 3423 me
1067 3368 1303 3422 audacia:
1354 3368 1575 3422 incuset.
1635 3366 1880 3421 Solemus

286 3463 468 3516 dicere
524 3462 885 3530 peccantibus,
934 3460 1323 3514 comminantes
1366 3469 1421 3511 ut
1457 3468 1877 3513 convertantur:

291 3551 505 3608 Faciam
548 3560 605 3605 ut
637 3550 813 3605 discas
841 3551 1290 3618 resipiscentiam.
1325 3549 1538 3620 Ergone
1578 3550 1666 3619 qui
1695 3551 1772 3605 sic
1798 3550 1880 3605 lo-

292 3643 496 3710 quitur,
520 3642 654 3695 hanc
678 3641 1013 3709 disciplinam
1037 3640 1163 3694 dicit
1189 3655 1309 3695 esse
1330 3641 1649 3695 scientiam?
1687 3640 1876 3695 Scien-

289 3734 363 3786 tia
411 3732 568 3801 igitur
608 3747 673 3785 ex
711 3732 1069 3785 calamitatum
1102 3732 1429 3798 experientia
1469 3730 1731 3799 procedit.
1772 3732 1878 3785 Do-

286 3826 400 3880 cuit
425 3840 544 3878 euin
577 3834 629 3877 ut
661 3824 921 3888 disceret,
954 3832 1083 3892 quot
1109 3824 1261 3877 malis
1290 3838 1348 3877 se
1376 3837 1470 3893 per
1493 3823 1877 3892 transgressio-

286 3931 413 3969 nem
443 3915 807 3981 implicuisset.

366 4008 417 4060 5.
461 4008 709 4059 Animum
752 4006 908 4074 igitur
951 4005 1237 4075 diligenter
1282 4005 1493 4059 adhibe.
1546 4005 1875 4073 Quamquam

285 4100 431 4152 enim
490 4097 630 4163 prius
673 4094 920 4156 diximus,
968 4095 1263 4163 argumenti
1310 4096 1446 4148 ratio
1484 4109 1548 4148 eo
1582 4094 1877 4147 orationem

286 4188 525 4242 deducit.
551 4186 795 4239 Omnium
825 4185 1043 4253 largitor
1076 4187 1213 4239 Deus
1244 4184 1520 4238 invisibilis
1542 4194 1655 4239 erat
1686 4201 1698 4248 ;
1731 4185 1818 4254 qui
1851 4199 1879 4237 a

287 4279 406 4333 Deo
461 4278 637 4329 omnia
688 4285 987 4344 acceperat,
1038 4276 1136 4329 sub
1176 4285 1449 4343 aspectum
1492 4275 1740 4329 cadebat.
1779 4275 1879 4341 Qui

285 4378 566 4437 acceperat
594 4409 607 4431 ,
640 4369 805 4422 oculis
837 4369 1079 4437 patebat;
1112 4366 1199 4435 qui
1230 4366 1450 4419 dederat
1478 4408 1491 4427 ,
1520 4382 1626 4419 non
1658 4380 1883 4434 appare-

285 4462 401 4514 bat.
445 4459 601 4513 Solus
648 4470 761 4513 erat
806 4458 1006 4511 homo:
1051 4458 1201 4511 bruta
1242 4458 1529 4509 animantia
1559 4460 1698 4510 circa
1734 4456 1878 4509 illum

284 4562 461 4607 erant.
510 4552 785 4605 Neminem
831 4551 1407 4619 habebatOppositum.
1441 4549 1695 4618 Imposuit
1737 4550 1877 4603 Deus

286 4645 464 4711 legem
494 4682 506 4703 ,
533 4642 779 4694 arborem
816 4642 863 4693 in
894 4642 1065 4694 medio
1087 4684 1101 4707 ,
1132 4658 1249 4710 qua:
1275 4642 1780 4707 commonefaceret,
1813 4655 1880 4694 nc

285 4732 395 4787 sub
434 4732 704 4785 dominatu
739 4746 796 4785 se
827 4732 1053 4798 positum
1101 4747 1221 4785 esse
1262 4732 1687 4785 oblivisceretur.
1720 4730 1877 4785 Verbi

281 4823 479 4894 gratia,
514 4823 771 4875 circuibat
800 4823 1000 4875 fructus
1022 4823 1313 4888 decerpens
1338 4837 1456 4875 cum
1487 4838 1674 4877 uxore.
1708 4824 1878 4876 Acce-

282 4915 449 4970 debat
477 4914 541 4967 ad
570 4915 812 4968 arborem
840 4931 851 4965 :
885 4915 1113 4979 dicebat,
1148 4914 1225 4967 Ne
1255 4917 1391 4968 hanc
1419 4916 1663 4969 arborem
1699 4924 1878 4983 tanga-

279 5022 410 5062 mus
440 5022 452 5064 ;
484 5004 548 5057 de
581 5005 663 5058 illa
702 5020 929 5073 namque
973 5015 1291 5074 prznccptum
1335 5005 1481 5059 dedit
1515 5006 1676 5058 Deus.
1719 5005 1876 5059 Erat-

279 5112 393 5167 que
421 5098 468 5149 id
494 5096 633 5165 qnod
662 5096 959 5161 videbatur,
991 5097 1105 5164 ejus
1135 5097 1220 5163 qui
1257 5096 1534 5149 invisibilis
1560 5106 1677 5150 erat
1708 5098 1878 5149 moni-

280 5196 528 5242 mentum
561 5201 573 5249 ;
609 5185 659 5236 id
691 5186 829 5253 quod
876 5189 1034 5239 etiam
1080 5202 1218 5239 nunc
1258 5186 1469 5241 accidit.
1507 5185 1689 5254 Cogita
1721 5201 1875 5254 quam

279 5278 442 5336 multi
492 5292 584 5346 per
613 5278 914 5331 universum
957 5280 1141 5331 orbem
1187 5277 1423 5346 prafecti
1467 5279 1589 5330 sint.
1620 5279 1749 5348 Quia
1781 5294 1875 5330 au-

281 5382 396 5425 tem
430 5370 720 5439 Imperator
768 5385 872 5423 non
916 5372 1162 5423 onmihus
1203 5370 1391 5432 adest,
1420 5385 1637 5424 necesse
1668 5380 1745 5423 est
1777 5370 1883 5423 lm-

282 5463 554 5532 peratoris
571 5460 801 5529 efﬁgiem
831 5462 880 5513 in
908 5462 1278 5526 trilmnahbus,
1305 5461 1354 5513 in
1378 5460 1524 5523 foris,
1552 5462 1600 5511 in
1628 5460 1875 5525 coetibus,

283 5555 343 5607 in
369 5552 590 5607 theatris
621 5553 880 5607 exhiberi.
915 5552 967 5606 In
1000 5555 1142 5606 omni
1174 5570 1300 5623 ergo
1332 5554 1468 5616 loco,
1495 5554 1547 5608 in
1578 5568 1682 5623 quo
1714 5566 1876 5623 nego—

283 5644 363 5696 tia
398 5651 588 5696 tractat
643 5642 923 5711 praefectus
967 5642 1194 5712 efﬁgiem
1245 5658 1363 5697 esse
1402 5652 1629 5711 oportet,
1663 5653 1722 5697 ut
1757 5658 1875 5713 qute

284 5737 428 5789 ﬁunt
472 5736 838 5789 auctoritatem
884 5733 1131 5788 habeant.
1179 5735 1473 5801 Imperator
1519 5733 1755 5804 quidem.
1787 5745 1872 5787 ut-

286 5833 414 5899 pote
444 5824 605 5879 homo
630 5864 645 5891 ,
680 5824 871 5895 ubique
918 5840 1151 5895 prmsens
1184 5839 1301 5881 csse
1342 5840 1445 5880 non
1480 5831 1653 5896 potest
1683 5842 1695 5877 :
1732 5825 1871 5880 Dens

1331 432 1418 487 DE
1456 427 1671 487 MUNDI
1706 422 2100 487 CREATIONE
2139 426 2395 485 ORATIO
2432 428 2497 483 Vl

3472 442 3587 500 490

1998 554 2129 593 vero
2156 553 2373 601 rursus,
2399 546 2457 591 ut
2488 538 2624 591 Deus
2654 543 2765 601 est,
2801 533 2948 589 nullo
2992 535 3151 589 modo
3186 544 3357 605 potest
3384 536 3449 590 ab
3480 542 3575 589 hu-

1994 629 2229 684 minibus
2254 629 2442 683 videri.
2474 628 2628 682 Dedit
2656 627 2905 681 arborem
2938 626 3143 694 imperii
3172 626 3535 682 characterem
3560 672 3574 693 ,

1993 720 2083 787 qui
2116 720 2375 773 Adamum
2407 717 2910 781 commonefaceret,
2943 718 3211 786 accepisse
3250 732 3307 773 se
3340 720 3575 772 omnium

1992 810 2344 863 dominatum.
2386 810 2627 875 Agnosce
2657 823 2777 862 eum
2808 808 2897 877 qui
2931 808 3023 861 tibi
3066 817 3379 876 potestatem
3408 807 3574 864 dedit.

1994 899 2060 953 Et
2098 910 2153 952 ut
2191 899 2367 953 discas
2422 898 2689 968 quomodo
2716 900 2877 951 arbor
2903 900 3043 966 ipsos
3070 898 3575 963 commonefaceret,

1991 1004 2111 1043 cum
2161 1004 2381 1057 serpens
2429 990 2707 1043 mulierem
2755 988 3002 1057 decipere
3049 992 3233 1055 votuit,
3286 990 3419 1047 dixit
3466 992 3573 1045 illi:

1991 1080 2094 1135 Cur
2120 1083 2245 1135 dixit
2271 1083 2404 1136 vobis
2431 1082 2566 1135 Deus
2594 1083 2990 1137 necontederelis
3015 1100 3076 1137 ea:
3105 1085 3241 1136 omni
3265 1085 3401 1153 ligno
3422 1084 3575 1154 (Gen.

1991 1174 2043 1227 3.
2076 1174 2150 1243 2)
2181 1174 2417 1229 ?Mulier
2446 1189 2551 1228 non
2583 1175 2743 1228 oblita
2773 1185 2889 1230 erat
2914 1176 3043 1245 legis
3066 1216 3082 1241 ,
3108 1179 3213 1230 imo
3237 1180 3392 1231 etiam
3425 1181 3574 1247 igne.

1991 1264 2215 1318 rantiam
2263 1266 2479 1333 eprrigit
2502 1306 2513 1325 ,
2546 1275 2599 1318 et
2628 1267 2701 1319 ait
2729 1283 2741 1318 :
2776 1266 2892 1319 Non
2920 1266 2987 1320 ita
3021 1268 3155 1322 dixit
3186 1269 3321 1321 Deus
3347 1312 3361 1334 ,
3390 1270 3481 1323 sed
3512 1288 3574 1325 ex

1990 1356 2133 1409 onmi
2185 1356 2326 1424 ligno
2370 1358 2697 1411 comedimus
2727 1375 2740 1417 :
2774 1358 2841 1412 de
2886 1358 2986 1413 hoc
3031 1370 3205 1413 autem
3254 1362 3393 1431 ligno
3441 1364 3576 1419 dixit

1992 1448 2152 1513 Deus,
2184 1463 2250 1502 ne
2293 1449 2633 1502 comederitis
2660 1466 2723 1503 ex
2752 1450 2865 1515 illo,
2910 1467 3083 1519 neque
3124 1456 3347 1522 tangatis
3380 1455 3574 1523 ipsum.

1989 1539 2123 1593 Vide
2168 1542 2580 1594 accurationem.
2639 1543 2777 1596 Deus
2822 1559 2927 1597 non
2975 1545 3155 1597 dixit:
3200 1546 3278 1599 Ne
3324 1550 3573 1618 tangatis.

1989 1629 2201 1683 Nullum
2231 1632 2425 1701 quippe
2456 1640 2569 1685 erat
2612 1632 2663 1685 in
2703 1642 2843 1688 tactu
2884 1635 3177 1702 periculum
3208 1654 3221 1689 :
3248 1637 3338 1691 sed
3366 1640 3461 1704 illi,
3486 1643 3573 1710 qui

1989 1719 2163 1774 divina
2197 1722 2404 1790 pnediti
2454 1723 2731 1792 prudentia
2775 1734 2948 1790 erant,
2982 1727 3201 1796 reliquis
3232 1728 3489 1796 fruentes,
3524 1734 3575 1788 id

1989 1812 2126 1879 apud
2168 1828 2226 1867 se
2270 1822 2571 1867 statuerunt
2602 1813 2780 1867 :Dixit
2803 1815 2943 1870 Deus
2985 1832 3053 1872 ne
3083 1818 3149 1871 de
3176 1818 3369 1874 arbore
3398 1834 3576 1888 guste-

1991 1919 2110 1959 mus
2140 1918 2153 1967 ;
2183 1919 2279 1956 nos
2321 1920 2385 1958 ne
2428 1913 2705 1973 tangamus
2738 1906 2973 1975 quidem.
3005 1908 3172 1961 Tanta
3216 1912 3421 1965 mulieri
3448 1928 3573 1967 cura

1989 2003 2104 2047 erat
2147 1996 2395 2047 servandi
2444 1995 2533 2048 Dei
2578 2006 2922 2064 praeceptum.
2966 1998 3096 2053 Erat
3130 2001 3289 2069 igitur
3327 2002 3489 2057 arbor
3524 2006 3572 2056 in

1991 2085 2170 2139 tnedio
2220 2087 2411 2154 posita.
2467 2103 2567 2155 (tua
2621 2103 2842 2156 serpens
2886 2089 3093 2144 seduxit
3134 2107 3247 2145 eos.
3292 2094 3422 2146 Rem
3454 2096 3574 2149 audi

1990 2176 2331 2244 stupendam.
2387 2177 2525 2232 Usus
2576 2178 2929 2231 instrumentd
2972 2190 3053 2232 est
3102 2181 3165 2233 ad
3212 2180 3471 2247 fraudem,
3518 2201 3575 2239 re

1990 2282 2182 2335 nempe
2215 2268 2417 2321 hontini
2448 2269 2623 2321 insita.
2657 2269 2792 2321 Deus
2822 2270 2966 2322 enim
2998 2270 3266 2327 hominem
3297 2274 3530 2329 fet-matis
3556 2318 3571 2341 ,

1988 2374 2109 2413 cum
2142 2360 2340 2429 reliqua
2369 2362 2612 2423 scientia,
2638 2362 2797 2415 etiam
2826 2360 3147 2415 desiderium
3175 2365 3265 2419 Dei
3288 2367 3571 2424 indiderat.

1989 2452 2120 2505 Cum
2164 2452 2323 2521 igitur
2364 2452 2414 2504 in
2452 2451 2556 2503 illis
2600 2450 2847 2504 desiderii
2895 2451 3418 2521 ﬂammamvideret,
3456 2460 3571 2512 ait:

1991 2542 2148 2596 Eritis
2178 2544 2304 2595 sicut
2332 2542 2421 2594 dii.
2456 2540 2625 2607 Nunc,
2662 2541 2903 2595 homines
2924 2583 2937 2607 ,
2973 2557 3074 2595 n0n
3111 2546 3331 2611 potestis
3359 2562 3573 2616 semper

1988 2648 2107 2687 cum
2142 2633 2251 2686 Deo
2276 2647 2414 2686 esse.
2448 2632 2501 2686 Si
2531 2631 2737 2686 fueritis
2765 2633 2899 2687 sicut
2928 2632 2998 2685 dit
3025 2674 3039 2698 ,
3070 2648 3282 2704 semper
3318 2652 3439 2691 cum
3482 2640 3575 2693 illo

1990 2727 2149 2781 futuri
2192 2728 2339 2780 estis.
2381 2725 2565 2795 Neque
2594 2727 2733 2779 enim
2765 2727 2899 2782 dixit
2930 2727 3033 2783 illis
3066 2746 3080 2783 :
3113 2728 3167 2784 Si
3210 2734 3571 2799 comederitis,

1992 2817 2082 2870 Dei
2108 2818 2287 2871 hostes
2302 2817 2470 2870 eritis.
2493 2816 2823 2871 Desiderium
2846 2833 2972 2887 ergo
2996 2837 3022 2870 a
3043 2819 3312 2887 qualitatis
3324 2837 3442 2877 cum
3465 2824 3575 2879 Deo

1989 2909 2264 2963 mulierem
2296 2908 2531 2976 decipit:
2568 2909 2761 2977 illaque
2793 2909 2962 2962 virum
2998 2926 3099 2963 non
3132 2913 3351 2980 decipit,
3376 2914 3469 2969 sed
3499 2916 3575 2969 illi

1988 2999 2199 3053 suadet.
2230 3000 2283 3053 ld
2318 2999 2627 3053 testificatur
2656 3000 2852 3053 Paulus
2880 3001 3065 3055 dicens
3096 3020 3107 3053 :
3140 3002 3303 3056 Adam
3342 3005 3574 3061 seductus

1988 3107 2087 3143 non
2113 3100 2185 3143 est
2211 3091 2228 3159 (
2262 3091 2313 3144 1.
2343 3090 2477 3143 Tim.
2505 3090 2559 3146 2.
2598 3092 2663 3145 14
2693 3094 2732 3159 ).
2765 3090 2875 3145 Cur
2919 3101 3095 3146 antem
3134 3092 3416 3147 damnatus
3445 3107 3524 3149 est
3552 3097 3575 3149 τ

1992 3181 2118 3236 Vide
2148 3182 2270 3237 mali
2302 3184 2637 3251 gravitatem.
2665 3181 2855 3236 Mulier
2876 3182 3094 3237 sednrta
3116 3184 3349 3238 comedit
3382 3202 3395 3250 ;
3424 3196 3573 3255 post-

1987 3290 2143 3344 quam
2176 3275 2498 3336 comcderat,
2527 3276 2639 3327 viro
2662 3275 2870 3339 suadet,
2904 3292 2967 3329 ne
3000 3276 3108 3329 sola
3142 3288 3569 3347 perverteretur:

1985 3368 2171 3428 suasit,
2205 3382 2308 3419 non
2338 3366 2578 3434 decepit;
2609 3368 2789 3434 utjam
2822 3381 2963 3436 smpe
2991 3367 3101 3420 fieri
3130 3369 3285 3423 solet.
3312 3370 3467 3424 Novit
3495 3374 3575 3425 vir

1988 3457 2166 3523 tidem,
2197 3468 2337 3511 amat
2362 3458 2554 3527 legem.
2580 3458 2756 3511 studio
2783 3460 2971 3527 plenus
2997 3470 3073 3513 est
3106 3460 3417 3517 orthodoxa:
3444 3464 3576 3518 reli—

1985 3548 2190 3617 gionis,
2222 3563 2532 3617 moremque
2563 3548 2697 3617 gerit
2730 3550 2913 3614 uxori,
2944 3564 3010 3603 ne
3037 3549 3267 3603 studium
3302 3552 3570 3619 ostendat,

1986 3658 2091 3697 non
2140 3643 2389 3711 ignorans
2439 3642 2739 3705 veritatem,
2776 3641 2868 3695 sed
2916 3640 3126 3712 ccujugi
3176 3642 3571 3712 obtemperans.

1986 3733 2131 3786 Ilulti
2176 3748 2403 3801 namque
2446 3742 2733 3799 putarunt,
2767 3732 3098 3800 ignorantem
3136 3732 3395 3788 Adamum
3424 3750 3577 3792 acce-

1986 3824 2127 3891 pisse
2152 3823 2218 3875 ab
2249 3838 2413 3877 uxore
2433 3864 2445 3883 ,
2476 3839 2596 3875 cum
2641 3822 2873 3876 nesciret
2918 3823 3056 3875 unde
3083 3823 3309 3877 fructum
3342 3825 3572 3885 tulisset.

1986 3916 2055 3968 At
2078 3913 2215 3967 milia
2247 3916 2341 3983 ipsi
2365 3916 2637 3969 excusatio
2659 3924 2904 3985 superest
2930 3932 2941 3967 :
2976 3914 3117 3971 Deus
3144 3918 3285 3970 enim
3311 3922 3572 3988 coarguit,

1986 4023 2104 4061 cum
2133 4008 2205 4059 ait
2233 4024 2243 4058 :
2278 4006 2409 4073 Quia
2437 4007 2624 4059 audisti
2652 4022 2817 4058 vocem
2848 4008 3021 4059 uxoris
3048 4018 3147 4061 tua:
3173 4008 3338 4080 (Gen.
3365 4011 3416 4065 5.
3446 4011 3511 4065 17

1986 4098 2099 4151 Non
2141 4097 2277 4149 dixit
2304 4137 2315 4155 ,
2348 4096 2478 4163 Quia
2522 4098 2769 4163 accepisti
2817 4097 2883 4150 ab
2931 4112 3097 4150 uxore
3136 4106 3222 4149 tua
3259 4116 3271 4151 :
3316 4116 3437 4152 nam
3478 4116 3573 4168 po-

1987 4191 2176 4243 tuisset
2201 4189 2377 4241 dicere
2404 4230 2415 4250 ,
2453 4188 2764 4256 lgnorabatn
2792 4229 2806 4252 ,
2842 4188 3145 4242 nesciebam
3180 4189 3317 4243 unde
3339 4190 3572 4245 afferret.

1987 4281 2095 4333 Viri
2127 4281 2327 4333 crimen
2358 4290 2460 4344 est,
2504 4295 2607 4332 non
2648 4279 2786 4348 quod
2826 4279 3078 4348 deceptus
3103 4322 3116 4345 ,
3164 4281 3255 4334 sed
3297 4284 3433 4349 quod
3490 4284 3571 4337 in-

1986 4381 2196 4426 escatus
2230 4372 2315 4424 sit.
2344 4370 2459 4425 iam
2491 4372 2553 4423 ad
2586 4371 2839 4439 judicium
2869 4372 3173 4428 veniamus:
3198 4374 3467 4431 videamus
3490 4377 3571 4431 in-

1986 4474 2280 4517 strumenta
2328 4464 2516 4531 prima,
2566 4478 2685 4531 quae
2728 4462 2778 4514 in
2824 4471 3009 4516 sancto
3047 4464 3154 4527 illo,
3190 4465 3497 4535 incorrupto
3521 4478 3577 4521 et

1985 4554 2230 4607 clementi
2263 4550 2379 4611 [oro
2410 4552 2564 4605 allata
2592 4560 2749 4617 sunt,
2780 4555 3042 4621 descripta
3073 4553 3242 4607 literis
3265 4555 3576 4609 inunortali-t

1984 4645 2081 4698 bus
2109 4684 2123 4709 ,
2165 4660 2388 4713 quarum
2416 4644 2729 4696 memoriam
2756 4685 2770 4709 ,
2800 4653 3142 4713 conspectum
3170 4688 3184 4712 ,
3213 4648 3576 4716 conspicuita-

1986 4746 2089 4789 tem
2126 4740 2322 4789 tmtlum
2348 4751 2517 4789 mvum
2546 4735 2726 4789 delere
2756 4738 2971 4803 poterit.
2994 4736 3110 4790 .lam
3142 4740 3566 4797 anidmadvcrte.

1984 4828 2207 4891 Audiuit,
2248 4827 2439 4895 inquit,
2472 4827 2636 4878 Adam
2672 4843 2840 4879 vocem
2869 4827 3074 4881 Domini
3104 4829 3470 4885 deambulanti:
3508 4838 3575 4885 ad

1983 4935 2237 4987 vesperam
2266 4918 2316 4969 in
2345 4919 2580 4985 paradiso
2614 4916 2764 4988 (Gen.
2795 4920 2847 4971 3.
2882 4920 2959 4986 8).
2986 4922 3022 4974 Α
3050 4924 3268 4989 strepitu
3301 4926 3485 4983 sensit,
3520 4936 3575 4979 et

1983 5026 2010 5063 a
2035 5007 2437 5063 consuetudine.
2470 5008 2679 5077 Ergone
2711 5024 2739 5061 a
2775 5011 2997 5079 strepitu
3039 5012 3202 5079 potuit
3234 5013 3373 5067 Deus
3403 5028 3571 5084 appa-

1984 5109 2101 5147 rere
2132 5092 2151 5145 ?
2182 5092 2486 5160 Apparebat
2517 5108 2621 5145 non
2668 5103 2724 5147 ut
2756 5104 2893 5158 erat,
2925 5094 3016 5147 sed
3051 5104 3106 5147 ut
3132 5097 3363 5151 volebat.
3398 5096 3573 5153 Bene-

1982 5184 2153 5237 dictus
2180 5194 2482 5236 sanclorum
2514 5184 2651 5237 Deus
2670 5226 2683 5247 ,
2711 5183 2849 5252 quod
2878 5184 2942 5237 ad
2976 5200 3253 5255 vesperam
3285 5197 3412 5243 tunc
3432 5190 3573 5244 Ada-

1984 5290 2127 5329 tnum
2152 5274 2442 5328 visitaverit
2470 5316 2482 5337 ,
2517 5285 2568 5327 et
2598 5289 2735 5326 nunc
2768 5274 2817 5327 in
2850 5290 3007 5329 cruce
3031 5277 3094 5329 ad
3126 5293 3426 5348 vesperam.
3461 5280 3571 5335 Illis

1980 5365 2174 5434 quippe
2207 5366 2350 5417 horis
2377 5364 2619 5417 Christus
2650 5366 2950 5432 passionem
2984 5368 3269 5432 sustinuit,
3304 5386 3435 5438 quas
3463 5374 3569 5441 egit

1980 5456 2147 5509 Adam
2176 5495 2189 5519 ,
2230 5470 2289 5508 ex
2317 5470 2427 5524 quo
2457 5455 2763 5508 comederat
2786 5497 2799 5519 ,
2827 5456 2995 5509 donec
3026 5457 3257 5511 latebras
3282 5471 3563 5527 qurererct,

1980 5562 2041 5600 ac
2064 5547 2323 5615 judicium
2353 5549 2573 5609 subiret,
2606 5564 2634 5600 a
2663 5560 2811 5601 sexta
2840 5564 3008 5616 usque
3039 5549 3103 5601 ad
3138 5566 3328 5603 nonam
3360 5553 3563 5606 horam.

1979 5639 2138 5694 Sexta
2184 5638 2310 5691 hora
2356 5640 2589 5693 comedit
2620 5656 2633 5691 :
2669 5640 2781 5692 bare
2816 5641 2956 5691 enim
2999 5651 3201 5693 naturm
3237 5641 3411 5709 regula
3445 5655 3564 5711 est;

1981 5740 2099 5800 post
2119 5739 2322 5784 sextam
2345 5730 2623 5785 abscondit
2649 5744 2728 5785 se.
2751 5730 2827 5783 Ad
2848 5744 3120 5800 vesperam
3146 5730 3282 5785 Deus
3306 5731 3369 5786 ad
3394 5733 3571 5800 ipsum

1981 5823 2143 5877 venit.
2176 5822 2505 5877 Desideravit
2532 5821 2769 5876 Adamus
2812 5822 2922 5877 fieri
2964 5824 3096 5878 deus
3128 5841 3141 5888 ;
3172 5839 3283 5879 rem
3317 5825 3565 5895 impossi.
