4158 6532
541 389 651 446 491

545 500 677 576 ἦλθε
701 497 834 572 πρὸς
857 497 1019 552 αὑτὸν
1043 498 1072 551 ό
1090 495 1242 560 Θεός.
1261 493 1457 548 Ἐπεθύ
1467 511 1638 565 μησεν
1679 493 1802 548 Ἀδά
1812 509 1850 562 μ
1879 488 2123 576 γενέ-σθαι

549 573 668 648 θεός
690 602 702 614 ·
734 581 1007 637 ἀδυνάτων
1038 580 1094 633 δέ
1124 578 1466 648 ἐπεθύμησεν
1486 595 1499 607 ·
1540 578 1726 630 ἔλυσεν
1760 574 1923 628 αὑτοῦ
1943 574 1972 624 ὁ
1995 573 2132 640 Χρι-

550 667 672 728 στὸς
695 666 792 735 τὴν
820 663 1134 732 ἐπιθυμίαν.
1166 659 1320 732 [502]
1346 658 1728 728 Ἐπεθύμησας
1761 658 1825 709 σὺ
1855 654 2130 735 γενέσθαι,

547 749 576 802 ὃ
621 749 718 800 οὑκ
752 734 962 815 ήδύνω·
1001 743 1253 813 ἐπιθυμῶ
1291 741 1402 810 ἐγὼ
1448 741 1702 808 γενέσθαι
1760 738 2069 808 ἄνθρωπος,
2105 734 2134 786 ὃ

547 832 809 900 δύναμαι·
845 829 1194 898 ἁντεσήκωσε
1234 826 1344 894 γὰρ
1375 823 1540 877 αὑτοῦ
1573 826 1601 876 6
1643 823 1773 884 Θεὸς
1809 825 1874 891 τῇ
1927 819 2133 890 ἀπάτῃ.

561 912 943 981 Ἐπεούμησας
977 910 1086 961 τῶν
1135 910 1274 980 ὑπὲρ
1317 909 1410 970 σὲ,
1457 906 1720 976 λαμϐάνω
1763 905 1830 957 τά
1879 904 1970 955 ὑπ’
2011 902 2132 971 ἐμέ.

563 995 821 1057 ’ἱσοθεῖας
874 992 1272 1062 ἐπεθύμησας·
1337 990 1674 1060 ίσάνθρωπος
1733 989 1975 1056 γίνομαι.
2038 985 2136 1037 Διά

551 1079 709 1130 τοῦτο
739 1078 831 1130 καὶ
861 1074 1070 1136 Παῦλος
1100 1074 1248 1141 λέγει
1273 1090 1284 1100 ·
1323 1073 1427 1126 Καὶ
1464 1071 1726 1140 σχήματι
1770 1068 2034 1136 εὑρεθεὶς
2059 1067 2140 1131 ὡς

554 1163 884 1229 ἄνθρωπος.
938 1157 1328 1227 Ἐπεθύμησας
1381 1155 1634 1222 γενέσθαι
1685 1155 1846 1216 θεὸς,
1895 1151 1990 1205 καὶ
2041 1153 2141 1203 οὑκ

553 1244 910 1314 ἠγανάκτησα
937 1241 1025 1292 διά
1050 1239 1206 1292 τοῦτο
1231 1257 1244 1269 ·
1279 1238 1417 1291 Θέλω
1437 1239 1545 1308 γάρ
1575 1253 1634 1290 σε
1664 1237 1895 1289 ίσοθεῖαν
1920 1233 2106 1286 ποθεῖν
2124 1249 2138 1263 ·

555 1329 670 1381 ἀλλ’
696 1329 728 1396 ή
761 1326 1162 1393 ἀγανάκτησις.
1194 1323 1276 1374 ὅτι
1309 1322 1459 1392 παρὰ
1490 1319 1716 1389 γνώμην
1746 1318 1839 1371 τοῦ
1872 1317 2141 1369 Δεσπότου

555 1409 826 1478 ἠθέλησας
851 1408 1093 1476 ἁρπάσαι
1126 1406 1187 1457 τὸ
1222 1405 1461 1474 ἀξίωμα.
1483 1402 1872 1471 Ἐπεθύμησας
1893 1398 2144 1468 γενέσθαι

558 1492 677 1554 θεὸς
699 1532 712 1555 ,
741 1492 834 1544 καὶ
865 1491 964 1542 οὐκ
994 1487 1267 1557 ήδυνήθης
1294 1503 1306 1515 ·
1341 1487 1564 1554 γίνομαι
1596 1485 1883 1553 ἄνθρωπος
1909 1524 1922 1543 ,
1962 1483 2056 1534 καὶ
2084 1482 2146 1532 τὸ

557 1574 815 1627 ἀδύνατον
839 1572 1058 1624 δυνατὸν
1089 1569 1244 1621 ποιῶ.
1279 1569 1400 1619 Ὀτι
1429 1567 1486 1619 δὲ
1521 1567 1804 1636 ἐπιθυμῶν
1835 1561 1965 1636 ἦλθε
2011 1565 2148 1634 πρὸς

556 1657 732 1720 τοῦτο,
767 1657 1033 1727 μαρτυρεῖ
1058 1653 1221 1714 αὑτὸς
1247 1652 1421 1719 λέγων
1442 1667 1454 1680 ·
1485 1652 1572 1703 ὅτε
1606 1651 1668 1703 τὸ
1700 1653 1885 1720 πάσχα
1906 1649 2094 1718 ήσθιεν
2121 1649 2149 1700 6

557 1741 770 1811 τρέφων
793 1738 930 1808 μετὰ
953 1737 1061 1789 τῶν
1082 1735 1452 1805 τρεφομένων,
1479 1735 1570 1787 καὶ
1587 1735 1835 1805 τράπεζα
1862 1733 2150 1804 προέκειτο

557 1823 636 1893 τῷ
667 1823 917 1892 τρέφοντι
951 1821 1132 1873 πᾶσαν
1158 1819 1258 1887 τὴν
1291 1819 1382 1871 ὑπ’
1407 1818 1658 1887 οὑρανὸν,
1693 1819 1840 1886 λέγει
1869 1820 1982 1880 τοῖς
2015 1817 2151 1868 ἀπο-

562 1906 795 1967 στόλοις·
853 1903 1163 1971 Ἐπιθυμίᾳ
1201 1901 1552 1968 ἐπεθύμησα
1584 1899 1798 1968 φαγεῖν
1839 1899 1904 1952 τὸ
1939 1898 2152 1966 πάσχα

560 1988 736 2042 τοῦτο
758 1985 887 2055 μεθ’
917 1984 1104 2054 ὑμῶν.
1128 1983 1221 2054 Μὴ
1255 1983 1363 2054 γάρ
1388 1983 1665 2053 ἐϐάσκηνά
1703 2000 1794 2035 σου
1817 1986 1884 2053 τῇ
1912 1983 2148 2052 ίσοθεῒᾳς

561 2072 634 2124 Σὺ
671 2072 740 2123 τά
773 2070 880 2138 ἐμὰ
929 2069 1199 2139 ἠθέλησας
1230 2067 1506 2138 ἁρπάσαι,
1547 2065 1620 2135 μή
1672 2065 1968 2135 δυνάμενος
1995 2085 2007 2096 ο
2042 2064 2152 2132 ἐγὼ

561 2153 630 2206 τά
685 2153 753 2205 σά
792 2151 1083 2222 λαμϐάνω,
1122 2150 1441 2219 δυνάμενος.
1488 2149 1749 2218 Πρόσεχε.
1793 2146 2046 2219 Κατῆλθε
2091 2147 2154 2200 τὸ

561 2235 808 2298 δειλινὸν,
843 2235 938 2288 καὶ
972 2233 1147 2301 λέγει·
1189 2232 1393 2302 Ἀδὰμ,
1421 2231 1542 2286 ποῦ
1570 2232 1626 2285 εί
1644 2272 1658 2294 ,

639 2392 713 2450 ς’.
763 2385 988 2453 Ἀδελφά
1018 2385 1199 2436 ἐκεῖνα
1233 2381 1554 2436 καὶταῦτα·
1587 2381 1705 2444 ἐνὸς
1733 2381 1841 2450 γὰρ
1883 2379 2016 2433 Θεοῦ
2060 2381 2160 2434 κά-

567 2475 720 2528 κεῖνα
751 2472 849 2525 καὶ
875 2470 1067 2523 ταῦτα.
1095 2469 1186 2540 Μὴ
1219 2469 1328 2540 γὰρ
1363 2468 1518 2532 ἄλλος
1549 2462 1712 2538 ἦλθεν
1746 2468 1838 2519 ἐπὶ
1870 2468 1930 2518 τὸ
1965 2467 2157 2530 πάθος,

567 2564 681 2618 ἀλλ’
725 2565 754 2617 6
805 2561 1081 2617 κατελθὼν
1128 2562 1186 2613 ἐν
1242 2559 1321 2631 τῷ
1369 2559 1717 2630 παραδείσῳ;
1780 2557 2041 2628 Ἐκρύϐη,
2093 2559 2159 2628 ᾔ-

569 2647 725 2700 σθετο
772 2645 911 2714 μετὰ
959 2643 1021 2697 τὸ
1069 2645 1285 2712 φαγεῖν.
1317 2643 1764 2712 Διηνοίχθησαν
1799 2640 1908 2712 γὰρ
1957 2639 2155 2694 αὐτῶν

571 2733 624 2783 οι
677 2728 1005 2798 ὀφθαλμοί,
1061 2727 1234 2797 φησὶ,
1294 2727 1394 2780 καί
1458 2725 1736 2794 ἔγνωσαν
1793 2724 1882 2777 δτι
1948 2723 2161 2794 γυμνοί

573 2808 756 2882 ἦσαν.
828 2809 1046 2880 Ἐπειδὴ
1093 2813 1121 2860 6
1179 2809 1423 2871 διάϐολος
1483 2803 1672 2873 εἶπεν,
1725 2801 1808 2879 ’ῌ
1856 2807 1932 2860 ἂν
1968 2809 2157 2876 ἡμέρᾳ

572 2893 799 2964 φάγητε
819 2934 833 2954 ,
863 2891 1138 2958 διανοιχθ
1152 2890 1404 2955 ήσονται
1436 2889 1602 2958 ὑμῶν
1625 2894 1678 2943 οι
1708 2892 2005 2958 ὀφθαλμοί
2024 2907 2036 2920 ·
2065 2891 2162 2951 ῐδε,

574 2976 774 3046 φησὶν,
839 2973 1134 3043 ηλήθευσεν
1198 2975 1226 3025 6
1268 2973 1534 3035 Σατανᾶς.
1578 2972 1775 3042 Παύλῳ
1827 2973 2025 3044 πρέπει
2081 2974 2166 3026 λέο

570 3075 687 3127 γειν
710 3075 722 3087 ·
759 3059 841 3110 Οὺ
881 3057 990 3126 γὰρ
1022 3055 1208 3110 αὐτοῦ
1243 3056 1314 3110 τὰ
1345 3055 1615 3124 νοήματα
1663 3056 2023 3126 ἀγνοοῦμεν.
2073 3059 2166 3110 Οἴ-

572 3143 727 3198 δασιν
769 3144 817 3193 οἱ
849 3142 991 3210 ἀγιοι
1027 3140 1126 3203 τὰς
1156 3140 1400 3210 μηχανὰς
1437 3140 1532 3193 τοῦ
1573 3140 1842 3195 διαϐόλου.
1897 3143 2037 3211 Ὅρα
2064 3157 2166 3195 110-

575 3226 718 3281 κίαν.
757 3225 926 3278 Πόθεν
969 3224 1083 3294 ᾔδει
1125 3226 1153 3277 6
1209 3223 1454 3286 διάϐολος
1480 3264 1494 3288 ,
1529 3225 1611 3276 ὅτι
1667 3223 1807 3293 μετά
1862 3223 1924 3276 τὸ
1973 3227 2166 3292 φαγεῖν

575 3308 882 3376 ἀνοίγονται
908 3307 1086 3360 αὑτῶν
1111 3308 1159 3359 οί
1188 3305 1489 3376 όφθαλμοί;
1525 3306 1602 3376 μὴ
1632 3305 1742 3375 γάρ
1773 3307 1964 3375 τυφλοὶ⁵
1990 3303 2164 3376 ἦσανς

577 3392 741 3460 Λέγει
771 3394 803 3464 ή
828 3391 1039 3463 Γραφὴ,
1077 3390 1207 3460 πρὶν
1237 3392 1429 3458 φαγεῖν
1452 3390 1648 3451 αὑτοὺς
1672 3389 1780 3441 ἀπὸ
1803 3388 1895 3441 τοῦ
1924 3389 2164 3459 δένδρου,

577 3472 752 3540 Είδε,
790 3476 975 3544 φησὶν,
1023 3474 1061 3542 ἠ
1105 3471 1261 3544 γυνὴ
1307 3472 1372 3526 τό
1419 3471 1692 3540 δένδρον.
1726 3472 1937 3524 Οὐκοῦν
1965 3474 2065 3524 οὐκ
2101 3469 2170 3544 ἦν

577 3561 772 3630 τυφλή.
801 3557 954 3622 Εἶδε,
987 3560 1171 3628 φησὶν,
1197 3559 1234 3626 ἡ
1259 3555 1414 3626 γυνὴ
1444 3555 1509 3609 τὸ
1539 3555 1812 3622 δένδρον,
1842 3555 1929 3608 ὅτι
1953 3555 2170 3623 ὡραῖον

578 3647 665 3709 εις
702 3643 938 3710 ὅρασιν.
982 3641 1205 3711 Πρῶτον
1244 3637 1348 3692 εἶδε
1374 3679 1388 3704 ,
1421 3640 1514 3693 καὶ
1541 3638 1662 3692 τότε
1693 3637 1862 3706 ἔφαγε
1881 3679 1894 3692 .
1924 3638 2048 3702 Πῶς
2076 3636 2170 3692 οὖν

583 3725 912 3795 ἠνοίχθησαν
936 3723 1116 3776 αὑτῶν
1147 3725 1194 3775 οἱ
1216 3721 1516 3791 όφθαλμοί;
1548 3719 1807 3790 Πρόσεχε,
1832 3722 2134 3791 παρακαλῶ
2153 3735 2167 3750 ·

591 3807 830 3861 ἐνταῦθά
863 3809 978 3859 ἐστι
1022 3806 1083 3858 τὸ
1139 3803 1492 3874 ζητούμενον.
1543 3803 1602 3854 '0
1649 3802 1890 3864 διάϐολος
1923 3804 2030 3854 ἀπὸ
2077 3805 2172 3855 ἐκ·

582 3891 842 3953 πτώσεως
884 3884 974 3959 ἦν,
1012 3888 1292 3951 τουτέστι,
1333 3886 1442 3938 ἀπὸ
1483 3883 1890 3955 παραϐάσεως·
1923 3886 2017 3937 καὶ
2053 3885 2172 3954 ᾔδει

583 3974 634 4026 τί
661 3973 858 4028 ἔπαθεν
891 3974 919 4024 6
945 3971 1232 4042 παραϐάς,
1263 3971 1355 4022 καὶ
1389 3968 1442 4020 τί
1483 3968 1784 4036 πάσχουσιν
1819 3969 1868 4020 οί
1901 3968 2174 4038 παραϐαί-

584 4075 783 4120 νοντες.
818 4056 1011 4108 Κοινὸν
1059 4054 1116 4107 δέ
1161 4055 1274 4106 ἐστι
1317 4052 1377 4104 τὸ
1416 4051 1587 4114 πάθος
1623 4053 1860 4106 πάντων.
1917 4053 2025 4104 Καὶ
2065 4053 2175 4121 γάρ

587 4143 847 4211 σήμερον,
865 4141 991 4191 ὅταν
1014 4137 1437 4207 άμαρτάνωμεν,
1452 4136 1526 4199 ὡς
1543 4136 1732 4202 τυφλοὶ
1754 4134 2140 4205 ἁμαρτάνομεν
2158 4151 2170 4166 ·

587 4226 678 4278 καὶ
708 4225 835 4276 ὅταν
863 4223 1293 4292 ἁμαρτήσωμεν,
1329 4220 1450 4271 τότε
1489 4218 1707 4288 ὁρῶμεν
1734 4218 1783 4269 τί
1812 4219 2170 4288 ἐποιήσαμεν.

588 4302 732 4370 Οίον,
762 4306 950 4374 ῶσπερ
983 4305 1033 4354 εἴ
1062 4320 1144 4365 τις
1169 4302 1502 4370 ἐγκαλεῖται,
1535 4301 1637 4353 Διὰ
1671 4301 1720 4354 τί
1745 4301 1860 4354 τόδε
1889 4301 2172 4370 ἐποίησας,

586 4388 977 4460 προφασίζεται
992 4383 1616 4455 ἀνάγκην·’Ᾱληοῶςούκ
1632 4383 1858 4435 ἔϐλεπον
1873 4383 1922 4436 τί
1939 4386 2174 4436 ἐποίουν·

586 4475 684 4541 οὑχ
711 4472 786 4534 ὡς
819 4469 1014 4537 τυφλὸς
1041 4468 1136 4532 ὢν,
1167 4468 1281 4521 ἀλλ’
1307 4468 1492 4538 ἐπειδὴ
1523 4471 1581 4521 ἐν
1606 4472 1671 4538 τῇ
1702 4469 1946 4540 ἁμαρτίᾳ
1974 4470 2001 4520 6
2032 4469 2178 4536 λογι-

590 4555 724 4624 σμὸς
763 4553 1034 4622 πηροῦται
1070 4591 1084 4612 ,
1121 4550 1238 4614 ὅλος
1267 4551 1550 4620 γινόμενος
1575 4551 1670 4603 τοῦ
1701 4552 1937 4622 πρᾶξαι,
1965 4554 2058 4604 καὶ
2087 4571 2178 4604 τυ-

589 4635 814 4705 φλοῦται
847 4637 904 4687 ἐν
941 4635 1019 4704 τῷ
1048 4636 1326 4704 πράττειν.
1358 4633 1552 4685 Βλέπει
1586 4636 1722 4703 μετὰ
1754 4635 1926 4688 ταῦτα
1959 4639 2022 4704 τῇ
2056 4653 2180 4686 συν-

589 4721 794 4788 ειδήσει
833 4719 884 4770 τί
908 4718 1198 4787 πεποίηκε.
1227 4716 1384 4782 Λέγω
1406 4716 1463 4768 δὲ
1501 4715 1575 4778 ώς
1602 4719 1658 4768 ἐν
1683 4717 1970 4769 ὑποθέσει·
2003 4718 2181 4785 εἰσέρ-

590 4802 742 4874 χεταί
780 4819 862 4864 τις
905 4799 1198 4870 λῃστεῦσαι
1245 4798 1338 4849 ἐπὶ⁵
1369 4798 1580 4860 οἰκίας,
1623 4800 1716 4850 καὶ
1763 4800 2070 4869 εἰσέρχεται
2104 4800 2180 4859 ώς

589 4884 786 4953 τυφλός
807 4900 818 4911 ·
852 4883 912 4935 οὑ
941 4882 1210 4948 λογίζεται
1236 4881 1326 4932 τὸν
1348 4881 1694 4942 ἀπαντῶντα,
1729 4881 1818 4932 τὸν
1851 4883 2175 4952 κρατοῦντα,

590 4970 682 5022 τὸν
717 4966 880 5034 φόϐον
911 4967 1016 5018 τῶν
1047 4963 1335 5025 δικαστῶν,
1361 4963 1452 5016 τὸν
1483 4965 1866 5035 ἐπηρτημένον
1901 4963 2142 5016 κίνδυνον
2164 4982 2176 4996 ·

591 5053 929 5120 τετύφλωται
960 5052 1064 5120 γὰρ
1097 5051 1200 5102 ὑπὸ
1225 5051 1322 5119 τῆς
1353 5049 1529 5102 νόσου.
1570 5049 1738 5101 Ὂταν
1761 5049 1979 5118 εἰσέλθῃ
2004 5090 2018 5111 ,
2053 5051 2181 5102 ὅταν

593 5137 755 5208 λάϐῃ,
792 5136 916 5186 ὅταν
957 5135 1158 5200 κλέψας
1182 5132 1395 5206 ἐξέλθῃ,
1434 5132 1661 5202 μηδενὸς
1699 5132 1984 5202 παρόντος,
2017 5131 2180 5198 φόϐου

596 5218 915 5289 πληροῦται,
941 5215 1256 5268 αἰσθάνεται
1287 5216 1338 5267 τί
1369 5217 1616 5285 ἐποίησε,
1648 5217 1742 5269 καὶ
1768 5216 2041 5283 λογίζεται
2065 5215 2144 5268 ὅτι
2166 5258 2180 5280 ,

595 5305 689 5356 ἐάν
729 5301 936 5373 ζητηθῇ
964 5339 978 5362 ,
1020 5299 1200 5352 νοοῦσι
1244 5301 1304 5352 16
1347 5302 1579 5371 πρᾶγμα
1624 5300 1768 5364 τίνος
1803 5301 1949 5352 ἐστὶν
2000 5300 2180 5370 ἔργον.

1586 379 1674 436 DE
1714 380 1934 438 MUNDI
1972 372 2372 434 (ΣιιΕΑἸῐΟδΕ
2409 375 2670 432 ORATIO
2701 376 2789 432 VI.

3699 380 3821 436 492

2241 485 2426 556 βλέπει
2462 491 2600 560 μετὰ
2627 491 2687 543 τὸ
2709 489 2934 562 πρᾶξαι.
2972 489 3140 546 Πάλιν
3167 492 3426 562 παραινεῖ
3459 507 3543 554 τις
3583 489 3691 544 τινὶ
3717 491 3834 544 ἀπ-

2241 571 2459 639 έχεσθαι
2496 573 2684 628 κακῶν
2707 591 2720 605 ·
2763 574 2864 628 κᾶν
2910 575 3143 646 ἀπειθὴς
3181 569 3256 648 ᾗ,
3292 577 3326 645 ή
3359 573 3618 644 συνήθεια
3648 572 3833 643 τούτῳ

2241 649 2418 718 λέγει·
2465 654 2731 720 Πολλάκις
2779 657 2926 728 αὑτῷ
2959 653 3129 721 εἶπον,
3163 659 3258 710 καὶ
3287 656 3384 709 οὑκ
3419 657 3653 726 ήκουσεν
3676 671 3691 685 ·
3724 655 3834 724 οὑχ

2242 733 2325 785 ὅτι
2357 735 2456 787 οὑκ
2479 738 2708 806 ήκουσεν
2739 751 2782 790 ι.
2822 740 3053 794 Ἔπειτα
3086 738 3380 807 ἐπαγαγὼν
3410 737 3559 806 αὑτῷ
3584 737 3833 806 πληγὰς,

2243 816 2408 884 λέγει·
2442 820 2687 873 Διδάσκω
2710 837 2767 874 σε
2798 823 3046 876 ἀκούειν·
3072 823 3170 893 οὑχ
3199 825 3280 893 611
3308 822 3477 892 ἀκοὴν
3502 821 3651 888 αὑτῷ
3673 819 3838 874 δίδω-

2247 916 2348 962 σιν,
2395 901 2508 953 ἀλλ’
2544 904 2622 956 ὅτι
2654 905 2686 974 ή
2720 903 2904 977 πληγὴ
2933 905 3236 976 διορθοῦται
3280 905 3376 976 τὴν
3417 903 3710 974 πρόληψιν,
3736 903 3840 956 καῖ

2246 985 2325 1046 εἰς
2355 983 2566 1036 σύνεσιν
2610 987 2773 1039 αὑτὸν
2799 987 2974 1057 φέρει.
3023 988 3178 1042 Οὕτω
3219 988 3311 1041 καὶ
3339 989 3367 1040 6
3406 987 3730 1055 προφήτης·
3773 984 3845 1037 Ἡ

2248 1066 2483 1120 ,παιδεία
2510 1071 2728 1136 Κυρίου
2764 1071 2985 1140 ἀνοίγει
3008 1090 3128 1140 μου
3148 1073 3219 1125 τὰ
3252 1068 3391 1125 ὦτα.
3438 1070 3591 1124 Ἐπεὶ
3623 1063 3719 1120 οῦν
3748 1067 3844 1128 ἐξ·

2249 1151 2445 1203 έπεσεν
2479 1152 2508 1202 6
2544 1151 2793 1216 διάϐολος
2824 1155 2907 1219 (οὑ
2941 1155 3049 1226 γὰρ
3095 1155 3455 1225 ἐπιλέλησμαι
3504 1153 3604 1221 τῆς
3637 1148 3845 1204 ὑποθέ-

2252 1251 2389 1296 σεως
2413 1236 2451 1300 ),
2493 1235 2611 1305 ᾔδει
2651 1235 2754 1288 ποῦ
2793 1231 2862 1308 ἦν
2895 1237 3033 1307 μετὰ
3074 1239 3134 1290 τὸ
3177 1239 3451 1300 ἐκπεσεῖν,
3484 1237 3577 1288 καὶ
3602 1236 3725 1286 τότε
3758 1233 3844 1293 εἰς

2249 1318 2502 1388 αἴσθησιν
2525 1315 2684 1389 ἦλθεν
2713 1312 2787 1372 ὧν
2811 1320 3084 1389 ἐποίησεν.
3105 1321 3346 1391 Ἐμαθεν
3361 1314 3452 1372 οῦν
3467 1318 3527 1382 ἐξ
3545 1311 3620 1370 ὧν
3639 1314 3845 1376 ἔπαθε,

2253 1403 2346 1455 καὶ
2365 1402 2534 1469 λέγει,
2566 1402 2700 1455 Ἐὰν
2727 1403 2973 1473 φάγητε,
2995 1405 3335 1473 ἀνοίγονται
3356 1402 3523 1473 ὑμῶν
3540 1401 3847 1469 016900.1-

2249 1485 2352 1554 μοι
2371 1502 2383 1516 ·
2405 1486 2702 1550 τουτέστιν,
2726 1486 2800 1551 ώς
2829 1489 2920 1540 καὶ
2947 1490 2995 1540 οἱ
3016 1489 3164 1557 ἐμοί·
3193 1483 3328 1551 οῖδα,
3362 1489 3454 1554 ἀφ’
3472 1479 3534 1540 οῦ
3563 1483 3844 1555 παρέϐην,

2253 1567 2306 1618 τί
2339 1567 2566 1620 ἔπαθον·
2597 1568 2769 1636 ἔγνων
2809 1570 2861 1621 τί
2897 1570 3096 1624 ἔπαθον
3117 1610 3131 1632 ,
3160 1571 3330 1638 ἔγνων
3358 1571 3503 1632 τίνος
3541 1570 3854 1635 ἀπέτυχον.

2255 1645 2398 1704 Εἶτα
2426 1651 2671 1720 ἔρανον,
2701 1652 2798 1705 καί
2841 1652 3278 1723 διηνοίχθησαν
3311 1651 3511 1708 αὐτῶν
3533 1656 3584 1706 οί
3615 1653 3852 1719 ὀφθαλ-

2250 1734 2351 1803 μοὶ
2374 1775 2387 1797 ,
2423 1734 2520 1787 καί
2551 1730 2714 1788 εἶδον
2757 1736 2846 1789 ὅτι
2892 1738 3103 1808 γυμνοί
3140 1735 3321 1808 ἦσαν.
3365 1738 3478 1808 Πρὸ
3502 1737 3610 1807 γὰρ
3651 1733 3848 1787 τούτου

2255 1813 2396 1888 ἦσαν
2428 1818 2625 1888 γυμνοὶ
2647 1857 2660 1880 ,
2710 1821 2805 1871 καὶ
2842 1821 2943 1873 οὑκ
2971 1821 3286 1892 ᾐσχύνοντο.
3337 1820 3705 1875 ’Δπεδύσαντο
3742 1817 3850 1886 τὴν

2259 1901 2579 1967 ἀθανασίαν,
2607 1903 2922 1972 περιῃρέθη
2948 1906 2980 1974 ή
3019 1905 3180 1975 στολή
3210 1905 3307 1974 τῆς
3337 1905 3513 1976 δόξης,
3551 1899 3854 1972 ἐγυμνώθη

2258 1985 2320 2037 τὸ
2348 1984 2506 2053 σῶμα
2535 2025 2548 2048 ,
2578 1984 2672 2037 καὶ
2711 1979 2779 2056 ἦν
2811 1985 2979 2056 πηλὸς
3008 1986 3213 2040 λοιπόν.
3247 1988 3463 2050 Εὐθέως
3491 1985 3646 2056 βρύει
3667 1987 3700 2054 ή
3731 1981 3856 2035 ἐπί-

2260 2084 2377 2120 νοια
2410 2067 2518 2120 τῶν
2545 2067 2770 2137 τεχνῶν.
2809 2067 3005 2139 Πρώτη
3037 2069 3198 2139 τέχνη
3233 2068 3326 2122 τοῦ
3368 2069 3542 2138 Ἀδὰμ
3578 2066 3852 2140 ραπτική.

2261 2151 2374 2222 Πρὸ
2405 2151 2584 2219 πάσης
2625 2151 2821 2221 τέχνης
2857 2151 3016 2205 ἔλαϐε
3047 2152 3116 2206 τά
3153 2152 3324 2221 φύλλα
3354 2153 3451 2222 τῆς
3495 2152 3704 2218 συκῆς,
3756 2148 3858 2201 καὶ

2261 2232 2489 2304 ἔρραψε.
2532 2232 2624 2296 Τίς
2669 2236 2698 2286 6
2741 2233 2990 2300 διδάξας;
3029 2236 3114 2298 τίς
3155 2236 3184 2287 6
3227 2235 3561 2298 παιδεύσας;
3613 2231 3858 2284 Ἐλαϐεν

2263 2318 2409 2381 ἅπαξ
2433 2317 2587 2387 παρὰ
2619 2318 2755 2370 Θεοῦ
2790 2319 3025 2384 σύνεσιν,
3052 2319 3215 2372 είκὼν
3242 2314 3309 2390 ἦν
3333 2317 3470 2371 Θεοῦ
3499 2358 3513 2381 ,
3549 2316 3644 2370 καὶ
3674 2317 3856 2385 ἀμφι-

2265 2400 2485 2462 ϐάλλεις⁹
2507 2402 2633 2472 περὶ
2651 2402 2748 2470 τὴν
2772 2403 2975 2468 γνῶσιν
2999 2421 3014 2466 ;
3048 2405 3216 2455 Ὅταν
3239 2404 3499 2474 ἐννοήσῃς
3527 2399 3669 2454 κατὰ
3697 2416 3860 2452 σεαυ-

2263 2485 2376 2548 τὸν,
2421 2483 2585 2537 πόθεν
2622 2484 2909 2554 ἄνθρωπος
2941 2485 3170 2556 ἄροτρον
3210 2486 3425 2556 πρῶτον
3466 2485 3691 2554 ἐποίησε
3714 2523 3732 2548 ,
3771 2481 3860 2544 τίς

2267 2567 2509 2634 ὑπέδειξε
2535 2567 2760 2637 ποιῆσαι
2784 2568 2961 2632 ξύλον,
2983 2568 3076 2621 καὶ
3102 2567 3469 2639 μεσολαϐήσαι
3502 2567 3741 2638 σίδηρον,
3763 2565 3861 2617 καὶ

2269 2651 2512 2719 σφίγξαι,
2555 2652 2648 2704 καὶ
2696 2651 2929 2721 ζεύγλην
2981 2651 3246 2706 ἐπιθεῖναι
3295 2654 3408 2714 τοῖς
3455 2649 3641 2720 βουσί·
3692 2647 3861 2700 πόθεν

2268 2736 2404 2806 γυνή
2431 2729 2556 2806 εὗρε
2588 2737 2784 2806 τέχνην
2820 2735 3133 2806 ίστουργίας
3153 2775 3168 2798 ,
3203 2734 3388 2789 λαϐεῖν
3412 2735 3596 2797 πόκον,
3634 2731 3859 2795 πλῦναι,

2272 2818 2458 2882 ξᾶναι,
2489 2817 2686 2888 νῆσαι,
2725 2818 2786 2870 τὸ
2828 2818 3176 2888 συνημμένον
3227 2818 3508 2882 λεπτῦναι,
3554 2816 3650 2868 καὶ
3696 2814 3863 2867 πάλιν

2273 2901 2490 2971 σχισθέν
2524 2901 2794 2969 συνάψαι·
2825 2902 2987 2954 πόθεν
3014 2902 3205 2965 τοῦτο;
3231 2902 3328 2964 Τίς
3360 2901 3565 2967 ἐδίδαξε
3594 2900 3722 2962 τοὺς
3743 2914 3836 2951 1101

2273 2986 2459 3048 κιλτὰς
2484 2986 2582 3056 τὴν
2611 2985 2980 3055 ποικιλτικήνς
3015 2986 3287 3056 Ἐστηκεν
3319 2986 3481 3050 ίστὸς,
3518 2986 3576 3038 ἐν
3597 2985 3656 3036 τὸ
3682 3001 3867 3055 παρα·-

2274 3069 2645 3139 πεμπόμενον,
2672 3070 2732 3121 οὑ
2769 3070 2893 3143 χεὶρ
2925 3069 3289 3141 ἐργαζομένη.
3322 3070 3436 3125 ἀλλ’
3466 3070 3669 3138 όλόγος
3692 3070 3863 3141 ἐργάο

2274 3157 2446 3222 ζεται,
2469 3154 2626 3224 λόγος
2655 3155 2868 3226 μορφάς
2889 3151 3160 3209 ἀποτελεῖ.
3183 3155 3296 3208 υὺκ
3316 3154 3593 3207 ἐπιϐάλλει
3621 3157 3811 3223 χεῖρας
3835 3155 3866 3206 6

2275 3239 2524 3311 τεχνίτης
2545 3279 2560 3303 ,
2595 3240 2689 3292 καὶ
2715 3239 2743 3292 6
2772 3239 2929 3308 λόγος
2957 3240 3055 3308 τῆς
3081 3240 3279 3310 τέχνης
3313 3242 3511 3310 μορφοῖ
3535 3239 3595 3292 τὸ
3627 3239 3863 3308 ἱμάτιον,

2275 3331 2370 3379 καὶ
2393 3327 2448 3376 ἐν
2478 3323 2775 3394 ὁρωμένοις
2808 3325 3083 3393 σχήμασιν
3109 3325 3382 3395 ἐγείρεται
3403 3323 3465 3376 τὸ
3496 3322 3744 3392 βούλημα
3771 3321 3865 3376 τοῦ

2274 3407 2544 3477 τεχνίτου.
2579 3402 2710 3459 Εἶτα
2731 3407 2759 3459 6
2791 3407 3072 3477 ποικιλτὴς
3094 3407 3154 3460 οὑ
3176 3408 3318 3460 κινεῖ
3339 3409 3518 3477 χεῖρα,
3547 3407 3642 3459 καὶ
3664 3406 3866 3478 ἐγείρει

2281 3493 2519 3562 μορφάς.
2548 3490 2663 3542 Καὶ
2688 3489 2781 3546 ἐὰν
2806 3489 3047 3562 ἀκούσῃς
3063 3529 3079 3554 ,
3111 3491 3192 3543 ὅτι
3217 3489 3349 3553 Θεὸς
3375 3489 3691 3561 ἐργάζεται,
3716 3489 3868 3560 νομί-

2279 3573 2392 3638 ζεις
2419 3574 2498 3626 ὅτι
2544 3576 2701 3643 χεῖρα
2747 3572 2913 3626 κινῶν
2952 3573 3292 3644 ἐργάζεταις
3331 3575 3440 3626 Καὶ
3484 3573 3580 3626 ἐὰν
3623 3571 3867 3644 ζητήσῃς

2280 3658 2462 3710 πᾶσαν
2491 3657 2709 3727 τέχνην,
2744 3659 2838 3708 καὶ
2867 3658 3050 3708 πᾶσαν
3091 3657 3354 3720 ἐπίνοιαν,
3397 3657 3490 3709 καὶ
3523 3657 3707 3727 εἴπῃς,
3747 3656 3866 3718 Πώς

2279 3740 2507 3810 ἐνόησαν
2530 3739 2646 3791 τόδε
2677 3740 2709 3809 ῆ
2735 3739 2882 3804 τόδε;
2914 3738 3292 3810 μνημονεύσας
3311 3739 3410 3808 τῆς
3432 3738 3656 3808 πρώτης
3685 3738 3863 3807 φωνῆς

2280 3825 2377 3893 τῆς
2412 3823 2697 3890 λεγούσης,
2749 3822 3105 3890 Ποιήσωμεν
3150 3823 3464 3889 ἄνθρωπον
3495 3824 3624 3875 κατ’
3661 3824 3864 3875 εἰκόνα

2280 3906 2596 3975 ἡμετέραν,
2628 3906 2782 3974 ἔσχες
2802 3906 2901 3975 τῆς
2921 3905 3154 3975 ἀπορίας
3175 3906 3272 3976 τὴν
3295 3903 3471 3958 λύσιν.
3503 3903 3681 3959 Είκὼν
3707 3903 3858 3968 Θεοῦ,

2283 3992 2375 4043 καὶ
2406 3991 2466 4042 οὑ
2490 3991 2600 4042 νοεῖ
2627 4005 2641 4053 ;
2668 3987 2832 4041 είκὼν
2869 3987 3028 4051 Θεοῦ,
3061 3989 3154 4041 καὶ
3181 3990 3242 4041 οὑ
3278 3991 3522 4060 μιμεῖται
3548 3989 3641 4041 τὸν
3665 3989 3862 4055 Δεσπό-

2282 4091 2414 4145 την;
2451 4074 2708 4141 ἐρραψε
2737 4075 2944 4140 φύλλα
2979 4071 3200 4140 συκῆς.

2354 4222 2418 4288 ζ’,
2455 4221 2906 4291 Αἰσχυνέσθωσαν
2936 4221 2986 4274 οί
3020 4219 3447 4293 ἁλληγοροῦντες
3468 4259 3482 4283 ,
3511 4220 3594 4274 ὅτι
3634 4221 3663 4273 6
3692 4219 3861 4290 παρά-

2283 4308 2457 4367 δεισος
2496 4308 2553 4359 ἐν
2593 4305 2807 4376 ούρανῷ
2846 4307 2982 4370 ἐστι,
3027 4307 3121 4359 κα)⁸
3162 4306 3528 4376 πνευματικός
3567 4307 3734 4358 ἐστιν.
3781 4304 3860 4358 Ἐν

2283 4389 2498 4460 οὐρανῷ
2538 4390 2676 4458 συκῆ
2709 4389 2761 4440 τί
2798 4392 2980 4453 ποιεῖς
3027 4389 3165 4442 Ἀλλ’
3199 4389 3338 4440 ἔστω
3381 4391 3409 4442 6
3453 4389 3778 4458 παράδεισος
3807 4389 3858 4439 ἐν

2285 4474 2500 4546 οὐρανῷ
2527 4491 2539 4503 ·
2572 4473 2725 4545 [5041
2750 4475 2798 4526 οί
2828 4475 3062 4544 ποταμοὶ
3083 4473 3247 4526 πόθεν
3274 4471 3584 4544 ἐξέρχονται
3605 4490 3617 4538 ;
3640 4473 3739 4525 οὑκ
3762 4472 3858 4525 ἀπὸ

2285 4560 2389 4627 γῆς
2415 4575 2428 4621 ;
2463 4559 2524 4610 ΕΞ
2554 4560 2580 4610 6
2609 4559 2938 4626 παράδεισος
2965 4556 3096 4619 ἀνω,
3129 4556 3286 4628 δῆλον
3320 4557 3401 4609 ὅτι
3436 4558 3529 4610 καὶ
3557 4558 3606 4609 οί
3639 4557 3865 4626 ποταμοὶ

2286 4641 2490 4694 ἄνωθεν
2516 4641 2718 4710 ῥέουσι.
2745 4642 2836 4710 Μὴ
2862 4640 2968 4712 γάρ
2998 4635 3148 4693 εἶπεν
3170 4642 3202 4710 ή
3225 4641 3438 4712 Γραφή·
3465 4639 3714 4710 Ποταμὸς
3737 4657 3856 4692 κατ-

2287 4725 2502 4796 έρχεται
2529 4723 2587 4788 ἐξ
2619 4723 2812 4794 Ἐὂέμ;
2843 4724 3003 4776 Ἀλλὰ
3025 4724 3086 4776 16
3120 4725 3359 4793 σόφισμα
3375 4723 3424 4778 δ.
3468 4722 3703 4776 Γελῶσιν
3727 4725 3860 4794 ἡμᾶς

2287 4809 2335 4861 οἱ
2364 4808 2757 4878 ἀλληγορηταί.
2791 4807 3076 4862 Ἐνέδυσε
3102 4807 3497 4877 γὰραύτοὺςό
3527 4807 3690 4872 Θεὸς,
3718 4809 3856 4876 φησὶ,

2289 4889 2544 4958 χιτῶνας
2595 4890 3009 4958 δειιματίνους.
3061 4888 3210 4961 Ἀρά
3261 4890 3332 4960 μὴ
3383 4889 3511 4959 βόας
3557 4891 3858 4961 ήπρόϐατα

2289 4974 2470 5037 ἔθυσε,
2509 4975 2602 5026 καὶ⁵
2634 4973 2882 5043 βυρσεῖον
2907 4973 3105 5044 ήνοιξε,
3132 4974 3224 5025 καὶ
3249 4974 3444 5044 τέχνην
3479 4973 3722 5045 βυρσέως
3745 4977 3859 5028 ἀπεο

2287 5058 2473 5110 τέλεσε
2499 5074 2512 5120 ς
2541 5057 2787 5126 Λέγομεν
2804 5059 2986 5126 ἡμεῖς,
3009 5057 3127 5109 ὅλον
3149 5055 3210 5107 16
3234 5056 3372 5123 ζῶον
3399 5060 3719 5128 παρήγαγεν
3743 5058 3856 5110 ἄνευ

2293 5139 2632 5208 συμπλοκῆς,
2667 5140 2794 5193 ἄνευ
2848 5141 3131 5208 συζυγίας.
3171 5140 3242 5192 T6
3289 5142 3362 5212 μὴ
3393 5141 3452 5194 ὃν
3497 5143 3746 5211 ἐποίησε,
3775 5141 3854 5194 καὶ

2295 5225 2459 5295 μέρος
2489 5225 2582 5277 τοῦ
2604 5225 2758 5288 δντος
2787 5227 2960 5278 ποιεῖν
2993 5225 3093 5278 οὑκ
3123 5224 3389 5293 ἡδύνατω
3424 5225 3627 5279 Λοιπὸν
3667 5222 3853 5292 φιλοτι-

2295 5309 2518 5378 μοῦνται
2540 5327 2551 5338 ·
2583 5310 2697 5362 ἀλλ’
2737 5310 2992 5362 οὐδέποτε
3017 5308 3147 5371 Θεὸς
3169 5312 3315 5362 ποιεῖ
3337 5311 3502 5380 μέρος
3527 5309 3687 5374 ζώου,
3722 5307 3854 5360 οὐδὲν

597 5385 752 5458 [503]
785 5388 892 5439 Καὶ
931 5386 965 5439 ὃ.
999 5385 1071 5454 μή
1106 5385 1386 5452 ἐλογίσατο
1417 5385 1692 5454 πράττων,
1734 5383 2006 5451 λογίζεται
2045 5385 2186 5454 μετὰ
2292 5393 2481 5456 ἀτελὲς
2507 5397 2650 5446 ποιεῖ
2678 5394 2704 5444 6
2731 5393 2882 5456 Θεός.
2923 5391 3135 5446 Ἀκούει
3168 5393 3342 5463 δέρμα
3365 5435 3378 5457 ,
3404 5395 3495 5448 καὶ
3516 5394 3667 5461 ζητεῖ
3691 5392 3853 5454 πόθεν,

595 5473 656 5523 τὸ
686 5470 911 5541 πρᾶξαι.
951 5464 1096 5530 Οἷον,
1128 5469 1155 5520 6
1183 5469 1469 5538 μοιχεύων,
1505 5469 1596 5520 καὶ
1627 5469 1964 5538 ἐπιρῤίπτων
1995 5469 2184 5521 ἑαυτὸν

597 5558 860 5627 ἀλλοτρίῳ
895 5557 1029 5626 πυρὶ
1051 5597 1063 5617 ,
1096 5557 1432 5625 εἰσέρχεται,
1467 5557 1559 5606 καὶ
1591 5556 1651 5608 οὑ
1689 5555 1959 5622 λογίζεται
1989 5558 2068 5607 ὅτι
2102 5557 2186 5608 v6-

604 5658 694 5710 μοι
722 5641 856 5703 είσὶ,
886 5639 1241 5708 δικαστήρια,
1278 5639 1637 5706 κατηγορίαι,
1674 5637 1798 5708 ξίφη
1831 5639 2145 5707 ἠκονημένα
2171 5656 2184 5669 ·

599 5722 708 5776 ἀλλ’
743 5724 870 5775 ὅταν
891 5723 1094 5794 πράξῃ,
1126 5722 1316 5792 δειλιᾷ,
1342 5720 1636 5774 ὑποπτεύει
1661 5722 1846 5783 παῖδα,
1873 5721 2186 5790 παιδίσκην,

601 5807 838 5880 γείτονα,
862 5805 1099 5876 συγγενῆ
1122 5821 1135 5834 ·
1166 5806 1258 5859 καὶ
1282 5805 1316 5859 ἀ
1352 5804 1423 5875 μὴ
1451 5803 1677 5857 ἔϐλεπεν
1707 5807 1764 5857 ἐν
1800 5805 1878 5866 τῷ
1905 5803 2185 5874 πράττειν,

2293 5476 2500 5530 Οὐκοῦν
2522 5475 2702 5529 ἀκούω
2725 5474 2880 5544 κάγὼ
2898 5471 3035 5546 αἷμα
3054 5478 3110 5529 έν
3126 5475 3407 5546 Αἰγύπτῳ,
3431 5478 3523 5528 καὶ
3547 5473 3693 5544 ζητῶ
3714 5472 3857 5527 πόθεν

2359 5695 2391 5756 ει,
2408 5689 2518 5756 Hic,
2543 5694 2654 5756 ροει
2679 5688 2767 5756 οὑχ
2792 5689 2863 5736 ὅτι
2890 5689 2975 5736 οὑκ
2994 5687 3557 5756 ἧχονᾳςνηόεεὶάοταιυτ
3574 5683 3702 5739 haud
3724 5680 3856 5738 dubie

2294 5755 2395 5802 ἀλλ’
2419 5753 2490 5799 ὅτι
2526 5750 2613 5810 οὑχ
2638 5749 2926 5805 ὑπήκουσεν,
2952 5755 3025 5797 ιρι
3061 5749 3176 5810 quid
3203 5749 3382 5796 simile.

2361 5814 2386 5853 ι’
2412 5811 2664 5868 Combcﬂs.
2691 5811 2829 5866 dedit
2848 5812 2970 5862 ἀλλὰ
2988 5813 3058 5860 ίδε
3077 5813 3131 5858 τὸ
3155 5812 3381 5874 σόφισμα.
