4102 6508
233 451 346 508 491

241 552 405 607 bilem
433 549 785 607 desideravit:
816 550 931 621 ejus
950 550 1195 608 Christus
1223 552 1545 611 desiderium
1569 557 1826 628 implevit.

235 639 565 697 DesideraSIi
596 640 647 695 id
674 654 793 696 esse
813 681 826 706 ,
856 640 997 712 quod
1026 657 1130 697 non
1163 644 1379 713 potuisti
1412 664 1424 698 :
1453 645 1705 703 desidero
1729 664 1831 721 ego

233 730 349 787 fieri
380 732 561 795 homo,
595 741 648 785 et
679 745 895 802 possum
923 750 935 785 :
968 732 1084 802 ejus
1106 735 1276 790 errori
1302 736 1473 792 vicem
1502 737 1827 794 contrariam

232 822 376 878 Deus
400 821 602 876 retulit.
638 821 963 877 Desiderasti
995 838 1115 893 qua:
1143 840 1302 895 supra
1328 835 1379 882 te
1409 838 1584 891 erant,
1611 844 1828 884 assumo

230 925 329 982 rgo
355 925 477 981 qua:
507 908 641 965 infra
672 926 759 965 me
784 920 926 966 sunt.
965 911 1351 983 Equalitatem
1387 932 1508 970 cum
1554 917 1663 973 Deo
1698 931 1828 973 con-

227 1000 474 1069 cupivisti
507 1017 518 1053 :
567 1002 786 1070 aequalis
832 1001 1034 1057 homini
1078 1002 1168 1057 fio.
1211 1004 1337 1059 Ideo
1376 1006 1450 1060 ait
1478 1006 1676 1062 Paulus
1709 1026 1723 1063 :
1757 1007 1827 1062 Et

224 1089 399 1143 habitu
437 1090 756 1144 inventusut
794 1091 942 1145 homo
976 1093 993 1163 (
1020 1092 1254 1165 Philipp.
1282 1094 1335 1148 2.
1365 1096 1395 1149 7
1426 1098 1466 1168 ).
1497 1096 1823 1153 Desiderasti

220 1197 345 1238 esse
375 1176 534 1247 Deus,
565 1198 737 1254 neque
764 1182 885 1239 ideo
914 1185 1217 1256 indignatus
1247 1203 1362 1241 sum
1396 1204 1410 1241 :
1441 1189 1562 1243 volo
1596 1190 1739 1244 enim
1773 1198 1823 1246 te

219 1274 584 1343 aequalitatem
631 1291 751 1330 cum
799 1277 908 1332 Deo
948 1279 1330 1348 concupiscere
1359 1297 1373 1345 ;
1404 1280 1498 1335 sed
1538 1282 1656 1337 ideo
1679 1282 1820 1337 indi-

217 1374 410 1435 gnatus
434 1380 580 1429 sum,
611 1366 748 1437 quod
783 1369 977 1436 praeter
1004 1368 1213 1425 Domini
1241 1373 1557 1427 sententiam
1586 1389 1704 1428 eam
1735 1374 1820 1429 di-

216 1457 478 1527 gnitatem
510 1472 698 1527 rapere
729 1457 981 1514 volueris.
1017 1458 1242 1516 Voluisti
1270 1462 1403 1517 deus
1432 1462 1570 1530 fieri,
1604 1480 1704 1521 nec
1725 1480 1821 1535 po-

215 1552 368 1607 tuisti
402 1570 418 1619 ;
446 1551 607 1607 homo
634 1550 703 1607 fio
722 1593 742 1619 ,
782 1561 837 1607 et
865 1553 1007 1623 quod
1040 1554 1371 1623 impossibile
1397 1566 1533 1623 erat,
1562 1559 1818 1628 possibile

212 1644 406 1701 reddo.
436 1644 590 1713 Quod
636 1654 814 1700 autem
861 1660 927 1700 ex
963 1645 1232 1701 desiderio
1273 1648 1339 1702 ad
1380 1648 1483 1704 hoc
1509 1651 1813 1719 accederet,

211 1737 331 1808 ipse
361 1738 681 1793 testiﬁcatur
708 1737 790 1792 bis
818 1737 996 1793 verbis
1027 1757 1045 1794 :
1071 1755 1191 1794 cum
1232 1740 1349 1811 ipse
1378 1742 1572 1812 pascha
1605 1743 1812 1812 ederet,

209 1829 330 1900 ipse
359 1829 513 1885 alens
538 1844 660 1885 cum
687 1827 752 1884 iis
790 1830 880 1900 qui
908 1829 1210 1894 alebantur,
1257 1847 1377 1886 cum
1417 1847 1603 1887 mensa
1645 1850 1814 1905 appo-

208 1923 314 1976 sita
338 1921 413 1976 illi
438 1930 581 1995 esset
601 1962 616 1988 ,
649 1921 737 1991 qui
766 1920 862 1974 alit
892 1922 1202 1977 universum
1234 1924 1420 1980 orbem
1443 1967 1457 1989 ,
1490 1926 1660 1995 inquit
1681 1942 1815 1996 apo-

205 2013 365 2069 stolis
397 2031 410 2069 :
440 2012 701 2069 Desiderio
730 2012 1014 2068 desideravi
1042 2016 1138 2069 hoc
1163 2019 1354 2088 pascha
1391 2020 1701 2073 manducare
1729 2035 1815 2074 ca-

208 2106 408 2160 biscum
435 2103 583 2178 (Luc.
624 2102 715 2160 22.
751 2104 864 2175 15).
895 2104 1032 2161 Num
1062 2107 1205 2162 illam
1239 2123 1361 2163 cum
1394 2109 1503 2165 Deo
1532 2110 1811 2180 aequalita-

207 2207 318 2254 tem
350 2198 513 2253 invidi
540 2198 637 2253 tibi
660 2197 684 2252 τ
704 2198 784 2253 Tu
815 2214 933 2254 mea
963 2213 1222 2269 usurpare
1252 2201 1465 2258 voluisti
1492 2246 1508 2272 ,
1537 2218 1658 2259 cum
1703 2221 1809 2261 non

206 2306 435 2359 posses;
466 2304 567 2361 ego
594 2300 682 2345 tua
700 2305 937 2356 assumo,
961 2294 1102 2363 quod
1126 2308 1256 2349 sane
1287 2311 1522 2364 possum.
1553 2299 1805 2354 Animum

203 2382 420 2438 adhibe.
458 2382 743 2438 Descendit
770 2382 837 2438 ad
864 2398 1145 2455 veSperam
1172 2428 1186 2452 ,
1216 2396 1271 2441 et
1302 2387 1433 2442 dicit
1465 2406 1478 2443 :
1507 2390 1693 2457 Adam,
1725 2391 1809 2447 ubi

201 2491 255 2532 es
286 2474 436 2550 (Gen.
467 2475 518 2529 δ.
554 2474 609 2543 9)
634 2475 661 2530 ι

276 2587 332 2644 6.
367 2587 492 2643 lianc
537 2586 718 2643 aflinia
760 2595 886 2643 sunt
914 2604 928 2643 :
955 2590 1113 2645 unius
1156 2591 1299 2646 enim
1333 2592 1429 2648 Dei
1460 2603 1586 2649 sunt
1612 2605 1665 2651 et
1692 2596 1807 2653 haec

199 2691 256 2737 et
279 2680 391 2735 illa.
421 2679 687 2751 Numquid
714 2680 855 2735 enim
886 2681 1025 2736 alius
1050 2682 1116 2736 ad
1146 2684 1447 2754 passionem
1476 2688 1641 2753 venit,
1668 2688 1806 2745 alius

200 2770 484 2829 descendit
523 2770 574 2826 iu
608 2770 958 2841 paradisum?
986 2772 1284 2828 Abscondit
1311 2790 1371 2830 se
1390 2816 1405 2840 ,
1436 2778 1624 2843 sensit,
1649 2788 1804 2849 post-

198 2878 363 2935 quam
394 2862 724 2918 comederat.
759 2863 935 2932 Αρεηὶ
977 2873 1093 2917 sunt
1137 2866 1279 2919 enim
1328 2884 1506 2920 eorum
1547 2871 1715 2936 oculi,
1760 2881 1805 2925 et

198 2962 542 3028 cognoverunt
585 2970 639 3008 se
668 2952 833 3007 nudos
863 2970 971 3009 esse
1012 2953 1165 3026 (Gen.
1197 2957 1250 3011 ὅ.
1286 2957 1362 3027 7).
1397 2956 1530 3025 Quia
1560 2958 1804 3016 diabolus

198 3046 450 3112 dixerat,
488 3044 601 3112 Qua
628 3044 710 3098 die
738 3044 1090 3111 comederitis,
1124 3047 1415 3117 aperientur
1456 3050 1591 3104 oculi
1620 3053 1803 3110 vestri:

196 3152 350 3204 ecce,
375 3136 565 3207 inquit,
584 3150 709 3190 vera
726 3133 859 3189 dixit
880 3144 1113 3190 satanas.
1131 3137 1297 3192 Paulo
1312 3140 1562 3195 convenit
1582 3141 1762 3200 dicere
1784 3162 1798 3198 :

195 3226 325 3283 Non
351 3227 485 3281 enim
501 3228 612 3297 ejus
633 3225 844 3279 consilia
859 3226 1152 3296 ignoramus
1165 3228 1242 3297 (2.
1260 3227 1381 3285 Cor.
1393 3229 1450 3283 2.
1468 3232 1580 3303 Η).
1595 3232 1803 3290 Norunt

194 3320 370 3375 sancti
403 3318 601 3374 diaboli
633 3316 933 3373 machinas.
972 3316 1107 3374 Vide
1135 3320 1414 3375 malitiam.
1447 3322 1602 3379 Unde
1645 3336 1802 3383 norat

196 3411 466 3475 diabolus,
497 3409 610 3466 fore
636 3417 714 3476 ut,
741 3418 1019 3479 postquam
1047 3410 1429 3478 comedissent,
1463 3415 1800 3484 aperirentur

194 3518 384 3560 eorum
415 3500 601 3557 oculi?
630 3516 756 3555 num
785 3503 911 3555 caeci
939 3502 1127 3557 erant?
1156 3504 1291 3558 Dicit
1316 3505 1613 3576 Scriptura,
1643 3519 1799 3565 ante-

194 3608 359 3666 quam
392 3591 469 3647 illi
511 3592 859 3647 comederent
888 3592 956 3647 de
984 3594 1216 3649 arbore:
1254 3594 1390 3649 Vidit
1430 3598 1614 3653 mulier
1643 3600 1798 3654 arbo-

194 3704 323 3743 rem.
355 3685 473 3742 Non
509 3700 635 3757 ergo
675 3699 815 3741 caeca
860 3694 994 3740 erat.
1035 3685 1206 3753 Vidit,
1254 3689 1442 3760 inquit,
1484 3694 1666 3749 mulier
1708 3710 1798 3748 ar-

192 3780 365 3835 torem
385 3822 399 3847 ,
430 3779 565 3850 quod
593 3785 799 3849 aspectu
828 3778 1042 3848 pulchra
1088 3790 1215 3833 esset
1241 3778 1395 3851 (Gen.
1426 3784 1477 3838 5.
1510 3783 1586 3855 6).
1619 3784 1800 3841 Primo

192 3874 363 3939 vidit,
414 3872 608 3927 deinde
656 3871 908 3928 comedit.
956 3873 1238 3940 Quomodo
1268 3875 1428 3945 igitur
1469 3881 1639 3948 aperti
1673 3891 1799 3935 sunt

191 3978 383 4021 eorum
414 3962 590 4017 oculi?
621 3961 872 4027 Attende,
905 3976 1123 4031 quaeso;
1173 3965 1258 4018 hic
1281 3967 1423 4020 enim
1448 3970 1672 4037 quaestio
1697 3970 1796 4024 sita

190 4064 297 4111 est.
343 4053 597 4110 Diabolus
646 4052 716 4107 de
760 4067 985 4108 numero
1014 4069 1199 4108 eorum
1236 4064 1387 4123 erat,
1418 4062 1507 4127 qui
1540 4059 1673 4129 lapsi
1702 4076 1797 4116 seu

192 4148 521 4219 transgressi
570 4145 809 4212 fuerant;
860 4156 1192 4216 noveratque
1236 4148 1364 4219 quid
1414 4165 1604 4219 passus
1654 4162 1801 4208 esset

192 4252 318 4311 post
341 4238 842 4309 transgressionem,
871 4238 1103 4309 quidque
1130 4240 1217 4294 alii
1249 4252 1675 4311 transgressores
1703 4258 1794 4314 pa-

195 4340 463 4387 terentur.
493 4328 809 4385 Communis
850 4339 1026 4384 autem
1062 4331 1312 4386 omnibus
1342 4342 1425 4387 est
1455 4334 1569 4389 hanc
1597 4338 1793 4405 passio.

189 4425 327 4481 Nam
361 4423 625 4492 hodieque
651 4436 773 4477 cum
807 4435 1093 4491 peccamus
1114 4464 1128 4489 ,
1160 4423 1300 4476 velut
1327 4426 1451 4478 caeci
1481 4441 1793 4494 peccamus:

192 4525 319 4587 post
352 4526 630 4585 peccatum
679 4520 804 4567 tunc
847 4511 1090 4566 videmus
1122 4513 1249 4583 quid
1296 4512 1601 4569 fecerimus.
1637 4516 1796 4572 Verbi

191 4621 381 4670 causa,
412 4604 455 4659 si
488 4605 605 4675 quis
647 4612 945 4667 accusetur,
978 4603 1086 4657 Cur
1117 4603 1216 4657 hoc
1250 4602 1460 4659 fecisti?
1488 4606 1533 4659 is
1559 4610 1798 4663 necessi-

195 4709 365 4754 tatem
417 4694 891 4767 prmtenditzVere
939 4709 1043 4749 non
1092 4695 1337 4749 videbam
1372 4698 1495 4765 quid
1533 4700 1795 4767 facerem;

194 4806 304 4845 non
335 4788 478 4859 quod
495 4801 669 4842 cmcus
692 4796 855 4849 esset,
877 4786 968 4841 sed
990 4787 1129 4856 quod
1155 4788 1294 4842 inter
1314 4788 1639 4857 peccandum
1664 4791 1799 4847 ratio

191 4880 615 4942 obtcncbretur,
650 4878 775 4932 dum
819 4886 960 4931 totus
1003 4880 1140 4933 actui
1187 4880 1539 4941 incumberet.
1584 4883 1635 4936 in
1684 4884 1799 4953 ipso

192 4984 381 5030 autem
416 4986 579 5043 opere
623 4980 945 5025 excreatur.
993 4969 1183 5025 Postea
1233 4987 1360 5026 vero
1391 4972 1442 5026 in
1472 4975 1799 5029 conscientia

191 5068 345 5123 videt
384 5063 511 5135 quid
554 5063 760 5119 fecerit.
809 5062 1050 5133 Exempli
1100 5078 1258 5117 causa
1294 5082 1304 5117 :
1338 5064 1631 5135 ingreditur
1680 5067 1801 5138 quis

190 5160 429 5215 domum
452 5165 507 5210 ut
538 5154 773 5219 foretur,
816 5164 873 5209 ut
919 5168 1095 5208 caecus
1138 5157 1331 5219 intrat;
1379 5171 1484 5210 non
1512 5158 1707 5228 cogitat
1733 5158 1800 5215 de

190 5250 283 5305 illo
306 5290 324 5314 ,
362 5247 452 5317 qui
484 5245 692 5301 obviam
722 5244 929 5301 futurus
955 5256 1035 5302 est
1056 5288 1070 5312 ,
1099 5246 1167 5300 de
1192 5262 1258 5301 eo
1282 5248 1369 5315 qui
1402 5250 1763 5325 apprehendet
1782 5294 1795 5317 ,

190 5356 300 5397 non
350 5338 417 5393 de
462 5337 701 5407 judicum
750 5346 913 5403 metu,
962 5337 1027 5391 de
1071 5338 1415 5407 impendente
1462 5343 1698 5410 periculo
1729 5363 1741 5399 :
1770 5360 1798 5399 a

190 5434 391 5490 morbo
419 5445 650 5501 namque
686 5430 848 5484 animi
891 5443 1190 5487 exczccatus
1217 5440 1318 5487 est.
1351 5432 1486 5488 Cum
1526 5436 1798 5506 ingressus

193 5525 383 5589 fuerit,
412 5538 533 5578 cum
562 5520 854 5591 abripuerit
882 5562 896 5586 ,
928 5536 1049 5575 cum
1093 5522 1298 5578 furatus
1327 5540 1576 5594 egressus
1606 5525 1799 5595 fuerit,

195 5617 420 5673 nemine
452 5624 745 5685 praesente,
776 5623 921 5668 metu
950 5614 1185 5684 repletur
1205 5658 1217 5681 ,
1252 5620 1414 5671 sentit
1435 5618 1560 5688 quid
1590 5618 1800 5689 fecerit,

192 5711 498 5781 anxiusquc
526 5708 741 5778 cogitat,
770 5707 813 5761 si
843 5708 1154 5777 perquisitio
1184 5706 1357 5762 futura
1384 5712 1471 5777 sit,
1504 5710 1803 5782 deprehen-

198 5815 362 5858 suros
390 5814 512 5856 esse
540 5799 661 5871 quis
690 5798 894 5853 facinus
938 5799 1278 5869 perpetrarit.
1312 5799 1440 5867 Quae
1464 5802 1602 5858 inter
1637 5818 1805 5873 agen-

196 5898 329 5953 dum
362 5910 470 5952 non
498 5908 680 5951 secum
712 5892 1030 5965 reputabat,
1064 5899 1184 5961 post
1213 5908 1326 5949 rem
1352 5905 1556 5966 gestam
1582 5898 1798 5968 cogitat.

1678 444 2045 504 SEVERIANI

3428 476 3542 533 492

1941 559 2101 616 Verbi
2128 561 2318 631 gratia,
2349 561 2438 631 qui
2466 563 2783 629 moechatur,
2812 564 2863 620 in
2895 567 3233 639 alienumque
3264 578 3438 625 torum
3466 589 3525 631 se

1939 653 2128 723 injicit,
2163 654 2327 709 intrat
2347 695 2362 719 ,
2393 670 2493 711 nec
2516 658 2713 729 cogitat
2742 675 2863 715 esse
2893 661 3072 731 leges,
3104 663 3407 731 tribunalia,
3441 680 3535 720 ac-

1937 754 2212 800 cusatores
2234 786 2250 811 ,
2281 746 2487 817 gladios
2516 759 2700 804 acutos
2722 768 2735 802 :
2756 760 2811 805 at
2840 768 2899 808 re
2931 764 3141 823 peracta
3163 796 3177 819 ,
3222 756 3407 820 timet,
3440 771 3524 811 su-

1933 843 2144 903 spectos
2174 835 2332 891 habet
2358 852 2592 905 servum,
2628 841 2901 910 ancillam,
2936 846 3191 911 vicinum,
3222 857 3527 917 cognatum,

1933 940 2159 995 quaeque
2185 926 2323 982 inter
2342 930 2606 999 agendum
2633 947 2737 986 non
2760 934 3046 1004 cogitabat,
3071 935 3299 992 advertit
3326 949 3527 1007 postea.

1933 1015 2136 1072 Rursus
2171 1018 2424 1074 admonet
2462 1022 2580 1092 quis
2610 1023 2774 1078 alium
2816 1033 2872 1078 ιιι
2903 1027 3170 1082 abstineat
3201 1044 3231 1083 a
3260 1029 3414 1084 malis
3434 1070 3449 1095 ,
3483 1030 3529 1085 si

1931 1123 2134 1165 morem
2165 1127 2272 1166 non
2301 1116 2547 1184 gesserit,
2577 1116 2715 1171 solet
2751 1118 2799 1172 ei
2830 1116 3010 1174 dicere
3032 1136 3044 1172 :
3065 1118 3273 1189 Saepius
3300 1121 3407 1175 dixi
3440 1122 3526 1189 ei,

1930 1213 1983 1259 et
2009 1220 2112 1260 non
2142 1206 2378 1269 audivit;
2410 1225 2515 1263 non
2543 1210 2683 1280 quod
2718 1226 2821 1265 non
2850 1212 3099 1279 audierit,
3130 1214 3222 1268 sed
3250 1214 3388 1284 quod
3419 1230 3525 1270 non

1928 1294 2333 1367 obtemperarit.
2365 1299 2499 1354 Tum
2532 1302 2817 1372 inlligendo
2844 1303 3026 1373 plagas
3051 1305 3127 1359 ait
3153 1323 3165 1359 :
3191 1304 3368 1360 Doeeo
3392 1314 3448 1360 te
3466 1314 3524 1360 ut

1926 1385 2147 1453 audias;
2178 1404 2284 1443 non
2310 1391 2449 1459 quod
2478 1391 2715 1447 auditum
2746 1394 2819 1447 illi
2842 1396 3059 1461 tribuat,
3086 1397 3180 1453 sed
3203 1397 3342 1467 quod
3369 1399 3519 1467 plaga

1924 1476 2176 1533 emendet
2223 1494 2651 1553 prmoccupatum
2700 1486 2935 1540 animum
2962 1528 2976 1551 ,
3022 1497 3076 1542 et
3121 1488 3186 1543 ad
3239 1489 3519 1543 meliorem

1923 1567 2128 1641 frugem
2170 1572 2411 1628 reducat.
2454 1574 2544 1630 Sic
2585 1586 2637 1630 et
2670 1576 2969 1646 propheta:
2999 1578 3281 1649 Disciplina
3311 1579 3522 1633 Domini

1922 1665 2083 1734 aperit
2124 1666 2249 1718 mihi
2291 1682 2439 1721 aures
2478 1665 2631 1736 (Isai.
2677 1666 2766 1722 50.
2809 1668 2889 1736 5).
2933 1669 3067 1737 Quia
3108 1686 3236 1741 ergo
3259 1671 3509 1729 diabolus

1922 1756 2195 1813 exciderat
2227 1756 2354 1825 (non
2382 1758 2526 1813 enim
2553 1759 2852 1828 argumenti
2880 1760 3076 1815 oblitus
3107 1762 3266 1833 sum),
3298 1772 3521 1818 noverat

1922 1846 2008 1901 ubi
2035 1858 2152 1902 erat
2175 1887 2189 1911 ,
2230 1855 2510 1918 postquam
2538 1847 2756 1915 excidit,
2798 1858 3031 1919 tuncque
3060 1851 3111 1905 in
3140 1866 3357 1909 sensum
3386 1851 3519 1907 faci-

1921 1938 2066 1993 noris
2092 1939 2172 1994 sui
2205 1940 2369 1994 venit.
2402 1940 2671 1996 Didicerat
2698 1956 2825 2012 ergo
2855 1958 2919 1996 ex
2953 1943 3017 1997 iis
3047 1958 3272 2013 quorum
3306 1944 3517 2013 pericu-

1919 2030 2026 2086 lum
2058 2029 2295 2100 fecerat,
2327 2033 2538 2105 aitque,
2572 2032 2635 2089 Si
2662 2034 3007 2102 comederitis,
3052 2036 3339 2103 aperiantur
3384 2037 3522 2089 oculi

1916 2126 2095 2192 vestri;
2126 2140 2352 2197 nempe,
2386 2135 2443 2181 ut
2482 2127 2586 2181 mei
2627 2127 2795 2196 aperti
2830 2138 2953 2182 sunt
2986 2145 2998 2181 :
3026 2142 3093 2183 ex
3121 2144 3226 2197 quo
3252 2129 3518 2198 peccavi,

1916 2219 2039 2272 novi
2086 2218 2211 2290 quid
2255 2232 2445 2289 passus
2475 2219 2609 2282 sim,
2657 2220 2781 2274 novi
2821 2220 2948 2289 qttid
2983 2221 3274 2275 amiserim.
3318 2220 3516 2275 Deinde

1915 2310 2259 2376 comederunt,
2285 2321 2332 2365 et
2355 2312 2521 2382 aperti
2544 2321 2660 2367 sunt
2688 2314 2822 2367 oculi
2843 2330 3037 2379 eorum,
3059 2323 3102 2367 et
3124 2314 3354 2367 viderunt
3377 2314 3513 2383 quod

1914 2400 2042 2454 nudi
2070 2410 2254 2456 essent.
2289 2404 2427 2458 Ante
2465 2402 2607 2458 enim
2652 2403 2779 2458 nudi
2825 2413 2979 2459 erant
3007 2412 3061 2458 et
3090 2418 3195 2458 non
3227 2404 3512 2459 erubesce-

1918 2491 2067 2546 bant.
2101 2491 2376 2548 Exuerant
2421 2494 2911 2559 immortalitatem,
2962 2495 3171 2550 sublata
3217 2505 3331 2549 erat
3374 2495 3511 2550 stola

1911 2584 2131 2655 gloria),
2174 2584 2427 2641 nudatum
2466 2600 2662 2656 corpus
2704 2586 2906 2652 fuerat,
2951 2595 3005 2641 et
3047 2586 3215 2640 lutum
3257 2584 3511 2652 deinceps

1910 2686 2046 2732 erat.
2093 2675 2284 2732 Statim
2336 2678 2560 2732 scaturit
2600 2677 2877 2732 inventum
2928 2676 3144 2731 artium.
3197 2676 3301 2730 Ars
3338 2675 3511 2745 prima

1909 2767 2101 2822 Adami
2143 2768 2371 2822 sartoria
2413 2767 2530 2823 fuit.
2580 2771 2717 2823 Ante
2744 2783 2959 2823 onmem
2989 2777 3160 2823 artem
3190 2767 3416 2836 sumpsit
3442 2766 3509 2821 fi-

1910 2858 2116 2912 culneae
2145 2857 2289 2925 folia,
2322 2869 2375 2915 et
2420 2859 2648 2914 consult.
2682 2860 2814 2927 Quis
2842 2859 3062 2914 docuit?
3089 2860 3207 2930 quis
3236 2868 3508 2914 monstra-

1909 2950 2019 3004 vit?
2042 2949 2218 3007 Semel
2248 2967 2279 3006 a
2311 2952 2419 3007 Deo
2442 2952 2715 3007 solertiam
2734 2960 3033 3021 acceperat,
3061 2952 3234 3021 imago
3254 2961 3368 3005 erat
3386 2951 3504 3016 Dei,

1907 3049 1962 3095 et
1988 3041 2055 3095 de
2083 3041 2305 3097 scientia
2333 3041 2544 3096 dubitas
2567 3042 2590 3095 ?
2612 3043 2743 3096 Cum
2773 3050 2944 3096 tecum
2975 3043 3328 3111 reputaveris,
3364 3040 3506 3097 unde

1907 3133 2138 3201 primum
2184 3132 2345 3187 homo
2374 3142 2609 3189 aratrum
2641 3132 2860 3199 fecerit,
2895 3133 3015 3204 quis
3044 3134 3244 3205 lignum
3276 3144 3463 3203 aptare
3485 3174 3501 3198 ,

1908 3234 1964 3280 et
1990 3226 2042 3279 in
2070 3226 2248 3281 medio
2278 3226 2475 3282 ferrum
2504 3228 2743 3283 inserere
2777 3236 2831 3283 et
2865 3226 3197 3299 adstringere
3226 3227 3500 3292 docuerit,

1900 3314 2087 3387 jugnm
2134 3316 2304 3372 bobus
2350 3319 2657 3388 imponere;
2709 3317 2847 3373 unde
2892 3319 3085 3372 mulier
3113 3317 3355 3372 texendae
3384 3318 3504 3373 telzn

1903 3416 2074 3461 artem
2101 3408 2397 3475 invenerit,
2429 3410 2673 3464 sumendi
2704 3409 2874 3463 vellus
2897 3451 2911 3474 ,
2943 3408 3185 3474 lavandi,
3216 3408 3460 3477 pectendi
3484 3448 3499 3474 ,

1905 3496 2065 3553 nendi
2088 3538 2103 3563 ,
2133 3498 2379 3569 copulata
2406 3498 2664 3553 tenuaudi
2688 3540 2703 3566 ,
2737 3514 3029 3568 rursusque
3059 3500 3302 3554 nectendi
3328 3498 3504 3554 :unde

1905 3588 2047 3643 hoc?
2101 3588 2231 3654 Quis
2292 3588 2693 3660 phrygionicam
2750 3588 3071 3660 phrygiones
3123 3589 3336 3645 docuit?
3389 3589 3505 3645 Stat

1910 3681 2197 3735 textorium
2246 3681 2655 3737 instrumentum
2678 3724 2694 3749 ,
2744 3696 2906 3735 unum
2949 3692 3032 3736 est
3065 3683 3206 3753 quod
3238 3684 3499 3738 mittitur:

1904 3787 2009 3827 non
2042 3787 2230 3827 manus
2257 3774 2454 3841 efficit,
2502 3774 2597 3828 sed
2630 3775 2765 3829 ratio
2793 3786 3049 3844 operatur
3072 3816 3087 3840 ,
3134 3777 3270 3831 ratio
3301 3774 3503 3832 formas

1903 3864 2159 3919 absolvit.
2207 3863 2416 3919 Artifex
2461 3881 2651 3920 manus
2698 3880 2803 3920 non
2852 3866 3041 3935 injicit,
3090 3865 3330 3937 artisque
3366 3868 3505 3921 ratio

1903 3958 2281 4012 vestimentum
2314 3958 2544 4022 format,
2576 3969 2631 4013 et
2658 3959 2709 4012 in
2742 3959 2954 4028 Iiguris,
2983 3975 3102 4029 qua:
3129 3960 3300 4014 oculis
3331 3960 3503 4029 perci-

1906 4053 2139 4120 piutttttr,
2173 4052 2438 4106 excitatur
2462 4052 2681 4107 artificis
2710 4052 2976 4105 voluntas.
3004 4051 3121 4106 Jam
3147 4052 3371 4123 phrygio
3396 4066 3502 4107 non

1906 4155 2087 4198 movet
2119 4158 2310 4197 manus
2334 4185 2349 4209 ,
2390 4152 2445 4198 ct
2474 4142 2672 4197 formas
2701 4145 2913 4199 excitat.
2952 4144 3007 4200 Si
3034 4154 3210 4199 autem
3238 4144 3497 4209 audieris,

1909 4236 2074 4289 Deum
2121 4234 2367 4304 operari,
2420 4246 2645 4305 putasne
2694 4236 2868 4305 ipsum
2920 4249 3139 4290 movere
3182 4249 3396 4289 manum
3449 4243 3504 4288 ut

1905 4325 2196 4397 operetur?
2240 4334 2295 4380 et
2338 4326 2381 4379 si
2428 4341 2644 4382 omnem
2697 4336 2867 4381 artem
2916 4338 3183 4395 omneque
3230 4324 3500 4379 inventum

1905 4419 2241 4488 exquisieris,
2270 4418 2597 4489 dixerisque,
2623 4418 2904 4485 Quomodo
2930 4415 3032 4471 hoc
3058 4425 3112 4470 et
3132 4416 3260 4470 illud
3289 4417 3497 4471 invene-

1906 4508 2062 4562 runt?
2094 4509 2407 4564 recordatus
2432 4512 2617 4577 prima:
2640 4509 2786 4562 vocis
2809 4522 2912 4578 qua
2939 4507 3139 4563 dictum
3169 4508 3286 4575 fuit,
3311 4506 3500 4561 Facia-

1906 4616 2019 4653 mus
2050 4600 2302 4653 hominem
2331 4600 2399 4652 ad
2424 4600 2695 4669 imaginem
2721 4610 2967 4665 nostram,
3000 4600 3165 4655 habes
3192 4600 3500 4671 quaestionis

1906 4691 2247 4745 solutionem.
2274 4692 2367 4745 Dei
2393 4692 2564 4761 imago
2583 4701 2691 4750 est.
2716 4701 2883 4744 etnon
2907 4691 3186 4761 intelligit?
3211 4690 3304 4745 Dei
3328 4692 3503 4760 imago

1907 4797 2022 4849 est,
2075 4793 2129 4838 et
2172 4799 2276 4839 non
2324 4785 2560 4839 itnitatttr
2589 4784 2910 4837 Dominum?
2940 4785 3146 4837 Consuit
3173 4783 3299 4854 folia
3335 4784 3481 4852 ﬁcus.

1978 4877 2029 4930 7.
2048 4874 2235 4929 Contra
2265 4892 2347 4929 eos
2375 4877 2460 4946 qui
2485 4875 2717 4929 dicebant
2748 4874 3043 4945 paradisum
3065 4876 3117 4928 in
3140 4878 3265 4929 creto
3282 4891 3407 4928 esse.
3432 4903 3502 4915 --

1910 4966 2247 5022 Erubescaut
2277 4970 2365 5039 qui
2394 4967 2685 5037 allegorice
2718 4970 3135 5038 interpretantes
3162 4967 3373 5035 dicunt,
3406 4982 3502 5037 pa-

1908 5060 2147 5114 radisum
2185 5062 2235 5115 in
2269 5061 2402 5116 Caelo
2445 5070 2499 5115 et
2539 5060 2872 5129 spiritualem
2925 5074 3065 5114 esse.
3123 5060 3182 5115 In
3208 5060 3341 5114 czelo
3377 5058 3502 5129 quid

1913 5152 2037 5208 facit
2094 5155 2258 5208 licus?
2303 5154 2498 5209 Verum
2549 5155 2618 5208 sit
2666 5156 2716 5207 in
2748 5156 2880 5208 caelo
2926 5153 3207 5226 paradisus
3241 5171 3252 5206 :
3286 5152 3505 5207 flumina

1911 5247 2053 5301 unde
2082 5248 2315 5304 exeunt?
2348 5263 2525 5303 nonne
2554 5264 2619 5302 ex
2652 5249 2835 5301 terra?
2861 5247 2915 5301 Si
2964 5246 3246 5316 paradisus
3292 5260 3503 5298 sursum

1909 5351 2009 5406 est,
2049 5341 2190 5395 haud
2231 5342 2393 5398 dubie
2436 5342 2652 5396 flumina
2714 5341 2779 5395 de
2819 5342 3066 5411 superuis
3117 5340 3305 5394 ﬂuunt.
3365 5336 3503 5393 Num

1910 5432 2039 5488 dicit
2061 5432 2338 5503 Scriptura
2375 5451 2387 5489 :
2424 5435 2643 5489 Flavius
2674 5434 2952 5488 descendit
2978 5449 3041 5487 ex
3070 5432 3277 5485 Edem?
3305 5431 3506 5486 Atride

1912 5524 2206 5595 solihisma.
2256 5526 2487 5581 lrrident
2519 5542 2615 5581 nos
2670 5526 2743 5580 illi
2802 5526 3182 5596 allegoriarum
3235 5532 3504 5577 auctores.

1914 5619 2093 5673 Induit
2120 5637 2224 5685 eos,
2246 5612 2439 5688 inquit,
2461 5618 2599 5674 Deus
2623 5622 2820 5673 tunicas
2854 5620 3090 5690 pelliceas
3120 5614 3276 5684 (Cen.
3312 5617 3363 5669 5.
3389 5614 3507 5681 21).

1910 5711 2049 5767 Nutu
2079 5712 2244 5765 bOVL'S
2271 5722 2323 5765 et
2355 5726 2483 5765 oves
2519 5712 2818 5775 mactavit,
2850 5710 3167 5780 aperuitque
3189 5707 3398 5760 coriarii
3430 5708 3502 5759 of-

1914 5804 2149 5869 ficinam,
2186 5818 2247 5859 ac
2274 5805 2488 5859 coriarii
2522 5815 2693 5859 artem
2722 5803 2869 5875 egit?
2900 5799 3309 5870 Respondemus
3356 5814 3454 5853 nos
3479 5841 3493 5863 ,

1918 5904 2084 5953 totum
2114 5896 2309 5952 animal
2355 5896 2605 5966 produxit
2632 5897 2777 5952 nullo
2805 5908 3097 5965 congressu
3120 5934 3134 5959 ,
3165 5892 3307 5947 nulla
3338 5906 3507 5965 copu-
