4158 6478
706 426 822 482 493

714 524 979 599 μετέϐαλε
1025 524 1117 579 16v
1148 522 1336 576 Νεῖλον
1368 524 1447 585 είς
1470 519 1643 592 αἷμα,
1692 524 1822 575 ποῖα
1860 520 2019 573 ἔθυσε
2050 518 2183 583 ζῶα.
2228 520 2286 572 ὐ

709 607 954 679 ποταμὸς
995 607 1215 676 γέγονεν
1241 602 1407 677 αἷμα,
1450 607 1543 661 καὶ
1572 605 1723 659 οὐδὲν
1764 604 1929 674 ἐτύθη
1964 602 2133 667 ζῶον·
2160 602 2286 673 δέρ-

712 708 859 764 ματα
876 689 969 743 δύο
996 690 1202 757 γέγονε,
1238 692 1329 743 καὶ
1350 690 1502 757 ζητεί
1532 688 1639 741 ἀπὸ
1663 688 1830 741 ποίων
1864 687 2019 751 ζώων
2045 685 2281 753 ἐγένετο.

722 772 880 825 Ἀλλὰ
920 773 1080 825 κάκεῖ
1106 772 1260 835 ἐκτὸς
1302 772 1441 835 ζωου
1472 770 1666 840 δέρμα.
1698 770 1937 840 Πρόσεχε
1967 770 2032 838 τῇ
2061 767 2284 819 ἀκολου·

709 855 831 925 θέᾳ.
863 857 913 908 εί
952 855 1045 908 καὶ
1074 856 1107 925 ή
1134 854 1287 924 φωνὴ
1317 854 1488 923 ἔκαμε
1510 893 1524 915 ,
1565 854 1658 906 καὶ
1687 855 1864 923 ἡμεῖς.
1910 851 2049 902 Ἀλλ’
2081 851 2168 903 ἵνα
2208 850 2284 919 μὴ

707 935 1131 1006 ἀκρωτηριασθῇ
1162 936 1191 987 6
1219 936 1407 1004 λόγος,
1451 934 1602 1003 ὀλίγα
1650 934 1830 1003 ἠρέμα
1858 930 2095 1001 εἰρηκὼς
2127 947 2287 983 κατα-

707 1019 903 1071 παύσω
925 1018 1015 1071 τὸν
1041 1018 1218 1086 λόγον.
1248 1020 1513 1087 Ἕρῤιιψε
1534 1019 1737 1085 φύλλα
1754 1014 1973 1081 συκῆς.
2006 1014 2131 1067 Εἴθε
2151 1012 2281 1065 ταύο

704 1117 805 1169 την
848 1100 945 1171 τὴν
993 1102 1187 1170 τέχνην
1234 1101 1435 1170 ἔμαθον
1481 1098 1777 1169 αἱρετικοίῑ
1830 1097 1998 1167 Ἀδὰμ
2032 1095 2285 1168 παραϐάς

706 1182 933 1251 ῥάπτειν
960 1182 1160 1252 ἔμαθεν
1182 1199 1193 1209 '
1221 1184 1485 1253 αἱρετικοὶ
1517 1181 1881 1253 ἐκτραπέντες
1909 1180 2112 1248 σχίζειν
2148 1177 2286 1247 ἔμα-

708 1266 819 1319 θον.
874 1266 1042 1337 Ἀδὰμ
1070 1266 1325 1331 παραϐὰς
1350 1266 1609 1337 ἐρραψεν.
1636 1265 1721 1317 ἵνα
1751 1261 2000 1333 σκεπάσῃ
2021 1262 2081 1313 16
2109 1261 2281 1329 ἀσχηο

708 1364 837 1418 μον·
874 1350 1143 1419 αίρετικοὶ
1169 1350 1560 1411 πιστεύσαντες
1585 1348 1604 1420 [
1629 1349 1668 1415 Ῑ.
1700 1343 2137 1417 ἀπιστήσαντες]
2176 1343 2286 1413 σχί-

703 1431 906 1495 ζουσιν,
941 1432 1026 1484 ἵνα
1058 1430 1387 1502 γυμνώσωσι
1416 1432 1485 1484 τὰ
1519 1433 1670 1499 ἀγια.
1711 1429 1978 1491 Πολλάκις
2008 1426 2283 1496 ἀκούομεν

701 1514 772 1564 τὰ
802 1513 895 1566 ἐπὶ
927 1514 1019 1567 τοῦ
1050 1515 1306 1585 σταυροῦ.
1330 1516 1422 1567 καὶ
1453 1513 1804 1582 θαυμάζομεν
1838 1511 1918 1563 ὅτι
1956 1510 2283 1581 στρατιῶται

702 1596 893 1649 ἔλαϐον
926 1597 1020 1650 τοῦ
1056 1599 1290 1668 Χριστοῦ
1325 1598 1393 1651 τά
1423 1598 1647 1666 ἱμάτια,
1681 1597 1775 1648 καὶ
1807 1595 2163 1667 ἐμερίσαντο,
2189 1594 2283 1646 καὶ¹

702 1679 905 1742 εὐθέως
939 1680 1093 1749 ἡμῶν
1120 1682 1154 1749 ἡ
1175 1680 1385 1733 διάνοια
1414 1680 1561 1745 λέγει
1587 1698 1599 1710 ·
1638 1679 1815 1749 Πολλὴ
1845 1678 1990 1751 ὴτοῦ
2013 1677 2148 1731 Θεοῦ
2178 1694 2274 1747 μα·

702 1761 999 1831 κροθυμία,
1029 1762 1103 1833 μὴ
1128 1763 1407 1815 κατελθεῖν
1434 1762 1717 1831 κεραυνὸν,
1750 1761 1823 1831 μὴ
1848 1760 2127 1814 κατελθεῖν
2151 1763 2283 1829 ρομ-

702 1843 888 1912 φαίαν.
929 1844 1067 1897 Ἀλλ’
1090 1845 1338 1917 ὑϐρίζετο
1362 1847 1389 1897 6
1414 1845 1601 1911 Ἀγιος
1619 1886 1631 1908 ,
1662 1845 1755 1897 καὶ
1782 1847 1837 1897 al
1862 1844 2075 1915 βέϐηλοι
2102 1846 2281 1913 χεῖρες

699 1926 800 1979 οὐκ
831 1926 1135 1996 ἐκόπησαν;
1172 1928 1480 1995 Θαυμάζεις
1519 1928 1600 1979 ὅτι
1633 1927 1941 1996 ἐτόλμησαν
1987 1928 2186 1979 ἐκεῖνοι
2232 1927 2280 1978 οἱ

701 2011 1028 2081 στρατιῶται
1060 2010 1383 2081 μερίσασθαι
1416 2012 1482 2064 τά
1510 2011 1734 2081 ίμάτιας
1766 2010 2057 2080 Θαύμασον
2085 2011 2167 2063 ὅτι
2188 2003 2278 2061 οῦ-

698 2109 780 2145 τοι
814 2093 1103 2165 διέρρηξαν
1140 2094 1201 2145 16
1247 2095 1457 2163 ίμάτιον
1494 2094 1592 2163 τῆς
1638 2093 1984 2161 Ἐκκλησίας.
2020 2094 2083 2144 Οἱ
2116 2109 2280 2162 στρα-

698 2180 889 2233 τιῶται
929 2176 1069 2233 εἶδον
1106 2179 1197 2232 τὸν
1228 2180 1431 2249 χιτῶνα
1471 2180 1565 2232 τοῦ
1616 2180 1851 2251 Χριστοῦ
1905 2180 2170 2251 ἀρραφον,
2217 2180 2281 2231 ἐκ

697 2262 808 2316 τῶν
832 2263 943 2317 ἀνω
970 2262 1203 2330 ὐφαντδν
1223 2262 1287 2314 δι’
1314 2263 1455 2326 ὅλου,
1485 2264 1579 2316 καὶ
1602 2264 1890 2331 ἐφείσαντο
1909 2263 2002 2315 τοῦ
2027 2263 2241 2331 ἱματίου
2264 2279 2277 2294 ·

696 2345 963 2416 αίρετικοὶ
986 2344 1043 2397 δὲ
1071 2344 1168 2414 τὴν
1192 2344 1395 2415 ἐσθῆτα
1420 2346 1512 2397 τοῦ
1542 2345 1802 2415 Χριστοῦ,
1830 2346 1931 2414 τὴν
1960 2345 2154 2415 στολὴν
2182 2346 2280 2413 τῆς

709 2426 1037 2498 Ἐκκλησίας
1079 2426 1323 2495 ἔσχισαν,
1367 2428 1693 2496 ἐμερίσαντο
1719 2468 1733 2492 ,
1767 2427 2087 2497 κατέτεμον.
2142 2427 2278 2478 Ἀλλ’

695 2513 791 2565 ἐπί
820 2512 883 2565 τὸ
923 2510 1286 2583 προκείμενον
1332 2510 1741 2581 ἐπανέλθωμεν.
1780 2513 2048 2579 Ἔῤῥαψε
2076 2512 2282 2579 φύλλα

696 2593 918 2662 συκῆς.
960 2597 1268 2648 Ἤκουσαν
1305 2594 1411 2647 τοῦ
1453 2592 1601 2647 Θεοῦ
1649 2593 2159 2660 περιπατοῦντος,
2205 2593 2279 2655 ὡς

696 2676 779 2729 ενι
809 2675 1070 2730 ἀκοῦσαι·
1102 2677 1361 2747 ἥκουσαν.
1386 2676 1484 2729 καὶ
1507 2676 1870 2743 ἐκρύϐησαν.
1903 2675 2213 2744 Εὐγνώμων
2246 2676 2277 2744 ἡ

697 2764 863 2833 φύσις
886 2781 899 2794 ·
947 2764 1051 2817 κᾶν
1092 2764 1354 2835 μυριάκις
1391 2758 1541 2834 ὦμεν
1585 2762 1901 2834 ἁμαρτωλοὶ
1925 2801 1940 2825 ,
1974 2762 2281 2833 συνείδησις

696 2852 853 2924 ἡμῶν
866 2852 1124 2925 ἐλευθέρα
1137 2854 1302 2905 ἐστίν.
1323 2853 1519 2905 Ἐνίοτε
1535 2852 1595 2904 16
1610 2852 1898 2921 πρόσωπον
1915 2850 2277 2918 ἀναισχυντεῖ·

695 2943 789 2993 καὶ
827 2941 859 3011 ἡ
890 2940 1192 3011 συνείδησις
1218 2940 1446 3009 ἐλέγχει.
1489 2938 1688 2991 Ἐνίοτε
1720 2940 1752 3008 ή
1793 2937 2029 3005 γλῶττα·
2066 2937 2131 2989 Τί
2169 2935 2279 3008 γάρ

694 3030 980 3100 ἥμαρτον;
1025 3030 1117 3081 καὶ
1172 3028 1477 3098 συνείδησις
1524 3027 1739 3097 ἐλέγχει
1796 3024 2019 3081 ἔσωθεν.
2054 3024 2281 3078 Ἀπλού-

698 3133 881 3170 στατοι
907 3111 1047 3187 ἦσαν
1076 3116 1170 3169 καὶ
1208 3115 1459 3186 ἀκέραιοι
1488 3116 1538 3166 οί
1568 3115 1694 3184 περὶ
1727 3113 1817 3166 τὸν
1851 3112 2041 3182 ’Λδάμ,
2073 3112 2281 3183 ὡμολό-

696 3221 825 3272 γουν
856 3204 992 3274 μετὰ
1021 3203 1350 3274 ἐλευθερίας.
1368 3203 1427 3256 '0
1454 3203 1587 3266 Θεός
1617 3216 1771 3272 φησι·
1813 3201 1938 3255 Ποῦ
1972 3197 2059 3264 si;
2087 3201 2280 3254 Πολλοὶ¹

696 3292 933 3355 εὐσεϐῶς
970 3291 1312 3361 ἐθεώρησαν·
1350 3291 1432 3343 δεῖ
1474 3292 1531 3343 δὲ
1578 3290 1864 3361 προσέχειν
1892 3292 1958 3361 τῇ
1997 3289 2276 3361 ἀκριϐείᾳ.

696 3381 808 3433 Καὶ
834 3380 941 3450 γάρ
965 3378 1057 3433 καὶ
1084 3378 1151 3432 τά
1172 3379 1395 3432 ἐκείνων
1422 3378 1669 3449 δέχομαι,
1702 3377 1891 3447 ἐπειδὴ
1920 3376 2140 3445 εὐσεϐῆ·
2184 3377 2279 3429 καὶ

694 3465 869 3519 ταῦτα
896 3466 1060 3534 λέγω,
1104 3465 1291 3535 ἐπειδὴ
1316 3464 1513 3536 ἀληθῆ.
1551 3464 1745 3534 Ἀδὰμ,
1786 3463 1905 3519 ποῦ
1938 3460 2023 3529 sl;
2071 3463 2275 3529 Πόθενς

695 3553 800 3607 ποῦ
849 3552 1149 3622 κατῆλθεςς
1185 3553 1294 3605 ἀπὸ
1323 3553 1481 3615 ποίας
1512 3552 1668 3622 δόξης
1708 3552 2000 3616 ἐξέπεσεςς
2036 3549 2276 3621 Ἀληθῶς

694 3642 919 3712 δέχομαι
961 3641 1059 3711 τὴν
1115 3642 1323 3693 ἔννοιαν
1354 3640 1429 3703 ὡς
1487 3640 1709 3709 εὐσεϐῆ.
1740 3641 1891 3709 Ἐχει
1937 3640 2047 3709 γὰρ
2091 3641 2184 3691 καὶ
2217 3638 2277 3690 16

693 3728 1071 3799 εὐπρόσωπον,
1107 3729 1204 3781 καὶ
1231 3728 1293 3781 τὸ
1324 3727 1626 3797 συμπαθές.
1667 3725 1828 3779 Ἀλλά
1857 3726 2003 3796 ζητῶ
2031 3725 2128 3796 τὴν
2157 3727 2274 3778 ἀκο-

694 3815 934 3869 λουθίαν.
987 3815 1179 3885 Ἀδὰμ,
1226 3816 1343 3871 ποῦ
1376 3812 1459 3879 el;
1500 3817 1681 3887 ἐρωτᾷ
1714 3818 1743 3869 6
1782 3814 1934 3877 Θεός.
1977 3814 2153 3887 ’ῌδει,
2202 3814 2277 3876 ὡς

695 3903 961 3972 πλάστης,
990 3902 1083 3955 τοῦ
1119 3903 1438 3974 πλάσματος
1466 3904 1564 3974 τὴν
1595 3904 1777 3972 φύσιν.
1813 3906 1892 3957 ὅτι
1918 3905 2020 3967 πᾶς
2046 3904 2074 3955 6
2102 3904 2277 3973 ἀμαρ-

692 3992 886 4060 τήσας.
934 3991 1407 4061 ἀπαρρησίαστος,
1471 3991 1566 4043 καὶ
1610 3992 1691 4043 ὃτι
1745 3994 1858 4053 τοῖς
1902 3990 2274 4059 ἁμαρτάνουσι

694 4079 959 4149 ῥάπτεται
982 4078 1049 4130 τὰ
1080 4078 1341 4148 στόματα.
1370 4078 1695 4149 Προσέοχεν,
1721 4078 1801 4129 ὃτι
1829 4077 1916 4130 διά
1937 4077 1996 4129 16
2029 4076 2101 4147 μὴ
2132 4077 2275 4145 ἔχειν

695 4166 1005 4238 παρρησίαν
1034 4165 1220 4233 ἔφυγε.
1254 4164 1448 4229 Δοῦλος
1476 4165 1593 4218 τότε
1628 4164 1862 4235 μάλιστα
1894 4166 2122 4235 ἀγωνιᾷ,
2147 4166 2276 4217 ὅταν

694 4253 951 4323 αἴσθηται
977 4254 1059 4306 ὅτι
1086 4252 1286 4323 ἔμαθεν
1312 4255 1340 4305 6
1368 4253 1634 4322 δεσπότης
1660 4252 1827 4305 αὐτοῦ
1859 4253 1917 4305 16
1958 4253 2269 4322 γενόμενον·

694 4342 799 4404 ἓως
830 4342 888 4395 δέ
925 4342 1108 4408 ἀγνοεῖ
1132 4342 1160 4392 6
1193 4338 1344 4411 [5051
1386 4339 1676 4411 δεσπότης,
1706 4339 1897 4391 ἐαυτὸν
1928 4339 2274 4409 παραμυθεῖ-

692 4445 784 4482 ται
810 4428 885 4491 ὡς
914 4428 1209 4498 δυνάμενος
1253 4427 1459 4481 λαθεῖν.
1499 4426 1557 4480 '0
1602 4425 1772 4496 Ἀδὰμ
1800 4426 1998 4493 ἔφυγεν
2027 4426 2103 4488 ὼς
2131 4443 2273 4493 γνω-

697 4517 871 4580 σθείς·
903 4517 1085 4580 ὁΘεδς
1128 4520 1505 4589 προσεποιεῖτο
1534 4518 1780 4584 ἄγνοιαν,
1840 4517 1924 4569 ῖνα
1964 4516 2053 4569 τὸν
2111 4515 2275 4585 φόϐον

694 4602 859 4659 αὐτοῦ
918 4603 1232 4676 καταλύσῃ·
1282 4605 1357 4667 ὡς
1414 4604 1639 4673 λέγομεν
1688 4605 1847 4673 ἡμεῖς
1902 4602 2030 4673 περὶ
2081 4601 2271 4670 φίλου·

707 4691 970 4761 Ἐποίησα
996 4690 1230 4760 ἐμαυτὸν
1256 4690 1335 4753 είς
1371 4690 1465 4742 16v
1492 4690 1565 4761 μὴ
1596 4690 1792 4753 εἰδότα,
1832 4690 1918 4743 ἴνα
1947 4690 2021 4759 μὴ
2045 4689 2276 4760 λυπήσω

693 4780 876 4836 αὐτόν.
915 4778 1181 4842 Πολλάκις
1207 4777 1318 4850 γάρ
1343 4778 1553 4846 γίνεται
1583 4779 1712 4849 παρ’
1740 4780 1870 4846 ἡμῖν
1899 4778 2090 4832 ταῦτα.
2122 4780 2184 4831 El
2218 4778 2274 4831 δὲ

694 4867 824 4940 παρ’
857 4868 987 4936 ἡμῖν
1016 4866 1238 4920 τοιαῦτα
1272 4866 1501 4934 γίνεται.
1533 4864 1713 4935 πολλῷ
1739 4865 1935 4935 μᾶλλον
1964 4866 2116 4933 παρὰ
2154 4864 2275 4934 Θεῷ

693 4954 771 5026 τῷ
798 4953 1180 5025 φιλανθρώπῳ.
1213 4953 1416 5021 Ἀδὰμ,
1449 4952 1565 5005 ποῦ
1590 4947 1678 5016 εΪ;
1706 4952 1827 5004 ἀντὶ
1856 4950 1972 5014 τοῦ,
1995 4952 2109 5004 Οὐκ
2138 4948 2271 5004 οἶδα.

694 5040 827 5097 Εἶτα
851 5041 945 5095 τοῦ
974 5041 1108 5094 Θεοῦ
1137 5041 1603 5111 προσποιουμένου
1632 5040 1869 5108 ἄγνοιαν,
1897 5042 1930 5109 ἡ
1964 5039 2265 5109 εὐγνώμων

693 5130 788 5184 καὶ
842 5129 1101 5199 ἐλευθέρα
1133 5128 1279 5198 ψυχὴ
1311 5130 1408 5181 οὐκ
1462 5126 1697 5197 ἔκρυψε·
1742 5125 1856 5193 Τῆς
1902 5124 2108 5196 φωνῆς
2156 5143 2274 5180 σου

693 5217 953 5285 ἥκουσα,
979 5216 1076 5269 καὶ
1105 5214 1424 5285 ἐφοϐήθην,
1449 5215 1537 5269 ὅτι
1566 5214 1793 5282 γυμνός
1816 5216 1950 5283 εἰμι,
1977 5215 2072 5267 καὶ
2100 5216 2273 5282 ἐκρύ-

693 5308 827 5373 ϐην·
862 5304 960 5357 Αιά
992 5304 1045 5357 τί
1077 5303 1384 5375 ἐφοϐήθηςς
1418 5304 1506 5356 διὰ
1550 5304 1601 5356 τί
1652 5303 1925 5373 ἐκρύϐηςς
1969 5304 2274 5375 Ἑφοϐήθην

691 5394 782 5448 διὰ
807 5392 906 5464 τὴν
931 5393 1260 5464 παράϐασιν·
1288 5391 1526 5462 ἐκρύϐην
1555 5390 1642 5443 διά
1673 5393 1772 5461 τὴν
1802 5391 2103 5461 γύμνωσιν.
2124 5394 2273 5461 Ἀλη-

694 5481 805 5546 θῶς
852 5482 966 5535 ἔστι
1011 5480 1242 5534 κλαῦσαι
1295 5482 1387 5533 ἐπὶ
1444 5482 1509 5550 τῇ
1561 5482 1710 5549 φωνῇ
1752 5479 1845 5531 τοῦ
1904 5480 2270 5550 παραϐάντος.

698 5569 815 5638 Τῆς
852 5567 1059 5640 φωνῆς
1089 5584 1206 5623 σου
1240 5568 1494 5634 ἥκουσα,
1530 5567 1743 5637 ἐκείνης
1775 5567 1874 5638 τῆς
1909 5569 2270 5638 ποθουμένης,

694 5658 908 5730 ἐκείνης
953 5659 1053 5728 τῆς
1104 5656 1277 5710 πάντα
1334 5672 1421 5725 μοι
1468 5654 1860 5725 χαρισαμένης.
1910 5654 2125 5723 ἐκείνης
2176 5657 2274 5727 τῆς

694 5745 877 5811 ἀγαθά
934 5763 1022 5816 μοι
1088 5744 1458 5816 χαρισαμένης
1518 5742 1611 5795 καὶ
1676 5744 2270 5814 πραγματευσαμένης.

696 5834 965 5893 Ἦκουγα
1005 5833 1115 5904 τῆς
1158 5832 1365 5904 φωνῆς
1406 5847 1542 5886 σου.
1585 5829 1871 5901 Ἐνενόησα
1901 5830 2058 5895 ποίας
2088 5833 2271 5903 φωνῆς

2123 400 2485 460 SEVERIANI

2400 522 2734 585 κατέπτυσα,
2752 518 2908 582 ποίας
2920 517 3103 589 φωνῆς
3119 516 3518 589 κατεφρόνησα·
3535 516 3633 570 καί
3647 514 3963 584 ἐφοϐήθην,

2395 602 2637 655 τοιούτου
2676 602 2946 656 Δεσπότου
2980 601 3200 672 ἐντηλὴν
3240 600 3495 672 παραϐάς
3522 616 3534 627 ·
3564 598 3664 652 καί
3686 600 3959 666 ἐκρύΰην,

2395 684 2484 736 ὅτι
2507 685 2735 754 γυμνός
2761 686 2896 755 ειμι.
2930 680 3066 739 Εἶτα
3091 686 3119 737 6
3147 684 3279 748 Θεδς
3298 682 3631 753 ἐπιμένειτῇ
3666 684 3961 752 προτροπῇ·

2402 768 2498 833 Τίς
2529 784 2629 821 σοι
2655 764 2823 822 εἶπεν
2853 768 2938 821 ὅτι
2989 768 3216 838 γυμνὸς
3262 764 3336 830 ει,
3374 770 3427 821 ει
3454 767 3540 836 μὴ
3570 766 3690 820 ἀπὸ
3732 766 3839 821 τοῦ
3866 765 3964 830 £15-

2393 852 2531 910 λου,
2562 846 2635 905 οὗ
2667 850 3061 919 ἐνετειλάμην
3105 866 3201 904 σοι
3241 850 3457 905 τούτου
3490 851 3683 917 μόνου
3725 847 3811 915 μὴ
3860 864 3963 915 φα-

2393 931 2538 998 γεῖν,
2572 934 2675 986 ἀπ’
2698 933 2883 987 αὐτοῦ
2918 934 3178 1000 ἔφαγες;
3224 933 3344 985 ἀντὶ
3387 930 3503 995 τοῦ,
3536 932 3598 984 Et
3654 931 3730 1001 μὴ
3759 931 3961 991 πάντως

2395 1017 2570 1068 ἐκεῖνο
2619 1018 2903 1087 ἐποίησας.
2938 1017 2967 1069 δ
3018 1017 3289 1069 ἐκώλυσα.
3323 1016 3464 1086 Ὀρα
3503 1014 3619 1076 πῶς
3676 1015 3854 1083 ἐρωτᾷ
3894 1013 3961 1075 ὡς

2393 1098 2635 1165 ἀγνοῶν·
2670 1100 2733 1153 El
2764 1099 2839 1170 μὴ
2872 1098 2932 1163 ἐξ
2961 1100 3167 1153 ἐκείνου
3209 1097 3304 1151 τοῦ
3344 1097 3583 1165 δένδρου,
3616 1091 3679 1149 οὗ
3708 1095 3959 1147 ἐνετειλά-

2396 1198 2503 1249 μην
2534 1198 2616 1234 σοι
2648 1182 2723 1252 μὴ
2756 1186 2971 1250 φαγεῖν,
3004 1182 3227 1251 ἔφαγες.
3260 1182 3370 1235 Καὶ
3414 1180 3577 1251 βλέπε
3606 1180 3699 1233 τοῦ
3737 1179 3870 1231 Θεοῦ
3908 1178 3961 1230 16

2394 1263 2794 1335 φιλάνθρωπον.
2826 1266 2921 1332 Τίς
2948 1283 3045 1319 σοι
3074 1262 3237 1325 εἶπες
3270 1264 3368 1317 Διά
3391 1264 3549 1317 τοῦτο
3579 1262 3843 1333 μακρύνει
3872 1260 3958 1331 τὴν

2392 1344 2629 1413 ὁμιλίαν,
2663 1347 2749 1399 ἵνα
2775 1347 2911 1420 λύσῃ
2934 1348 3025 1400 τὸν
3057 1348 3240 1415 φόϐον,
3276 1362 3369 1399 και
3417 1346 3605 1416 ἐγείρῃ
3636 1343 3956 1415 παρρησίαν.

2405 1428 2635 1481 Ἐνενόει
2689 1429 2799 1501 γάρ
2846 1432 2875 1483 6
2925 1430 3099 1501 Ἀδάμ
3143 1431 3261 1495 πῶς
3306 1430 3458 1483 οὐδὲν
3514 1428 3772 1497 σκληρὸν,
3820 1425 3958 1477 οὐδὲν

2391 1509 2685 1581 ἀπότομον,
2713 1514 2812 1583 οὐχ
2845 1511 3027 1583 ὕϐρις,
3067 1514 3128 1566 οὐ
3174 1512 3401 1581 πληγαί.
3431 1512 3612 1581 Ἔχεις
3654 1508 3958 1563 διδάσκαλον

2390 1593 2488 1663 τὴν
2518 1594 2828 1666 συνήθειαν.
2864 1596 3061 1659 Δοῦλος
3101 1598 3423 1668 ἁμαρτήσας
3468 1595 3561 1647 ἐὰν
3595 1591 3866 1663 προσέλθῃ
3893 1590 3958 1659 τῷ

2389 1676 2647 1749 δεσπότῃ,
2680 1680 2789 1733 ἀπὸ
2826 1681 2925 1751 τῆς
2961 1681 3183 1750 πρώτης
3208 1680 3390 1750 φωνῆς
3424 1679 3457 1749 ἢ
3497 1676 3777 1749 θάρσοςνῆ
3809 1675 3957 1744 φόδον

2390 1758 2676 1829 λαμϐάνει.
2729 1761 2855 1815 Ἐάν
2898 1762 3129 1833 ἄρξηται
3185 1764 3535 1829 ἀγανακτεῖν,
3587 1761 3683 1814 καὶ
3734 1759 3956 1827 κλέπτην

2390 1844 2483 1894 καὶ
2531 1842 2704 1897 δόλιον
2760 1844 3047 1915 ὀνομάζειν
3095 1845 3188 1897 καὶ
3250 1843 3457 1915 μυρίων
3501 1842 3748 1898 θανάτων
3799 1842 3953 1906 ἄξιον.

2391 1925 2726 1995 παραλύεται
2750 1943 2765 1958 ·
2798 1928 2892 1981 ἐάν
2916 1927 3123 1999 ἀκούσῃ
3158 1926 3321 1980 αὐτοῦ
3356 1926 3723 1992 ὀνειδίζοντος,
3762 1924 3952 1989 Ἀθλιε,

2388 2013 2441 2063 τί
2473 2013 2686 2080 ἐγένετό
2722 2031 2803 2067 σοι
2830 2014 3023 2081 τοῦτο;
3065 2014 3151 2067 διά
3197 2014 3250 2066 τί
3293 2014 3577 2085 ἧμαρτες;
3625 2012 3825 2075 εὐθέως
3868 2013 3952 2079 ἐφ’

2389 2099 2682 2164 οδιάζεται,
2717 2101 2811 2154 καὶ
2843 2101 3036 2173 θαρρεῖ
3058 2101 3215 2165 τέως·
3244 2101 3305 2153 οὐ
3335 2100 3443 2171 γάρ
3474 2100 3548 2164 ὠς
3577 2100 3840 2167 δεσπότης
3871 2115 3951 2151 κο-

2388 2185 2557 2250 λάζει,
2582 2188 2695 2239 ἀλλ’
2715 2188 2790 2251 ὡς
2818 2188 3134 2252 διδάσκαλος
3159 2186 3417 2241 νουθετεῖ.
3448 2187 3603 2240 Οῦτω
3635 2187 3728 2239 καὶ
3756 2188 3783 2239 6
3815 2184 3950 2247 Θεός·

2395 2274 2491 2339 Τίς
2524 2290 2625 2328 σοι
2668 2270 2838 2328 εἶπεν
2867 2276 2956 2329 ὅτι
3002 2275 3228 2344 γυμνὸς
3255 2271 3330 2337 εἷ,
3363 2278 3416 2329 εί
3452 2273 3537 2344 μὴ
3576 2274 3695 2328 ἀπὸ
3725 2273 3828 2327 τοῦ
3862 2272 3954 2334 ξύ-

2388 2363 2503 2413 λου
2532 2358 2605 2416 οὗ
2640 2362 3031 2432 ἐνετειλάμην
3072 2380 3171 2416 σοι
3210 2362 3296 2432 μὴ
3344 2362 3577 2431 φαγεῖν,
3632 2360 3732 2415 ἀπ’
3782 2357 3952 2413 αὑτοῦ

2387 2449 2644 2517 ἔφαγες
2677 2450 2768 2518 Μὴ
2794 2450 2902 2521 γὰρ
2928 2449 3095 2502 πολλά
3128 2450 3413 2515 ἐκώλυσας
3445 2450 3540 2502 Ἐν
3578 2449 3735 2519 μόνον
3764 2445 3953 2498 ἐκώλυ-

2392 2553 2481 2601 σα,
2520 2538 2613 2589 καὶ⁷
2654 2537 2811 2590 τοῦτο
2866 2538 2928 2591 οὐ
2982 2538 3176 2607 μισῶν,
3213 2538 3348 2592 ἀλλὰ
3398 2537 3662 2607 προνοῶν.
3727 2537 3821 2600 Τίς
3865 2546 3953 2585 σοι

2387 2620 2558 2677 εἶπεν
2586 2625 2675 2677 ὅτι
2706 2627 2933 2693 γυμνὸς
2963 2622 3047 2690 si;
3076 2627 3241 2679 Οὐδὲν
3271 2626 3623 2695 ἀναίσχυντον
3650 2618 3822 2684 εἶπεν,
3852 2622 3953 2673 Οὐκ

2389 2712 2567 2780 ᾔδειν·
2622 2711 2759 2765 ἀλλά
2791 2711 2879 2776 τίς
2916 2713 2977 2766 Ἡ
3034 2713 3211 2783 γυνὴ,
3266 2711 3345 2779 ἤν
3382 2711 3607 2776 ἔδωκάς
3639 2728 3763 2779 μοι.
3812 2708 3949 2773 αὕτη

2382 2814 2485 2865 μοι
2520 2798 2725 2861 ἔδωκε,
2777 2798 2877 2851 καὶ
2913 2798 3171 2868 ἔφαγον·
3210 2799 3330 2852 ἀντὶ
3376 2798 3492 2862 τοῦ,
3527 2796 3584 2849 ’11
3618 2795 3835 2850 δοθεῖσά
3875 2810 3955 2864 μοι

2390 2885 2526 2955 πρὸς
2586 2884 2855 2956 βοήθειαν.
2901 2888 3148 2939 Ἤκουσα
3210 2887 3317 2956 γὰρ
3366 2886 3455 2939 ὅτε
3509 2884 3786 2953 ἐπλάσθην
3834 2881 3953 2949 ἐγὼ.

2388 2972 2570 3042 ἐκείνη
2599 2972 2657 3026 δὲ
2686 2972 2919 3032 οὐδέπω.
2948 2974 3197 3042 λέγοντος
3216 2988 3230 3002 ·
3261 2972 3614 3041 Ποιήσωμεν
3640 2968 3801 3035 αὐτῷ
3822 2970 3955 3036 ﬂon-

2388 3059 2495 3112 θύν
2532 3058 2658 3111 κατ’
2705 3060 2911 3112 αὐτόν.
2939 3061 3044 3112 Ἢν
3070 3058 3297 3125 ἔδωκάς
3339 3077 3465 3128 μοι,
3510 3058 3661 3124 αῦτη
3694 3074 3796 3126 μοι
3827 3057 3955 3111 ἐδω-

2388 3161 2517 3199 κεν.
2549 3148 2662 3198 Οὐκ
2702 3142 2878 3207 εἶπεν,
2919 3145 3253 3216 Ἦπάτησεν,
3286 3147 3407 3210 οὐκ,
3451 3144 3769 3216 Ἐψεύσατσ
3806 3144 3952 3209 Αὕτη

2383 3251 2486 3304 μοι
2522 3234 2707 3288 ἔδωκε
2736 3235 2834 3289 καί
2867 3238 3111 3306 ἔφαγον.

2456 3387 2525 3451 η’.
2548 3374 2684 3433 Εῐτά
2701 3397 2865 3451 φησιν
2883 3381 2911 3433 6
2932 3381 3062 3445 Θεός
3076 3398 3091 3413 ·
3110 3380 3217 3434 Καὶ
3236 3381 3399 3453 ἐχρῆν
3419 3397 3478 3433 σε
3506 3380 3725 3450 γυναικὶ
3745 3380 3953 3434 πιστεῦ-

2389 3484 2499 3531 σαι,
2528 3468 2621 3520 καὶ
2668 3469 2741 3538 μὴ
2788 3468 2947 3536 ἐμοί;
2981 3469 3076 3521 καὶ
3122 3467 3539 3538 ἀξιοπιστοτέρα
3573 3468 3606 3537 ἡ
3645 3467 3783 3538 γυνὴ
3826 3467 3953 3536 ὑπὲρ

2386 3556 2522 3624 ἐμές
2561 3553 2702 3622 Ἐγὼ
2723 3555 2791 3607 τά
2818 3554 3000 3621 ἀγαθά
3036 3554 3265 3617 δέδωκα,
3304 3554 3593 3624 πράγμασι
3625 3570 3684 3609 σε
3708 3555 3949 3624 ἐτίμησα·

2386 3644 2567 3713 ἐκείνη
2601 3646 2840 3714 ῥήμασιν
2884 3644 3152 3697 ἐδελέασε.
3186 3644 3294 3697 Καὶ
3327 3644 3492 3713 βλέπε
3518 3660 3532 3675 ο
3580 3644 3768 3714 ὥσπερ
3810 3644 3952 3697 δικα-

2388 3731 2519 3801 στὴς
2574 3733 2669 3784 ἐὰν
2715 3731 2934 3802 δέξηται
2974 3730 3272 3799 ἀπολογίαν
3312 3730 3407 3784 τοῦ
3453 3731 3827 3802 δικαζομένου.
3868 3732 3953 3784 καὶ

2389 3820 2586 3891 μηκέτι
2618 3819 2848 3889 ἐξετάσῃ
2889 3818 3071 3882 αὐτὸν,
3108 3818 3243 3873 ἀλλά
3291 3819 3499 3891 μεταϐῇ
3531 3821 3622 3873 ἐπὶ
3663 3820 3755 3873 τὸν
3783 3820 3951 3880 ἀλλον,

2384 3908 2586 3969 εὐθέως
2608 3908 2818 3978 θαρρεῖ,
2850 3908 2943 3961 καὶ
2962 3907 3128 3975 λέγει·
3158 3907 3307 3971 Τέως
3338 3908 3449 3976 ἐγὼ
3469 3908 3795 3979 ἐξητάσθην·
3821 3908 3954 3960 οὓτω

2385 3996 2479 4047 καὶ
2507 3996 2535 4046 6
2562 3995 2692 4055 Θεὸς
2726 3994 3038 4065 μεταϐαίνει
3064 3995 3172 4049 ἀπὸ
3197 3995 3291 4048 τοῦ
3309 3996 3498 4066 Ἀδάμ,
3528 3997 3613 4049 ῖνα
3640 3996 3778 4067 λύσῃ
3798 3994 3952 4049 αὐτοῦ

2384 4082 2476 4134 τὸν
2519 4081 2671 4153 [506]
2720 4081 2902 4151 φόϐον,
2958 4083 3049 4135 καὶ
3100 4083 3247 4151 λέγει
3281 4085 3345 4153 τῇ
3393 4083 3642 4150 γυναικί·
3694 4084 3756 4136 Tl
3788 4082 3952 4136 τοῦτο

2383 4168 2716 4234 ὲποίησας;
2760 4168 2929 4238 Λέγει
2974 4170 3205 4239 ἐκείνη·
3247 4171 3309 4222 '0
3358 4170 3495 4238 ὄφις
3540 4169 3816 4237 indth
3863 4184 3951 4236 με,

2386 4255 2485 4309 καί
2516 4257 2761 4325 ἔφαγον.
2798 4256 3019 4328 Ἐπειδὴ
3050 4256 3185 4320 ὅλως
3214 4256 3390 4327 ἀληθῆ
3425 4252 3595 4318 εἶπεν,
3625 4256 3725 4325 οὐχ
3752 4255 3951 4325 ὑϐρίζει

2383 4344 2482 4413 τῆς
2539 4343 2797 4411 ἀληθείας
2847 4343 2947 4413 τὴν
3000 4344 3319 4410 ἀπολογίαν,
3376 4342 3511 4396 άλλά
3566 4342 3952 4413 καταλιμπάνει

2385 4431 2555 4499 αὐτὴν
2584 4430 2957 4493 ἀνεξέταστον.
2988 4433 3099 4484 Οὐκ
3123 4428 3263 4484 εἷπε·
3299 4431 3407 4484 Καὶ
3427 4430 3719 4502 ἐπιστεύθη
3738 4435 3950 4495 ἐκεῖνος,

2386 4519 2549 4587 ἤγουν
2578 4520 2605 4570 6
2636 4517 2779 4586 δφις,
2816 4518 2953 4587 ὑπὲρ
2983 4517 3114 4585 ἐμές
3164 4518 3558 4587 Ἑπηγγείλατο
3590 4519 3843 4583 ίσοθεῖαν,
3866 4519 3950 4571 καὶ

2387 4604 2713 4675 προεξένησε
2759 4603 3006 4658 θάνατον.
3046 4605 3183 4656 Ἀλλ’
3229 4606 3290 4658 οὐ
3337 4606 3512 4676 κρίνει
3557 4606 3779 4669 εὐθέως,
3827 4606 3949 4659 ἀλλά

2388 4692 2585 4762 μᾶλλον
2610 4692 2685 4755 ὡς
2709 4691 3095 4763 ἀσθενεστέρου
3120 4692 3345 4756 σκεύους
3372 4694 3645 4762 ἐφείσατο.
3674 4695 3768 4748 καὶ
3797 4696 3951 4767 χωρεῖ

2386 4780 2477 4831 ἐπὶ
2504 4780 2595 4833 τὸν
2626 4781 2769 4848 ὅφιν,
2820 4779 2909 4832 ⁶ίνα
2950 4780 3114 4850 πείσῃ
3153 4780 3403 4833 κάκεῖνον
3438 4781 3714 4849 κάκείνην,
3751 4783 3833 4835 δτι
3868 4782 3950 4835 ἐπὶ

2382 4867 2475 4921 τόν
2505 4869 2676 4921 αῐτιον
2716 4870 2904 4937 χωρεῖ,
2936 4869 3028 4920 καί
3060 4884 3194 4937 φησι
3220 4885 3233 4898 ·
3266 4869 3386 4921 Ὀτι
3428 4867 3603 4921 τοῦτο
3647 4870 3948 4935 ἐποίησας.

2386 4952 2537 5019 Εἶδες
2571 4957 2884 5026 θαυμαστὸν
2916 4958 3142 5027 κριτήν;
3181 4956 3320 5018 Τοὺς
3349 4956 3726 5024 ἀπατηθέντας
3762 4960 3949 5029 ἐρωτᾷ.

2384 5043 2475 5095 τὸν
2525 5045 2883 5112 ἀπατήσαντα
2944 5043 3044 5095 οὐκ
3095 5044 3294 5112 ἐρωτᾷ.
3364 5042 3439 5095 Οὐ
3491 5042 3636 5109 λέγει
3674 5045 3844 5114 αὐτῷ,
3892 5042 3948 5099 Τί

2384 5130 2684 5200 ἐποίησας;
2735 5128 2873 5189 ἀλλ’,
2937 5128 3171 5195 Ἐπειδὴ
3216 5128 3392 5182 τοῦτο
3438 5129 3755 5197 ἐποίησας.
3809 5130 3948 5185 Κατά

2382 5218 2588 5286 ταύτην
2615 5218 2713 5287 τὴν
2748 5216 2929 5269 είκόνα
2969 5217 3133 5269 Δαυῖδ
3156 5216 3325 5284 λέγει.
3362 5218 3485 5271 οὐκ
3510 5220 3947 5284 ἀναστήσονται

2383 5304 2621 5368 ἀσεϐεῖς
2646 5304 2716 5356 ἐν
2744 5303 2967 5370 κρίσει·
3002 5304 3099 5373 οὐχ
3131 5304 3213 5357 ὅτι
3240 5304 3337 5357 οὐκ
3367 5305 3689 5376 ἐγείρονται,
3725 5308 3841 5360 ἀλλ’
3875 5306 3946 5357 ὅτι

2383 5394 2482 5445 οὐκ
2516 5392 2878 5459 ἐξετάζονται.
2915 5391 3148 5458 Ἐπειδὴ
3180 5391 3353 5445 τοῦτο
3382 5394 3694 5461 ἐποίησας.
3733 5395 3796 5448 Ἥ
3827 5393 3947 5463 πρὸς

2382 5483 2472 5535 τὸν
2498 5482 2620 5549 ὅφιν
2652 5480 2850 5550 ἀπειλὴ
2896 5478 3152 5547 ἐκούφισε
3194 5478 3293 5542 τὰς
3336 5480 3549 5551 πληγάς
3592 5482 3699 5535 τῶν
3748 5482 3946 5549 ἀπατη-

2385 5569 2603 5622 θέντων.
2636 5569 2696 5621 Εἰ
2727 5567 2821 5639 μὴ.
2858 5568 3044 5637 φησὶν,
3076 5566 3268 5637 ἐκείνῳ
3289 5568 3318 5620 6
3345 5566 3478 5632 Θεὸς
3504 5568 3818 5640 ἐπέγραψεν
3837 5569 3941 5630 ὅλα,

2381 5659 2481 5712 οὐκ
2510 5660 2575 5712 ἂν
2606 5657 2979 5721 ἀνεξετάστως
3026 5656 3187 5711 αὐτόν
3219 5656 3453 5728 ἔκρινεν.
3506 5656 3738 5724 Ἐπειδὴ
3786 5658 3944 5713 τοῦτο

2380 5748 2694 5814 ἐποίησας,
2724 5745 3154 5814 ἐπικατάρατος
3188 5746 3270 5799 σὺ
3297 5746 3418 5801 ἀπὸ
3445 5743 3686 5798 πάντων
3713 5745 3831 5800 τῶν
3856 5750 3943 5812 θη-

2376 5838 2523 5908 ρίων
2553 5834 2664 5905 τῆς
2709 5834 2841 5906 γῆς.
2883 5832 3016 5890 ἐπὶ
3049 5833 3129 5901 τῷ
3156 5834 3365 5904 στήθει
3394 5833 3495 5889 καί
3521 5831 3595 5905 τῆ
3629 5837 3826 5905 κοιλίᾳ
3851 5847 3942 5890 sc-
