4102 6514
216 482 334 538 493

239 588 311 642 la.
342 586 495 654 Quod
526 602 631 642 non
663 596 781 642 erat
827 588 955 644 fecit
985 630 999 655 ,
1051 604 1227 643 annon
1258 601 1465 660 partem
1494 592 1613 661 ejus
1653 591 1829 647 facere

238 677 481 746 poterit?
511 678 750 732 Instant:
779 689 833 732 at
863 695 1148 748 numquam
1196 681 1334 735 Deus
1366 691 1571 749 partem
1626 682 1832 735 anima-

240 768 305 821 lis
342 771 497 834 facit,
542 769 671 824 nihil
703 771 1072 839 imperfectum
1098 771 1221 825 facit
1248 773 1406 827 Deus.
1430 774 1592 827 Audit
1613 774 1827 843 pellem,

238 870 294 913 et
318 861 513 928 qnzcrit
540 861 699 913 unde.
744 862 919 915 Audio
942 873 991 915 et
1020 878 1121 930 ego
1153 863 1464 930 sanguinem
1494 865 1545 915 in
1574 864 1826 933 Ᾱὲμγριςι,

235 961 290 1005 et
318 968 501 1020 quaero
527 994 541 1016 ,
594 953 731 1005 unde
760 957 980 1006 mutavit
1014 954 1186 1007 Nilum
1229 955 1279 1008 in
1312 956 1623 1021 sanguinem
1653 996 1665 1017 ,
1711 971 1828 1018 qua:

237 1043 493 1096 animalia
529 1045 803 1096 mactavit.
838 1043 1052 1097 Fluvius
1104 1046 1154 1098 in
1198 1045 1511 1113 sanguinem
1544 1051 1782 1098 mutatur
1809 1086 1823 1107 ,

234 1142 291 1186 et
325 1134 527 1187 nullum
560 1143 847 1188 mactatum
876 1144 955 1187 est
981 1135 1219 1201 animat;
1254 1134 1421 1204 pelles
1451 1134 1569 1187 dua:
1590 1135 1822 1197 fuerunt,

234 1233 291 1277 et
340 1224 530 1293 quazrit
562 1239 626 1277 ex
657 1224 846 1293 quibus
874 1225 1196 1278 animalibus
1230 1226 1483 1279 detractre
1511 1225 1678 1292 pelles
1710 1225 1824 1278 fue-

232 1319 364 1373 rint.
403 1317 597 1371 Verum
624 1317 729 1370 illic
749 1317 866 1370 sine
893 1317 1107 1370 animali
1132 1318 1304 1386 pellis.
1339 1316 1570 1370 Attende
1603 1317 1822 1381 seriem,

232 1426 431 1479 quamq
447 1425 565 1463 nam
598 1426 697 1462 vox
730 1409 956 1474 laborat,
982 1418 1035 1463 et
1067 1426 1161 1463 nos
1189 1411 1309 1479 ipsi.
1358 1411 1428 1463 At
1450 1425 1516 1462 ne
1555 1409 1734 1462 mutila
1759 1409 1827 1461 sit

231 1503 431 1565 oratio,
463 1502 647 1570 paucis
679 1502 851 1556 lenius
877 1502 1119 1571 prolatis,
1162 1502 1322 1555 finem
1346 1501 1557 1555 dicendi
1602 1500 1818 1555 faciam.

229 1591 444 1646 Censuit
468 1592 593 1663 folia
638 1594 787 1659 ﬁcus.
819 1592 1032 1648 Utinam
1067 1594 1302 1647 hmretici
1353 1594 1489 1647 hanc
1538 1602 1707 1647 artem
1737 1592 1821 1646 di-

227 1682 507 1737 dicissent!
533 1683 701 1737 Adam
734 1686 1115 1752 prrevaricatus
1137 1700 1404 1741 censuere
1435 1686 1624 1741 didicit
1660 1703 1673 1737 :
1709 1685 1818 1740 Ine-

227 1773 381 1827 retici
411 1776 651 1842 perversi
685 1775 929 1829 scindere
960 1776 1279 1831 didicerunt.
1314 1777 1482 1831 Adam
1524 1787 1821 1847 transgres-

225 1876 318 1917 sus
377 1865 627 1929 consuit,
673 1874 729 1917 ut
784 1867 1018 1919 verenda
1077 1875 1311 1934 tegeret;
1366 1867 1605 1921 haeretici
1657 1866 1815 1921 ﬁdem

224 1964 484 2023 negantes
514 1956 785 2020 scindunt,
812 1966 870 2009 nt
910 1966 1095 2009 sancta
1137 1958 1356 2012 nudent.
1385 1956 1538 2026 S'J‘pe
1570 1959 1816 2012 audimus

222 2062 344 2114 qute
368 2046 417 2098 in
435 2060 591 2100 cruce
614 2048 967 2116 contigerunt,
1002 2048 1360 2117 miranturque
1374 2049 1665 2117 sumpsisse
1687 2050 1820 2103 mili-

222 2147 307 2192 tes
338 2139 657 2192 vestimenta
688 2136 907 2201 Christi,
945 2148 1000 2192 et
1024 2139 1291 2203 divisisse,
1322 2141 1607 2209 statimque
1637 2152 1815 2195 mente

220 2228 454 2281 dicimus
486 2245 499 2279 :
532 2228 717 2296 Magna
749 2229 839 2283 Dei
892 2232 1167 2298 patientia,
1199 2230 1339 2299 quod
1389 2248 1496 2284 non
1530 2233 1811 2287 immiserit

220 2318 426 2373 fulmen
450 2362 463 2385 ,
494 2320 633 2388 quod
668 2335 770 2373 non
803 2322 1078 2374 strinxerit
1104 2322 1363 2390 gladium.
1397 2323 1500 2376 Sed
1528 2332 1811 2377 contume-

218 2412 308 2465 liis
337 2411 669 2466 afftciebatur
699 2412 928 2468 Sanctus
953 2456 965 2476 ,
995 2424 1046 2467 et
1079 2415 1314 2483 profante
1353 2431 1543 2482 manus
1571 2432 1673 2469 non
1715 2417 1812 2469 ab-

218 2502 641 2557 scindebantur?
668 2504 874 2559 Miraris
919 2507 1059 2574 quod
1090 2508 1284 2561 milites
1336 2509 1448 2559 ausi
1504 2510 1609 2561 sint
1641 2510 1806 2561 vesti-

216 2607 400 2649 menta
430 2596 707 2650 dividere?
739 2597 929 2652 Mirare
959 2600 1097 2668 quod
1132 2601 1181 2653 hi
1211 2602 1587 2654 vestimentum
1622 2602 1810 2655 Eccle-

216 2687 317 2739 sia:
368 2685 699 2739 discidcrint.
751 2686 909 2741 Certe
976 2690 1172 2743 milites
1221 2691 1331 2745 visa
1388 2692 1584 2745 Christi
1632 2693 1808 2745 tunica

217 2779 546 2842 inconsntili,
577 2794 603 2831 a
653 2794 863 2833 summo
889 2791 1133 2835 contexta
1187 2797 1282 2850 per
1313 2792 1479 2835 totum
1510 2781 1687 2853 (Joan.
1724 2784 1810 2837 I9.

214 2869 335 2938 25),
386 2870 519 2923 vesti
565 2881 961 2941 pepercerunt;
1019 2872 1250 2925 hrcretici
1305 2888 1435 2927 vero
1488 2874 1683 2928 Christi
1716 2890 1810 2929 ve-

216 2971 382 3026 stem,
418 2961 673 3015 Ecclesiaz
704 2961 1071 3016 indumentum
1124 2962 1429 3024 sciderunt,
1475 2963 1806 3027 diviserunt,

214 3054 571 3107 (lissecarunt.
602 3052 707 3107 Sed
739 3054 802 3107 ad
834 3055 1161 3123 propositttm
1193 3065 1548 3109 revertamur.
1601 3054 1809 3109 Censuit

214 3146 343 3213 folia
372 3146 520 3213 ficus.
553 3146 833 3198 Audierant
870 3144 1035 3199 Deum
1080 3145 1415 3199 ambulantem
1444 3188 1457 3211 ,
1513 3162 1702 3215 nempe
1754 3156 1810 3199 ut

212 3235 403 3287 audire
424 3235 565 3299 licet,
595 3244 640 3287 et
658 3250 710 3288 se
729 3234 1093 3287 absconderant
1116 3233 1264 3304 (ϐίη.
1283 3236 1336 3289 5.
1361 3235 1497 3302 7.8).
1534 3236 1701 3289 Proba
1730 3245 1809 3288 est

212 3336 403 3379 natura
440 3343 451 3376 :
481 3326 579 3379 etsi
627 3326 896 3380 sexcentis
928 3327 1157 3395 peccatis
1211 3327 1378 3380 simus
1409 3327 1646 3391 olmoxii,
1679 3342 1809 3379 cou-

210 3417 437 3470 scientia
494 3426 671 3471 nostra
702 3417 863 3471 libera
908 3427 1008 3472 est.
1044 3419 1316 3473 Interdum
1348 3419 1493 3473 frons
1525 3418 1805 3487 impudens

210 3520 318 3574 cst,
351 3518 405 3561 et
432 3508 758 3562 conscientia
787 3510 978 3578 arguit.
1010 3509 1277 3563 Interdum
1331 3510 1504 3578 lingua
1534 3510 1640 3562 ait:
1669 3509 1803 3574 Quid

210 3601 358 3655 enim
390 3602 647 3668 peccavi?
672 3609 725 3653 et
752 3601 1079 3654 conscientia
1109 3601 1249 3653 intns
1274 3600 1632 3669 reprehendit.
1660 3599 1801 3653 Sim-

212 3692 539 3761 plicissimus
561 3702 615 3747 et
644 3693 889 3745 sincerus
911 3704 1026 3745 erat
1051 3691 1215 3745 Adam
1252 3711 1264 3746 :
1290 3693 1456 3745 libere
1504 3691 1804 3745 confiteba-

212 3793 318 3836 tur.
354 3781 491 3835 Deus
515 3782 621 3834 ait:
651 3781 747 3835 Ubi
773 3782 867 3835 es?
892 3782 1035 3836 Multi
1066 3784 1148 3850 pie
1186 3784 1360 3835 locum
1393 3783 1802 3836 intelleXernnt:

206 3880 422 3941 Oportet
452 3882 625 3925 tamen
664 3881 911 3926 accurate
938 3874 1221 3941 inapicere.
1255 3874 1471 3927 Illorum
1515 3890 1669 3929 sensa
1700 3874 1797 3927 ad-

207 3966 367 4020 mitto
393 3974 577 4032 ulpote
606 3964 688 4032 pia
717 3982 729 4027 ;
762 3974 815 4017 et
850 3964 963 4017 hzec
993 3965 1111 4018 dico
1138 3965 1277 4032 quod
1306 3980 1430 4018 vera
1453 3966 1578 4019 sint.
1612 3966 1798 4028 Adam,

204 4060 298 4112 ubi
326 4059 420 4110 es?
450 4056 644 4111 Unde?
671 4071 775 4124 quo
823 4057 1188 4109 descendisti?
1225 4073 1288 4111 ex
1316 4073 1418 4126 qua
1451 4057 1615 4126 gloria
1659 4059 1805 4111 exci-

207 4150 377 4204 disti?
414 4148 650 4201 Admitte
694 4148 830 4201 hanc
875 4149 1261 4215 expositionem
1315 4158 1371 4201 ut
1415 4150 1575 4216 piam.
1637 4149 1803 4202 Habet

206 4246 356 4295 enim
386 4249 440 4294 et
466 4242 576 4295 veri
607 4242 860 4309 speciem,
893 4250 945 4294 et
975 4242 1277 4293 miserantis
1312 4240 1577 4294 elfectum.
1611 4243 1679 4293 At
1718 4256 1805 4293 sc-

208 4338 349 4389 riem
382 4348 581 4402 qurere.
616 4333 801 4396 Adam,
836 4333 921 4385 ubi
966 4332 1059 4384 es?
1099 4333 1393 4400 Interrogat
1435 4333 1592 4386 Deus.
1628 4332 1805 4385 Nove-

201 4436 312 4489 τειι,
343 4436 399 4482 ut
426 4425 621 4494 opifex,
656 4426 849 4493 opilicii
898 4438 1137 4478 naturam
1174 4426 1311 4494 quod
1343 4428 1580 4496 quisquis
1612 4442 1803 4495 pecca-

212 4519 379 4580 verit,
417 4516 663 4570 liduciam
689 4517 926 4581 amittat,
951 4519 1195 4587 quodque
1224 4528 1548 4571 consuantur
1575 4534 1803 4587 peccan-

209 4609 345 4658 tium
374 4621 488 4658 ora.
522 4607 991 4661 Animadvertebat
1022 4608 1139 4661 ideo
1168 4608 1388 4677 fugisse,
1420 4609 1559 4677 quod
1605 4611 1797 4662 fiducia

204 4705 439 4749 careret.
473 4696 671 4750 Servus
715 4707 820 4749 tum
850 4700 1084 4749 maxime
1116 4702 1303 4751 anxius
1332 4709 1432 4762 est,
1458 4716 1578 4752 cum
1611 4714 1799 4752 sense-

204 4790 268 4839 rit
304 4785 494 4837 herutn
526 4796 755 4854 peracta:
801 4789 876 4840 rei
910 4802 1128 4855 gnarum
1159 4803 1279 4841 esse
1328 4804 1338 4837 :
1374 4788 1625 4855 quamdiu
1658 4790 1799 4856 igno-

204 4888 285 4931 rat
336 4876 520 4940 lterns,
552 4878 782 4945 scipsum
834 4880 1157 4942 consolatur,
1191 4888 1246 4930 ut
1288 4880 1372 4946 qui
1409 4879 1570 4932 latere
1598 4881 1797 4948 possit.

205 4970 382 5024 Adam
430 4967 663 5036 fugiebat
711 4979 767 5021 nt
808 4969 1213 5036 deprehensus:
1249 4970 1389 5022 Deus
1450 4970 1801 5038 ignorantiam

206 5059 501 5115 simulabat
526 5100 539 5122 ,
569 5066 625 5110 ut
653 5071 849 5112 metum
882 5061 998 5125 ejus
1046 5060 1317 5125 solveret;
1348 5070 1403 5112 ut
1453 5074 1549 5112 nos
1574 5060 1802 5114 dicimus

205 5156 271 5209 de
296 5153 474 5205 amico
501 5169 512 5202 :
549 5150 794 5217 lgnorare
825 5167 909 5203 me
955 5151 1196 5204 simulavi
1224 5193 1237 5214 ,
1287 5166 1354 5205 ne
1405 5152 1475 5204 illi
1505 5152 1802 5205 molestiam

205 5260 472 5299 crearent.
508 5243 629 5295 llarc
651 5242 791 5295 enim
824 5259 964 5311 smpc
990 5244 1129 5311 apud
1161 5258 1256 5296 nos
1286 5244 1625 5311 contingunt.
1652 5244 1803 5308 Quod

206 5339 247 5390 si
280 5335 425 5407 apud
462 5352 555 5388 nos
581 5336 690 5386 lucc
726 5333 1010 5397 accidunt,
1046 5335 1211 5387 multo
1262 5336 1427 5404 magis
1472 5335 1607 5401 apud
1637 5336 1801 5387 Deum

206 5427 712 5481 clementissimum.
771 5423 972 5487 Adam,
1006 5427 1089 5477 ubi
1114 5427 1204 5479 es?
1235 5442 1296 5481 ac
1337 5428 1379 5478 si
1438 5426 1662 5487 diceret,
1705 5425 1806 5479 Ne-

206 5519 342 5570 scio.
380 5516 514 5568 Tum
548 5517 652 5568 Deo
685 5530 738 5568 se
762 5515 964 5567 nescire
995 5517 1298 5581 simulante,
1332 5519 1528 5585 prolms
1560 5518 1801 5585 liberque

208 5612 423 5662 animus
448 5622 551 5659 non
578 5607 769 5664 celavit
802 5624 813 5658 :
868 5605 1045 5657 Vocem
1070 5617 1206 5658 tuam
1235 5610 1407 5660 audiri
1437 5619 1480 5661 et
1526 5610 1706 5673 timui,
1738 5625 1793 5660 eo

208 5703 343 5767 quod
372 5698 538 5753 nudus
566 5716 744 5759 essent,
776 5709 822 5752 et
864 5716 939 5751 me
972 5701 1213 5751 abscondi
1244 5702 1260 5768 (
1288 5700 1416 5755 Gen.
1447 5702 1499 5753 5.
1532 5702 1640 5769 10).
1698 5702 1803 5754 Cur

213 5792 435 5847 timuisti
460 5791 483 5846 ?
510 5807 606 5845 cur
646 5801 696 5844 te
724 5790 1046 5843 abscondisti
1064 5788 1086 5841 ’Ξ
1113 5789 1285 5841 Timui
1319 5792 1389 5843 ob
1428 5792 1806 5862 transgressio-

216 5900 335 5941 nem
368 5900 383 5938 :
415 5899 502 5940 me
530 5881 782 5937 abscondi
826 5881 894 5935 ob
927 5881 1239 5935 nuditatem.
1272 5880 1411 5937 Vere
1434 5893 1803 5954 transgresso~

1286 480 1373 535 DE
1412 480 1620 536 MUNDI
1659 479 2055 535 CREATIONE
2095 480 2351 537 ORATIO
2389 481 2473 536 VI.

3416 494 3531 549 494

1944 592 2017 644 ris
2047 607 2147 645 vox
2170 592 2437 664 lacrymas
2482 604 2678 650 movet.
2735 597 2917 653 Vocem
2965 607 3105 655 tuam
3148 601 3342 668 audivi,
3378 605 3522 660 illam

1940 680 2370 749 desiderabilem,
2398 685 2540 739 illam
2570 702 2688 757 quae
2731 689 2857 744 mihi
2897 693 3072 744 omnia
3099 692 3285 761 largita
3316 703 3418 758 est,
3452 694 3519 748 il-

1938 772 2038 825 lam
2069 789 2184 841 quzc
2216 775 2345 828 mihi
2392 775 2526 829 bona
2557 780 2782 833 contulit
2830 791 2883 834 et
2913 792 3130 850 operata
3177 792 3279 837 e~t.
3332 785 3520 838 Audivi

1935 880 2102 916 vocem
2134 874 2293 917 tuam.
2337 866 2574 936 Cogitavi
2605 871 2814 937 qualem
2865 887 3047 925 vocem
3098 874 3275 943 reSpui
3302 916 3317 941 ,
3365 892 3521 945 quam

1933 972 2117 1010 vocem
2172 956 2389 1025 despexi
2424 975 2436 1010 ;
2471 969 2523 1012 et
2572 960 2743 1025 timui,
2791 962 2913 1015 talis
2968 963 3179 1016 Domini
3212 966 3518 1019 mandatum

1935 1060 2322 1117 transgressus,
2358 1061 2412 1105 et
2456 1067 2544 1106 me
2570 1053 2847 1117 abscondi,
2885 1070 2948 1106 eo
2978 1055 3117 1124 quod
3176 1057 3347 1109 nudus
3391 1058 3515 1110 sim.

1934 1140 2142 1194 Exinde
2169 1141 2305 1196 Deus
2348 1158 2570 1198 monere
2603 1146 2805 1214 pergit:
2834 1147 2959 1212 Quis
2987 1148 3224 1201 indicavit
3266 1150 3352 1203 tibi
3380 1151 3517 1214 quod

1932 1232 2098 1283 nudus
2128 1248 2277 1292 esses,
2312 1234 2409 1285 nisi
2438 1236 2571 1302 quod
2598 1251 2659 1287 ex
2686 1237 2823 1304 ligno
2866 1237 2928 1290 de
2963 1254 3060 1301 quo
3109 1246 3217 1291 solo
3266 1257 3516 1308 pra-cepe-

1930 1336 2043 1371 ram
2073 1321 2163 1373 tilri
2207 1338 2267 1374 ne
2292 1324 2578 1377 comederes
2603 1366 2617 1387 ,
2672 1327 2934 1380 comedisti
2964 1326 3111 1398 (Gen.
3151 1330 3202 1384 '5.
3247 1330 3382 1400 ll)?
3414 1330 3512 1385 hoc

1930 1420 2028 1472 est,
2060 1410 2164 1463 Nisi
2197 1412 2348 1479 plane
2382 1415 2481 1466 hoc
2506 1416 2742 1481 fecisses,
2775 1418 2913 1484 quod
2945 1418 3352 1485 prohibueram?
3382 1422 3512 1475 Vide

1928 1502 2198 1569 quomodo
2223 1504 2520 1557 sciscitatur
2548 1519 2611 1558 ac
2641 1505 2684 1558 si
2718 1507 2985 1561 nesciret:
3010 1508 3115 1561 Nisi
3157 1510 3295 1577 quod
3328 1525 3390 1562 ex
3425 1510 3509 1561 illa

1926 1592 2136 1655 arbore,
2166 1592 2232 1646 de
2260 1608 2361 1661 qua
2394 1608 2747 1663 przeceperam
2781 1595 2871 1648 tibi
2902 1612 2968 1650 ne
3004 1598 3334 1661 comederes,
3364 1613 3510 1651 com-

1924 1680 2109 1735 edisti?
2136 1684 2201 1735 At
2240 1683 2358 1736 vide
2386 1685 2476 1738 Dei
2510 1685 2904 1753 benignitatem.
2947 1686 3071 1751 Quis
3094 1687 3331 1739 indicavit
3374 1688 3505 1741 tibif

1932 1772 2057 1828 Ideo
2082 1775 2404 1845 colloquium
2436 1777 2697 1850 producit,
2723 1786 2779 1831 ut
2806 1789 3003 1831 metum
3033 1779 3205 1831 solvat
3229 1821 3243 1843 ,
3288 1788 3342 1833 et
3371 1777 3509 1833 [ΜΠ-ο

1924 1866 2060 1919 ciam
2089 1869 2300 1920 excitet.
2334 1866 2611 1937 Cogitabat
2637 1868 2777 1922 enim
2808 1869 2975 1922 Adam
3010 1871 3138 1923 nihil
3184 1871 3251 1924 ibi
3290 1870 3505 1933 durum,

1926 1959 2058 2011 nihil
2099 1974 2345 2027 asperum
2394 1975 2544 2023 esse,
2593 1976 2697 2013 non
2727 1962 3142 2027 contumeliam,
3172 1977 3275 2015 non
3308 1963 3508 2030 plagas.

1924 2046 2098 2101 Habes
2150 2048 2451 2117 magistram
2480 2050 2940 2103 consuetudinem.
2965 2051 3161 2105 Servus
3188 2053 3274 2120 qui
3322 2067 3507 2120 peccas

1922 2140 2015 2201 vit,
2046 2140 2087 2190 si
2122 2138 2309 2192 herum
2329 2140 2501 2203 adeat,
2536 2156 2563 2192 a
2593 2140 2758 2209 prima
2793 2156 2924 2194 voce
2974 2150 3063 2193 aut
3116 2141 3361 2195 lidnciam
3415 2151 3504 2193 aut

1925 2242 2125 2287 metum
2159 2233 2401 2287 assumit.
2439 2232 2492 2287 Si
2525 2234 2611 2287 ille
2638 2232 2899 2303 indignari
2934 2234 3193 2300 cmperit,
3225 2232 3506 2299 furemquo

1920 2324 2091 2386 illum,
2128 2322 2541 2385 fraudulentum,
2574 2325 2822 2393 milleque
2850 2323 3112 2377 mortibus
3151 2322 3367 2392 dignum
3406 2337 3502 2390 ap-

1918 2415 2145 2483 pellarit,
2178 2416 2356 2467 animo
2386 2414 2597 2479 deficit;
2631 2416 2711 2468 sin
2760 2415 2905 2468 illum
2959 2414 3370 2483 exprobrantem
3402 2428 3499 2465 au-

1916 2508 2045 2570 diat,
2078 2507 2254 2567 Miser,
2289 2522 2387 2560 cur
2416 2507 2514 2560 hoc
2546 2508 2751 2561 fecisti?
2788 2524 2881 2561 cur
2910 2506 3181 2577 peccasti?
3212 2506 3389 2559 statim
3418 2520 3504 2556 re-o

1916 2607 2134 2662 sumpto
2165 2598 2347 2650 animo
2376 2597 2598 2650 conlidit
2627 2615 2639 2649 :
2667 2612 2837 2665 neque
2879 2598 3021 2651 enim
3048 2608 3102 2649 ιιι
3135 2597 3297 2650 herus
3330 2596 3499 2664 punit.

1916 2687 2008 2742 sed
2037 2699 2091 2739 ut
2119 2688 2373 2757 magister
2400 2699 2600 2740 monet.
2627 2688 2715 2742 Sic
2746 2690 2885 2742 Dens
2910 2708 2921 2741 :
2949 2689 3074 2754 Quis
3093 2688 3221 2741 dixit
3251 2687 3337 2739 tibi
3368 2690 3500 2755 quod

1920 2778 2087 2829 nudus
2115 2794 2266 2841 esses,
2307 2779 2404 2831 nisi
2433 2779 2567 2845 quod
2594 2778 2655 2831 de
2704 2778 2873 2848 ligno,
2909 2780 2971 2832 de
3014 2795 3113 2848 quo
3162 2794 3497 2848 praeceperant

1916 2870 2007 2921 tibi
2034 2886 2094 2922 ne
2141 2872 2445 2935 comederes,
2495 2870 2803 2923 comedisti?
2842 2869 2977 2923 Num
3014 2871 3176 2923 multa
3207 2870 3447 2939 prohibui
3476 2870 3494 2921 ἓ

1921 2959 2091 3013 Unum
2124 2961 2410 3029 prohibui,
2457 2962 2611 3029 idque
2662 2976 2763 3013 non
2807 2962 2879 3014 tui
2906 2963 3049 3025 odio,
3090 2962 3183 3015 sed
3229 2962 3369 3031 quod
3404 2962 3496 3015 tibi

1917 3053 2299 3119 prospicerem.
2347 3052 2471 3117 Quis
2502 3054 2589 3105 tibi
2617 3054 2893 3113 indicavit,
2937 3054 3072 3122 quod
3120 3054 3283 3106 nudus
3322 3053 3498 3106 esses!

1913 3142 2055 3196 Nihil
2088 3143 2422 3210 impudenter
2455 3144 2728 3213 respondit
2758 3162 2772 3197 :
2803 3159 2910 3196 non
2942 3144 3108 3208 dixit,
3158 3144 3493 3203 Nesciebam.

1912 3234 2047 3301 Quid
2090 3234 2257 3303 ergo?
2305 3234 2527 3297 Mulier,
2570 3252 2718 3306 quam
2780 3236 2963 3288 dedisti
3007 3236 3161 3299 mihi,
3206 3236 3311 3287 Itwc
3357 3235 3495 3287 dedit

1912 3328 2055 3392 milii,
2085 3337 2129 3379 et
2151 3329 2342 3379 comedi
2366 3326 2516 3393 (Gen.
2549 3327 2601 3380 5.
2630 3326 2744 3392 12):
2771 3342 2832 3379 ac
2862 3330 2903 3378 si
2931 3327 3150 3391 diceret,
3198 3329 3326 3389 Quae
3373 3325 3494 3378 data

1914 3420 2040 3473 mihi
2074 3428 2221 3481 erat,
2254 3430 2307 3470 ut
2335 3419 2630 3486 adjuvaret.
2688 3419 2876 3471 Audivi
2915 3419 3053 3470 enim
3086 3433 3204 3471 cum
3237 3416 3495 3471 formatus

1911 3528 2086 3565 essem
2113 3552 2124 3571 ,
2175 3522 2227 3564 et
2256 3512 2339 3563 illa
2384 3511 2614 3564 nondum
2664 3520 2846 3573 esset,
2874 3510 3138 3563 dicentem
3172 3527 3186 3562 :
3222 3507 3498 3562 Faciamus

1912 3604 1988 3655 illi
2035 3605 2318 3673 adjutorem
2346 3604 2560 3655 similem
2589 3604 2633 3656 ei
2662 3601 2813 3672 (Gen.
2845 3601 2898 3654 2.
2934 3602 3043 3668 15).
3080 3600 3205 3654 Ηαισ
3225 3617 3375 3670 quam
3403 3601 3494 3652 dc-

1912 3694 2031 3747 :listi
2060 3696 2203 3758 mihi,
2237 3696 2372 3747 dedit
2414 3696 2558 3747 mihi.
2584 3694 2696 3748 Non
2727 3693 2879 3759 dixit,
2918 3693 3152 3763 Decepit,
3190 3709 3314 3757 non,
3348 3692 3493 3746 Men-

1911 3786 2005 3839 tita
2036 3798 2109 3840 est
2143 3805 2155 3839 :
2200 3785 2323 3839 Ηω(
2346 3787 2467 3837 milii
2489 3786 2644 3846 dedit,
2670 3796 2713 3838 et
2739 3785 2951 3839 comedi.

1983 3880 2034 3932 8.
2082 3878 2215 3931 Tum
2253 3878 2741 3945 Dens:0portebat
2778 3887 2827 3931 te
2883 3876 3032 3931 uxori
3087 3874 3308 3930 credere
3334 3915 3349 3939 ,
3387 3888 3491 3927 non

1912 3970 2080 4022 mihi?
2112 3984 2235 4020 num
2262 3967 2363 4021 lide
2394 3968 2604 4036 dignior
2628 3984 2711 4020 me
2739 3968 2974 4019 mulier"
3003 3966 3113 4034 Ego
3136 3965 3273 4018 bona
3308 3964 3491 4027 ll‘lblll,

1910 4075 2009 4128 ego
2043 4070 2090 4113 te
2113 4059 2270 4113 rebus
2301 4058 2429 4126 ipsis
2454 4057 2708 4111 honoravi
2741 4075 2754 4111 :
2790 4058 2875 4110 illa
2921 4058 3097 4110 verbis
3126 4056 3399 4109 inescavit.
3432 4055 3496 4107 lit

1910 4152 2031 4204 vide
2058 4169 2069 4203 :
2103 4160 2159 4201 ut
2205 4151 2367 4217 judex
2398 4158 2614 4219 accepta
2647 4150 2992 4202 excusatione
3019 4148 3118 4211 rei,
3148 4148 3190 4198 si
3221 4163 3325 4199 non
3358 4146 3494 4198 ultra

1910 4240 2295 4293 cxaminaverit
2323 4240 2492 4297 illum.
2540 4239 2633 4293 sed
2666 4239 2934 4292 transierit
2962 4238 3025 4290 ad
3077 4238 3239 4290 alium
3267 4278 3283 4303 ,
3312 4237 3490 4289 statim

1910 4346 2033 4385 rcus
2064 4346 2182 4384 cum
2216 4330 2405 4383 ﬁducia
2435 4330 2583 4395 dicit,
2618 4329 2833 4384 Interim
2879 4345 2978 4398 ego
3032 4344 3255 4383 examen
3307 4327 3442 4381 subii
3474 4344 3489 4379 :

1909 4424 1985 4477 sic
2017 4434 2069 4477 et
2093 4423 2231 4476 Dens
2262 4423 2328 4475 ab
2360 4422 2561 4475 Adamo
2584 4423 2792 4487 transit,
2827 4431 2885 4474 nt
2915 4424 3029 4488 ejus
3052 4432 3249 4475 metum
3281 4419 3486 4482 solvat,

1909 4526 1961 4568 et
1997 4515 2203 4567 mulieri
2233 4514 2380 4576 dicit,
2415 4513 2630 4566 Cur/ioc
2660 4513 2868 4581 fecisti?
2896 4513 3024 4575 Qua:
3040 4512 3300 4579 respondit
3324 4526 3342 4563 :
3370 4509 3495 4562 Ser-

1909 4623 2029 4676 pens
2059 4606 2257 4658 seduxit
2307 4622 2412 4668 me,
2456 4615 2499 4657 et
2526 4604 2718 4656 comedi
2753 4603 2904 4671 (Gen.
2936 4604 2989 4656 3.
3021 4602 3134 4670 15).
3185 4600 3315 4665 Quia
3368 4614 3493 4653 vera

1907 4698 2059 4757 dixit,
2086 4710 2264 4747 veram
2315 4694 2454 4747 Dens
2485 4694 2853 4747 delensionem
2909 4706 3015 4745 non
3058 4692 3320 4760 vituperat
3349 4731 3363 4755 ,
3397 4690 3492 4742 sed

1911 4790 2025 4842 sine
2058 4786 2294 4841 ulteriori
2326 4788 2571 4841 examine
2595 4786 2847 4856 relinquit
2867 4800 3005 4839 eam.
3044 4784 3155 4838 Non
3188 4784 3321 4836 dixit
3352 4799 3367 4837 τ
3396 4782 3494 4836 Er-

1908 4895 2043 4948 gone
2071 4879 2157 4933 ille
2184 4921 2198 4945 ,
2233 4879 2435 4932 scilicet
2464 4893 2686 4946 serpens
2714 4918 2727 4943 ,
2769 4892 2856 4931 me
2896 4875 2999 4929 fide
3050 4875 3256 4945 dignior
3284 4873 3495 4926 habitus

1909 4972 2031 5026 est?
2060 4971 2311 5024 Promisit
2338 4970 2696 5037 mqualilatem
2729 4983 2848 5021 cum
2884 4968 3013 5031 Deo,
3039 4975 3091 5021 et
3120 4973 3343 5019 mortem
3372 4978 3495 5030 pro—

1910 5065 2133 5119 curavit.
2168 5063 2366 5117 Verum
2397 5079 2500 5115 non
2528 5062 2706 5115 statim
2754 5060 2979 5129 judicat,
3014 5059 3107 5112 sed
3144 5058 3191 5111 ei
3242 5066 3301 5108 ut
3341 5054 3490 5108 infir-

1911 5156 2064 5210 miori
2097 5157 2205 5207 vasi
2240 5156 2407 5223 magis
2436 5155 2712 5222 pepercit;
2745 5159 3156 5219 serpentcmqne
3186 5147 3387 5209 adivit,
3437 5154 3496 5200 ut

1910 5256 1963 5299 et
1990 5246 2104 5297 viro
2134 5255 2186 5298 et
2212 5245 2423 5298 mulieri
2453 5242 2819 5312 persuaderet,
2851 5254 2907 5292 se
2925 5251 3198 5293 auctorem
3224 5237 3493 5290 aditurum

1910 5349 2069 5397 esse;
2104 5335 2303 5402 aitque,
2335 5334 2462 5397 Quia
2488 5333 2580 5384 hoc
2606 5331 2784 5399 fecisti.
2817 5330 2999 5383 Viden‘
3018 5331 3207 5382 mirum
3238 5328 3496 5397 iudicem?

1912 5425 2179 5492 Deceptos
2210 5426 2517 5491 interrogat,
2542 5422 2884 5491 deceptorem
2910 5437 3083 5475 secus.
3108 5421 3220 5474 Non
3249 5422 3295 5473 ei
3319 5421 3449 5474 dicit
3480 5460 3495 5481 ,

1911 5517 2046 5583 Quid
2092 5516 2453 5580 fecisti?sed,
2510 5515 2644 5578 Quia
2704 5516 2796 5567 hoc
2847 5516 3030 5585 fecisti.
3082 5515 3280 5569 Eodem
3339 5514 3498 5567 modo

1912 5608 2074 5662 David
2105 5608 2231 5661 dicit
2258 5650 2270 5670 ,
2309 5605 2428 5659 Non
2454 5618 2713 5674 resurgent
2762 5609 2909 5676 impii
2934 5609 2985 5659 in
3001 5608 3199 5676 judicio
3233 5607 3404 5677 (Psal.
3437 5609 3489 5660 1.

1912 5701 2002 5768 5);
2034 5715 2138 5753 non
2169 5700 2289 5770 quia
2319 5714 2423 5751 non
2458 5707 2741 5768 resnrgent
2766 5740 2778 5759 ,
2828 5699 2920 5752 sed
2949 5700 3068 5767 quia
3086 5716 3198 5753 non
3227 5700 3499 5753 exmoina-

1912 5792 2129 5844 buntur.
2172 5790 2301 5854 Quia
2328 5792 2421 5841 hoc
2450 5790 2635 5857 fecisti.
2671 5788 2874 5843 Inllicta
2909 5792 3141 5857 serpenti
3199 5804 3373 5857 pinna,
3399 5804 3496 5841 ee—

1915 5901 2032 5940 rum
2062 5900 2194 5956 quos
2222 5884 2503 5939 scduxerat
2533 5900 2717 5956 pinnas
2745 5885 2974 5940 leviores
3001 5883 3199 5939 effecit.
3239 5884 3377 5952 Nisi,
3419 5884 3499 5944 ἰιι-
