4102 6506
667 432 781 488 495

661 537 794 606 quit,
833 535 970 587 Deus
995 530 1169 585 omnia
1201 531 1273 584 illi
1299 528 1689 598 adscripsisset,
1713 539 1816 578 non
1839 525 1954 578 sine
1990 527 2239 580 examine

664 625 984 681 Sententiam
1019 624 1244 676 tulisset.
1271 621 1403 688 Quia
1430 621 1524 673 Iroc
1551 619 1726 689 fecisti,
1754 617 2051 670 maledictus
2073 632 2123 669 es
2154 633 2242 668 su-

666 733 753 786 per
771 731 942 768 omnes
969 715 1151 768 bestias
1179 723 1350 767 terrm.
1378 711 1548 780 Super
1570 719 1741 778 pectus
1772 720 1911 760 tuum
1949 719 1993 760 et
2023 716 2242 761 ventrem

660 806 905 875 gradieris
957 799 1105 867 (Gen.
1135 801 1186 854 5.
1225 800 1330 870 14).
1359 801 1501 866 Quia
1529 800 1625 851 ltoc
1662 798 1834 867 fecisti
1872 798 2033 864 :quia
2078 795 2242 850 Corde

659 896 887 964 cepisti,
925 908 988 948 ac
1030 892 1201 947 ventri
1228 902 1286 946 ut
1313 891 1491 946 cibum
1521 897 1757 960 gustaret
1784 888 2020 953 suasisti,
2071 886 2240 955 Super

658 996 829 1054 pectus
874 997 921 1038 et
971 995 1187 1037 uentrem
1214 982 1485 1053 gradieris.
1535 980 1650 1034 Non
1677 980 1817 1048 quod
1867 989 1990 1033 ante
2019 978 2239 1047 pedibus

656 1078 726 1129 sit
756 1090 901 1138 usus.
926 1075 1166 1129 decernit
1193 1073 1330 1127 Deus
1372 1083 1425 1126 ut
1457 1086 1617 1141 super
1643 1081 1888 1126 ventrem
1931 1071 2235 1140 gradiatur,

655 1167 747 1220 sed
767 1168 887 1236 quia
917 1177 1126 1220 erectus
1151 1166 1425 1219 mulierem
1455 1166 1758 1234 alloquutus
1783 1174 1916 1219 erat.
1949 1164 2060 1217 Non
2092 1164 2235 1216 enim

657 1268 863 1326 poterat
889 1259 991 1311 alio
1013 1257 1168 1311 modo
1191 1272 1310 1310 cum
1331 1257 1440 1310 Eva
1468 1255 1788 1324 colloquium
1819 1256 2069 1308 miscere.
2091 1253 2240 1307 Allo-

653 1349 846 1418 queudi
883 1348 1135 1410 formam,
1159 1364 1260 1417 qua
1292 1347 1453 1400 Evam
1484 1345 1788 1409 seduxerat,
1832 1343 2111 1413 gradiendi
2144 1357 2236 1396 su-

659 1455 753 1509 per
780 1449 963 1508 pectus
1005 1454 1160 1508 poma
1187 1438 1443 1507 castigat,
1475 1445 1528 1489 et
1556 1452 1583 1489 a
1615 1436 1903 1490 constituto
1950 1432 2233 1488 incedendi

653 1530 813 1583 modo
837 1529 999 1598 ejicit.
1027 1529 1139 1582 Etsi
1167 1530 1306 1582 enim
1339 1528 1457 1582 sine
1487 1528 1710 1595 pedibus
1748 1541 1775 1578 a
1830 1526 2090 1594 principio
2123 1524 2234 1577 for-

654 1631 826 1675 matus
857 1630 1008 1687 erat,
1049 1629 1104 1673 at
1133 1619 1355 1690 agilibus
1407 1619 1722 1689 quibusdam
1769 1617 2233 1672 convolutionibus

649 1725 882 1778 erectus,
902 1723 1125 1768 extenso
1150 1723 1365 1781 pectore
1389 1711 1537 1782 quasi
1572 1710 1862 1780 equitabat.
1895 1708 2043 1764 Unde
2069 1710 2229 1762 etiam

653 1820 793 1858 nunc
819 1818 1042 1872 serpens
1067 1803 1230 1855 iratus
1258 1817 1402 1870 saepe
1428 1802 1660 1868 seipsurn
1683 1801 1860 1868 erigit,
1895 1808 1949 1852 et
1980 1799 2029 1852 in
2060 1798 2232 1852 circu-

649 1896 752 1948 lum
773 1894 1088 1949 convolutos
1104 1895 1298 1946 currit:
1321 1907 1632 1962 progressus
1645 1900 1817 1945 autem
1832 1900 2083 1959 quantum
2101 1889 2231 1943 satis

648 1995 754 2048 est,
786 1994 841 2039 ut
862 1986 1062 2054 antiqui
1085 1999 1298 2055 gressus
1327 1982 1540 2037 refricet
1563 1983 1897 2045 memoriam,
1927 1996 2138 2034 rursum
2163 1995 2230 2034 ex

645 2077 922 2131 scntentiw
944 2077 1057 2145 lege
1085 2075 1458 2144 prosternitur.
1492 2073 1554 2126 Et
1581 2083 1763 2126 terram
1793 2072 2017 2126 comedes
2037 2072 2230 2124 cunctis

645 2168 818 2222 diebus
848 2169 961 2221 vitm
993 2179 1110 2221 ture.
1132 2167 1436 2220 Inimicitias
1464 2182 1645 2236 ponam
1675 2167 1803 2218 inter
1831 2175 1877 2218 te
1902 2174 1946 2217 et
1971 2164 2230 2216 mulierem

647 2258 800 2327 (Gen.
824 2260 876 2312 3.
900 2258 1008 2330 15).
1035 2260 1170 2327 Quid
1199 2259 1298 2313 sibi
1325 2259 1458 2322 vult,
1485 2257 1694 2311 Terram
1718 2257 1984 2311 camertes?
2011 2256 2064 2310 ld
2087 2255 2227 2326 quod

646 2351 906 2404 Adatnum
931 2351 1042 2404 fore
1065 2351 1358 2420 procurasti
1388 2392 1402 2416 ,
1433 2351 1533 2404 hoc
1572 2350 1746 2419 ipsum
1787 2348 2031 2404 comede.
2065 2348 2230 2402 Audi-

645 2451 799 2495 turus
826 2443 968 2496 enim
995 2443 1084 2496 ille
1111 2453 1194 2497 est
1224 2461 1236 2495 :
1275 2443 1432 2496 Terra
1453 2459 1524 2507 es,
1566 2453 1611 2495 et
1633 2444 1683 2494 in
1715 2452 1900 2495 terram
1942 2442 2221 2495 reverteris.

644 2533 946 2586 Inimicitias
981 2549 1160 2602 ponam
1182 2535 1311 2586 inter
1338 2543 1387 2586 te
1420 2543 1465 2587 et
1493 2534 1750 2586 mulierem
1803 2530 1951 2603 (Gen.
2007 2532 2060 2587 ὅ.
2114 2532 2220 2598 19).

643 2627 775 2696 Quia
805 2627 1049 2680 simulata
1095 2626 1328 2680 amicitia
1356 2625 1637 2690 seduxisti,
1668 2634 1935 2693 tamquam
1979 2623 2227 2679 inimicus

642 2717 872 2785 ejiceris.
901 2716 1092 2771 Sermo
1121 2717 1217 2770 iste
1251 2718 1302 2770 in
1328 2717 1495 2785 legem
1527 2717 1751 2770 transiit.
1777 2715 2006 2770 Attende
2033 2716 2221 2783 igitur:

656 2807 867 2862 Terram
905 2809 1135 2862 concedes
1168 2807 1354 2859 cunctis
1404 2805 1579 2860 diebus
1623 2809 1736 2860 vita:
1760 2817 1880 2860 tute.
1914 2805 2045 2860 Vide
2082 2822 2222 2860 :non

641 2898 770 2954 dicit
801 2899 1056 2966 serpenti,
1087 2898 1248 2951 Terra
1279 2898 1371 2951 tibi
1433 2897 1582 2951 cibus
1617 2899 1754 2951 erit:
1782 2913 1885 2952 non
1929 2899 2070 2952 cnim
2107 2912 2223 2952 ser-

643 3003 832 3062 pentes
873 3002 1065 3044 terram
1098 3005 1313 3058 semper
1331 2989 1640 3056 comedunt,
1670 2990 1761 3044 sed
1792 2991 2220 3044 carnihusctiam

643 3083 859 3135 aluntur
897 3092 951 3135 et
981 3079 1260 3147 fructibus,
1289 3081 1492 3134 semina
1522 3079 1800 3145 mandunt,
1831 3089 1885 3134 et
1914 3081 2105 3135 herbas
2136 3095 2226 3134 ca-

645 3184 812 3242 ptant.
845 3174 959 3229 Hoc
1004 3183 1179 3228 autem
1229 3173 1358 3228 dicit
1393 3192 1405 3226 :
1435 3173 1700 3228 Absumcs
1752 3182 1946 3229 terram
1968 3214 1982 3239 ,
2039 3174 2100 3227 in
2135 3173 2221 3226 illa

640 3277 877 3334 reptans.

713 3360 772 3414 Si
817 3357 1048 3412 diabolus
1089 3358 1317 3426 decepit,
1373 3373 1461 3409 cur
1515 3357 1734 3425 serpenti
1785 3356 2117 3411 maledicitur.
2155 3386 2225 3396 —

643 3451 834 3506 Verum
867 3453 1017 3503 aiunt
1046 3449 1258 3518 quidam
1291 3466 1305 3505 :
1343 3449 1396 3504 Si
1426 3448 1667 3503 diabolus
1694 3449 1933 3519 decepit,
1979 3466 2075 3503 cur
2112 3465 2226 3504 ser-

638 3559 770 3612 pens
808 3543 1234 3598 maledictioncm
1277 3542 1509 3610 excipit?
1559 3543 1876 3595 lnvisibilern
1925 3541 2220 3594 daemonem

639 3636 886 3690 invisibili
913 3635 1061 3704 plaga
1101 3633 1296 3695 afficit;
1346 3633 1550 3686 visibile
1586 3634 1997 3687 instrumentum
2029 3632 2221 3685 visibili

640 3729 898 3798 supplicio
929 3728 1155 3796 suhjicit.
1202 3725 1418 3794 Quare?
1448 3724 1595 3779 Sicut
1629 3725 1766 3778 Deus
1798 3723 2076 3777 invisibilis
2100 3738 2221 3776 cum

640 3821 742 3885 sit,
771 3818 974 3870 visihile
1015 3826 1411 3870 monumentum
1441 3815 1587 3870 dedit
1613 3816 1858 3868 arhorem
1891 3831 1904 3867 :
1933 3814 2010 3867 sic
2038 3814 2223 3868 diabo-

639 3913 742 3977 lus,
774 3909 1050 3964 invisibilis
1070 3925 1190 3962 cum
1219 3910 1324 3973 sit,
1357 3909 1598 3961 homines
1641 3923 1733 3976 per
1759 3915 2059 3976 serpentem
2091 3907 2220 3958 allo-

638 4005 834 4074 quitur.
884 4000 1109 4068 Suhjicit
1150 4015 1276 4068 ergo
1321 4000 1458 4053 Deus
1496 4009 1796 4067 serpentem
1838 3999 2218 4063 maledictioni,

640 4108 696 4150 ut
725 4096 766 4150 si
799 4095 880 4148 cui
917 4094 1158 4148 diabolus
1203 4092 1323 4145 mali
1355 4091 1624 4160 quidpiam
1663 4093 1883 4157 fecerit,
1918 4102 2218 4160 serpentem

637 4203 793 4255 quem
821 4186 962 4240 videt
989 4195 1282 4251 rcpentem,
1309 4181 1618 4238 recordetur
1634 4182 1761 4237 olim
1778 4193 2012 4237 erectum
2037 4181 2218 4248 fuisse,

637 4279 955 4346 eogitctque,
986 4278 1026 4328 si
1058 4275 1300 4342 nequitia:
1327 4274 1568 4328 minister
1592 4275 1668 4327 sic
1694 4275 1961 4344 plectitur,
1987 4272 2104 4342 ejus
2128 4289 2222 4326 au-

637 4378 754 4421 ctor
781 4376 975 4436 quanta
996 4366 1258 4433 patiatur?
1290 4365 1672 4417 Animadverte
1701 4365 1878 4432 igitur.
1900 4364 2033 4417 lluic
2052 4364 2126 4416 rei
2144 4364 2221 4416 al-

638 4462 759 4514 linia
795 4461 850 4514 in
874 4457 1161 4527 Evangelia
1199 4456 1573 4524 deprehendis.
1600 4455 2053 4522 Quemadmodum
2076 4455 2216 4509 enim

639 4553 689 4604 in
718 4549 910 4603 visibili
943 4558 1190 4616 serpente
1223 4548 1524 4616 loquentem
1556 4562 1658 4599 una
1695 4560 1815 4599 cum
1855 4561 1920 4600 eo
1949 4547 2039 4615 qui
2072 4547 2217 4600 vide-

640 4642 794 4693 batur
822 4636 1216 4700 condemnavit,
1263 4637 1339 4691 sic
1355 4636 1477 4691 etin
1497 4636 1782 4705 Evangelio
1797 4651 1916 4689 cum
1945 4635 2220 4690 dtemones

637 4731 902 4784 Christum
937 4737 1218 4796 rogarent,
1263 4741 1330 4781 ne
1361 4727 1695 4781 mitterentur
1723 4726 1773 4780 in
1803 4725 2087 4796 abyssum,
2134 4727 2218 4779 di-

639 4830 956 4888 cet'entque,
995 4817 1237 4871 Permitte
1264 4819 1405 4871 nobis
1449 4819 1500 4871 in
1543 4833 1722 4887 parcas
1761 4816 1956 4887 ingredi
1986 4814 2131 4880 (Luc.
2164 4814 2217 4869 8.

638 4913 727 4966 51.
756 4911 886 4981 32):
920 4910 1158 4980 permisit
1202 4909 1442 4978 ingredi,
1500 4917 1557 4961 ut
1605 4907 1895 4960 invisibiles
1942 4905 2057 4957 illos
2097 4920 2215 4958 cum

639 5003 932 5058 visihilibus
971 5000 1284 5070 corporibus
1319 5001 1706 5068 suhnicrgeret.
1731 4997 1941 5050 Terram
1971 4995 2214 5048 comedas.

637 5095 940 5150 Inimicitias
985 5110 1166 5162 ponam
1209 5092 1338 5145 inter
1364 5101 1408 5144 te
1435 5102 1478 5143 et
1509 5093 1783 5143 mulierem.
1829 5087 2125 5142 Amicitiam
2168 5086 2217 5137 in

638 5188 819 5241 odimn
853 5188 1104 5247 mutavit,
1143 5199 1196 5238 et
1228 5197 1404 5238 sermo
1444 5183 1495 5236 in
1532 5183 1700 5251 legem
1730 5197 1915 5234 versus
1941 5191 2040 5235 cst.
2077 5179 2220 5232 Alias

639 5280 834 5348 quippe
882 5275 1078 5330 hestias
1122 5276 1338 5328 student
1393 5277 1634 5328 homines
1687 5273 1892 5326 cicures
1947 5270 2215 5322 reddere:

641 5375 943 5437 serpentem
987 5379 1114 5418 vero
1159 5365 1200 5416 si
1247 5365 1363 5432 quis
1408 5365 1632 5425 viderit,
1685 5362 1864 5415 statim
1902 5359 2218 5414 concitatur.

643 5464 819 5516 Manet
863 5459 1057 5527 quippe
1104 5457 1373 5509 decretum
1407 5473 1419 5506 :
1449 5453 1751 5506 Inimicitias
1787 5469 1967 5521 ponam
2002 5451 2128 5503 inter
2155 5459 2219 5502 te.

644 5553 862 5606 Etiamsi
894 5549 1033 5602 domi
1065 5546 1282 5608 viderit,
1318 5559 1508 5596 necare
1530 5544 1694 5610 cupit.
1741 5544 1793 5596 Si
1824 5543 1874 5594 in
1903 5544 1980 5593 via
2010 5541 2220 5606 viderit,

641 5649 819 5699 iurare
851 5642 914 5695 ad
938 5639 1284 5693 occidendum
1316 5636 1498 5690 fertur.
1532 5634 1910 5689 Stimulateum
1936 5643 2079 5688 vetus
2102 5649 2225 5688 sen-

645 5735 827 5787 tentia.
876 5735 928 5788 Si
959 5741 1235 5787 sexcentos
1274 5730 1450 5799 plagas
1474 5727 1707 5797 serpenti
1739 5726 1993 5788 intulerit,
2026 5727 2224 5781 videat-

641 5843 745 5894 que
772 5835 928 5896 caput
956 5843 1057 5878 non
1093 5823 1440 5886 vulneratum,
1467 5818 1642 5874 statim
1672 5825 1849 5872 monet
1875 5835 1885 5868 :
1917 5817 2085 5885 Caput
2110 5833 2220 5873 ser-

2104 408 2471 467 SEVElllANl

3841 450 3950 503 496

2354 529 2526 596 penlis
2578 545 2684 584 non
2737 533 3069 600 percussisti,
3120 545 3276 604 caput
3324 536 3454 602 feri;
3503 541 3760 609 quoniam
3809 543 3944 598 Deus

2350 621 2480 675 dicit
2511 638 2524 675 :
2555 621 2676 691 Ipse
2695 623 2971 678 observabit
2998 636 3148 694 caput
3171 636 3334 694 tuum,
3367 638 3412 682 et
3439 639 3492 682 tu
3523 631 3808 685 obseruabis
3838 636 3942 704 ejus

2351 711 2661 766 calcaneum.
2707 713 2840 780 Quid
2873 715 2975 770 hoc
2994 717 3092 771 sibi
3123 718 3270 770 vult?
3311 719 3425 772 Non
3455 719 3617 784 dicit,
3647 722 3863 777 Faciam
3891 741 3942 778 υ.

2353 798 2512 853 homo
2554 815 2582 853 a
2622 804 2830 856 caeteris
2887 805 2989 860 tuis
3038 806 3292 860 membris
3347 809 3601 864 feriendis
3650 811 3936 876 abstineat,

2349 889 2629 961 salumque
2657 903 2817 962 caput
2857 896 3049 951 caedat.
3101 897 3278 954 Utitur
3316 902 3458 955 enim
3500 901 3662 957 homo
3692 905 3865 974 plagis
3889 907 3938 960 in

2349 981 2524 1034 omnia
2552 984 2813 1052 serpentis
2846 986 3085 1040 membra
3108 1028 3122 1052 ,
3161 998 3217 1042 ut
3244 989 3563 1060 ubicumque
3591 997 3937 1060 percusserit,

2350 1078 2516 1124 totum
2564 1073 2869 1128 ulciscatur.
2916 1075 2970 1130 ld
3013 1093 3172 1146 porro
3199 1081 3338 1148 quod
3369 1095 3401 1133 a
3430 1081 3656 1136 Domino
3700 1088 3938 1153 serpenti

2346 1162 2544 1217 dictum
2569 1175 2682 1232 est,
2712 1165 2791 1219 Tu
2826 1168 3106 1222 observabis
3140 1170 3432 1226 calcaneum
3460 1175 3569 1238 ejus
3594 1213 3608 1238 ,
3638 1189 3746 1228 non
3775 1177 3938 1246 signi-

2345 1252 2498 1319 ﬁcat,
2543 1255 2638 1325 ipsi
2670 1271 2982 1312 concessum
3009 1275 3128 1315 esse
3159 1272 3218 1315 ut
3261 1263 3566 1318 caleaneum
3616 1264 3932 1320 adoriatur:

2345 1343 2547 1400 invadit
2573 1348 2716 1401 enim
2765 1349 3082 1418 quandoque
3123 1367 3347 1420 serpens
3398 1352 3763 1418 dormientes,
3808 1373 3936 1411 ven-

2345 1442 2478 1490 trem
2511 1451 2614 1491 non
2644 1454 2766 1492 raro
2791 1450 3045 1509 occupat,
3097 1442 3334 1496 immittit
3364 1460 3662 1510 venenum,
3689 1449 3934 1502 manibus

2342 1539 2403 1579 ac
2432 1527 2646 1595 reliquis
2674 1530 2926 1583 membris
2957 1547 3166 1586 morsus
3193 1533 3361 1604 infigit
3387 1577 3402 1600 ,
3431 1547 3592 1604 atque
3621 1536 3673 1590 in
3708 1538 3932 1607 quodvis

2342 1620 2640 1675 membrum
2673 1620 2908 1687 incidat,
2959 1623 3087 1677 illud
3113 1624 3310 1678 damno
3349 1624 3548 1691 afficit;
3598 1643 3783 1682 verum
3812 1643 3934 1682 sen-

2342 1711 2523 1764 tentia:
2567 1725 2721 1765 mens
2765 1713 2882 1766 talis
2911 1722 2994 1767 est
3025 1730 3036 1762 :
3066 1713 3181 1768 Non
3233 1715 3405 1781 ultra,
3458 1716 3663 1786 inquit,
3712 1733 3932 1786 serpens

2341 1801 2508 1856 libere
2540 1801 2741 1856 homini
2793 1802 3160 1870 insidiabitur;
3207 1805 3301 1859 sed
3333 1806 3476 1860 intus
3517 1821 3746 1860 manens
3787 1817 3930 1862 tanta

2341 1893 2612 1947 hominum
2661 1905 2867 1948 terrore
2900 1893 3189 1958 afﬁcieris,
3230 1896 3366 1949 utin
3405 1897 3652 1951 cavernis
3693 1896 3925 1960 latitans,

2338 1985 2424 2037 vix
2453 1999 2516 2038 ex
2540 1983 2891 2038 foraminibus
2914 1983 3291 2039 formidolosus
3316 1986 3632 2055 respiciens.
3655 1987 3925 2041 hominum

2339 2075 2590 2128 transitus
2615 2084 2816 2128 tantum
2843 2075 3102 2130 observes
3127 2117 3142 2142 ,
3172 2086 3228 2128 ut
3253 2077 3389 2129 citra
3426 2077 3720 2145 periculum
3751 2091 3923 2130 exeas.

2337 2166 2508 2221 llomo
2528 2176 2728 2233 autem,
2763 2168 2952 2237 inquit,
2985 2168 3153 2222 libere
3184 2169 3498 2234 ambulabit,
3524 2179 3684 2237 caput
3712 2181 3858 2222 tuum
3875 2170 3924 2222 in

2336 2257 2685 2314 faraminibus
2735 2260 3046 2323 observans,
3091 2270 3360 2331 tamquam
3408 2262 3607 2316 inimici
3649 2262 3922 2326 latitantis,

2335 2366 2438 2404 non
2467 2353 2620 2407 amici
2651 2354 2830 2421 specie
2858 2353 3142 2422 loquentis.

2406 2443 2459 2498 9.
2483 2442 2586 2498 Sed
2613 2444 2733 2513 quia
2768 2455 2976 2513 tempus
2999 2453 3147 2513 urget
3167 2485 3181 2507 ,
3212 2444 3511 2498 orationem
3541 2444 3920 2513 compleamus.

2337 2536 2683 2607 Interrogavit
2704 2553 2822 2590 eam
2852 2553 2968 2606 qua:
2996 2536 3218 2605 decepta
3247 2536 3417 2591 fuerat
3460 2551 3475 2589 :
3521 2537 3709 2590 transit
3735 2536 3802 2590 ad
3830 2536 3920 2591 de-

2334 2636 2628 2695 ceptor-em.
2675 2627 2949 2682 Sententia
2977 2641 3005 2679 a
3037 2626 3214 2680 radice
3240 2640 3362 2680 orsa
3392 2634 3474 2679 est
3499 2666 3513 2690 ,
3557 2641 3750 2694 nempe
3776 2642 3805 2678 a
3835 2642 3918 2680 se-

2332 2721 2572 2774 ductorc.
2606 2721 2806 2774 Deinde
2832 2721 2895 2772 ad
2921 2719 3200 2789 deceptam
3225 2719 3371 2773 venit
3401 2727 3455 2773 et
3481 2719 3653 2772 minas
3676 2720 3916 2773 intemat.

2334 2810 2507 2864 Prima
2539 2825 2642 2863 vox
2668 2811 2732 2863 ad
2777 2818 3084 2879 serpentem
3112 2809 3252 2864 dicta
3298 2809 3433 2872 fuit,
3488 2808 3810 2862 Maledictus.
3860 2806 3919 2860 Et

2333 2901 2460 2955 dixit
2499 2900 2634 2954 Deus
2669 2901 2867 2954 mulieri
2899 2918 2916 2955 :
2953 2899 3305 2969 Multiplicans
3338 2901 3685 2969 multiplicabo
3723 2901 3918 2954 dolorcs

2335 3002 2446 3045 tuos
2488 3003 2532 3045 et
2570 2992 2782 3061 gemitus
2822 3001 2932 3044 tuos
2960 2989 3110 3063 (Gen.
3143 2991 3196 3045 5.
3231 2991 3342 3061 16).
3389 2990 3503 3044 Non
3532 2990 3822 3054 maledicit,
3855 3004 3918 3042 ne

2335 3084 2524 3152 pariat,
2555 3085 2676 3152 quia
2702 3083 2810 3152 jam
2835 3084 2978 3152 prius
3008 3082 3354 3138 benedixerat
3385 3099 3397 3135 :
3432 3099 3553 3135 nam
3581 3098 3700 3135 cum
3720 3082 3916 3135 forma-

2332 3177 2411 3231 vit
2439 3192 2530 3230 eos
2558 3219 2571 3239 ,
2597 3178 2668 3230 ait
2700 3195 2711 3229 :
2744 3175 2809 3228 Et
2850 3177 3100 3229 benedixit
3139 3191 3222 3229 eos
3253 3174 3387 3228 Deus
3414 3175 3606 3234 dicens,
3635 3175 3847 3228 Crescite
3871 3181 3915 3224 et

2333 3270 2773 3338 multiplicamini,
2825 3279 2870 3322 et
2911 3272 3097 3337 replete
3143 3279 3326 3322 terram
3371 3267 3522 3337 (Gen.
3559 3268 3611 3320 1.
3637 3265 3752 3334 εδ).
3789 3266 3916 3318 Dicit

2330 3375 2458 3415 vero
2493 3360 2686 3413 Paulus
2707 3401 2719 3422 ,
2749 3359 2875 3414 Sine
2904 3359 3196 3429 paenitentia
3225 3366 3337 3410 sunt
3363 3356 3497 3408 dona
3519 3355 3613 3408 Dei
3636 3356 3806 3424 (Rom.
3831 3355 3849 3406 1
3870 3355 3911 3405 Ι.

2329 3452 2442 3519 29).
2475 3451 2587 3504 Non
2617 3466 2746 3519 ergo
2779 3451 3042 3504 maledicit
3064 3464 3195 3517 quos
3218 3447 3562 3503 heuedixerat
3591 3465 3603 3499 :
3634 3447 3726 3500 sed
3751 3444 3912 3514 quid?

2330 3544 2661 3614 Stupendum
2718 3543 3008 3596 remedium
3057 3541 3260 3595 vulneri
3309 3540 3558 3597 adhibet.
3611 3537 3823 3591 dolores
3863 3544 3914 3589 et

2328 3637 2602 3704 gemitmn.
2655 3633 2832 3688 Genus
2861 3633 3138 3686 sententia:
3176 3640 3295 3696 est,
3339 3644 3456 3698 qua:
3487 3629 3776 3697 percuti:.t,
3822 3627 3912 3681 sed

2329 3726 2503 3780 delicti
2554 3725 2870 3778 solutionem
2918 3723 3207 3791 promittat.
3270 3718 3658 3788 Mttltiplicrms,
3711 3718 3911 3787 inquit,

2329 3816 2671 3883 multiplicabo
2698 3816 2895 3869 dolores
2917 3804 3049 3879 tuos,
3069 3822 3113 3865 et
3139 3812 3378 3882 gemitum
3396 3819 3556 3862 tuum.
3585 3809 3910 3864 Pennivtttizn

2329 3910 2584 3964 remedia.
2639 3907 2887 3962 Animum
2941 3906 3153 3960 adhibe.
3208 3901 3669 3970 Quemadmodum
3723 3900 3907 3954 medici

2329 4004 2514 4058 eodem
2541 4002 2780 4056 remedLO
2807 4000 3049 4054 mordent
3077 4008 3131 4052 et
3161 3989 3397 4060 leniunt';
3450 3995 3686 4063 itemque
3715 3993 3907 4046 ferrum

2329 4095 2514 4150 eadem
2553 4094 2788 4148 sectione
2832 4093 3122 4158 eodemque
3160 4088 3344 4142 dolore
3384 4086 3606 4139 salutem
3649 4092 3905 4153 praestat:

2326 4187 2404 4240 sic
2437 4186 2571 4240 Deus
2603 4183 2840 4254 peccanti
2868 4182 3070 4236 tnulieri
3103 4179 3209 4234 duo
3240 4179 3330 4233 dat
3354 4177 3681 4248 pmnitentim
3705 4176 3906 4236 viatica,

2327 4279 2564 4332 dolorem
2595 4287 2647 4330 et
2675 4277 2946 4346 gemitum.
3002 4274 3137 4340 Quid
3183 4272 3333 4341 juvat
3373 4271 3526 4324 dolor
3572 4280 3625 4323 et
3667 4267 3908 4321 tristitia?

2328 4370 2462 4422 Audi
2497 4370 2712 4422 Paulum
2740 4367 3004 4420 dicentem
3037 4381 3050 4417 :
3079 4364 3203 4428 Qum
3219 4362 3498 4414 secundum
3529 4358 3686 4411 Deum
3717 4370 3788 4411 est
3816 4359 3903 4408 tri-

2326 4461 2458 4512 stitia
2487 4458 2823 4527 pmniientiam
2854 4457 2904 4508 in
2928 4456 3140 4508 salutem
3166 4451 3397 4505 stabilem
3421 4460 3658 4516 operatur
3685 4450 3754 4516 (2.
3789 4447 3902 4498 Cur.

2325 4553 2377 4604 ’7.
2407 4554 2512 4610 10).
2543 4550 2608 4602 Et
2635 4548 2758 4618 quid
2781 4557 3031 4617 operatur
3056 4545 3286 4615 gemitus
3307 4543 3330 4596 ?
3350 4540 3486 4594 Audi
3516 4539 3702 4594 Isaiam
3739 4556 3751 4589 :
3781 4535 3905 4588 Cum

2323 4640 2876 4709 auersusingemueris,
2913 4648 3037 4691 tunc
3073 4633 3253 4688 salvus
3297 4638 3406 4689 eris
3455 4628 3617 4703 (Isai.
3671 4632 3754 4688 50'
3795 4632 3897 4696 13).

2329 4723 2677 4792 Multiplicuns
2699 4722 3034 4788 multiplicabo
3052 4718 3278 4770 tristitias
3306 4727 3417 4767 tuas
3431 4722 3475 4763 et
3503 4713 3736 4779 gemitum
3763 4723 3903 4762 tuum

2324 4815 2556 4870 Tristitia
2585 4812 2902 4867 exteriorem
2931 4808 3132 4860 vultum
3163 4803 3428 4856 deformat
3455 4813 3518 4852 ac
3550 4797 3750 4850 tristem
3785 4792 3903 4845 red-

2325 4910 2422 4963 dit.
2470 4907 2630 4960 Carde
2665 4905 2869 4957 (celante
2905 4903 3049 4970 ﬂaret
3087 4897 3295 4956 vultus;
3334 4907 3448 4944 cum
3471 4906 3586 4942 uera
3621 4889 3673 4940 in
3695 4885 3904 4938 tristitiis

2323 5011 2583 5061 uersatur,
2623 5005 2820 5049 mwstus
2845 5002 2916 5046 est
2941 4990 3122 5060 (Prov.
3156 4987 3240 5041 15.
3269 4984 3383 5052 51).
3433 4981 3564 5049 Quia
3610 4978 3788 5031 oculos
3820 4991 3902 5027 ar-

2325 5092 2508 5146 borem
2542 5089 2762 5146 viderat,
2793 5083 3256 5151 mqualitatemque
3281 5090 3402 5129 cum
3433 5075 3541 5128 Deo
3571 5080 3743 5125 mente
3765 5070 3903 5134 engi-

2327 5189 2546 5240 taverat,
2575 5178 2663 5229 dat
2686 5176 2823 5228 Deus
2851 5172 2999 5225 cordi
3019 5170 3295 5240 gemitum,
3325 5165 3598 5232 vultuique
3620 5161 3900 5218 trisritiam,

2329 5285 2382 5327 ut
2407 5288 2497 5341 per
2517 5286 2578 5322 ea
2607 5283 2724 5337 quae
2748 5271 3056 5334 peccaverat
3083 5261 3350 5329 puniatur,
3381 5268 3542 5324 utque
3568 5253 3899 5320 supplicium.

2328 5365 2434 5418 into
2467 5361 2607 5412 salus
2638 5359 2747 5425 ipsa
2775 5397 2787 5419 ,
2832 5353 3040 5408 mulieri
3069 5348 3324 5414 suadeat,
3360 5347 3524 5400 Deum
3559 5360 3663 5398 non
3709 5342 3899 5392 irritam

2330 5454 2514 5507 fecisse
2546 5449 2773 5518 priorem
2821 5442 3266 5498 benedictionem.
3321 5436 3450 5490 Nam
3495 5449 3614 5487 cum
3663 5430 3898 5486 dixisset,

2332 5545 2536 5614 Replete
2566 5551 2769 5602 terram,
2796 5541 2891 5602 ait,
2912 5535 2975 5588 In
2994 5534 3165 5588 dolore
3185 5533 3350 5600 paries
3374 5530 3522 5595 ﬁlias.
3555 5526 3770 5579 Partum
3801 5537 3899 5573 non

2332 5636 2458 5690 tollo
2483 5652 2494 5685 :
2525 5629 2687 5686 semel
2717 5629 2857 5682 enim
2890 5625 3131 5682 benedixi
3157 5641 3169 5688 ;
3200 5621 3292 5678 sed
3334 5620 3508 5689 paries
3538 5619 3591 5670 in
3619 5616 3900 5675 laboribus,

2331 5728 2382 5781 in
2412 5719 2920 5795 perturbationibus.
2963 5713 3282 5771 Gravissima
3315 5711 3426 5764 haec
3455 5708 3688 5761 tristitia.
3740 5704 3793 5756 ld
3824 5714 3897 5755 te-

2331 5794 2496 5875 statur
2523 5814 2777 5870 Scrvator
2806 5826 2819 5865 :
2853 5808 3039 5863 Mulier
3063 5845 3078 5874 ,
3109 5819 3221 5858 cum
3265 5801 3435 5873 parit,
3477 5798 3727 5851 tristitiam
3766 5794 3902 5845 liabet
