4102 6514
221 480 337 535 497

220 582 399 647 (Joan.
431 579 519 635 l6.
550 578 663 649 il).
693 577 960 634 ‘Iristatur
988 591 1109 632 cum
1154 577 1329 647 parit,
1372 577 1528 630 anxia
1568 585 1648 629 est
1677 573 1801 627 dum

220 671 391 722 ntttrit
415 685 431 732 ;
460 668 546 721 ubi
578 684 707 736 puer
728 667 981 737 grandior
1008 677 1110 732 est,
1142 676 1357 720 veretur
1398 683 1463 719 ne
1488 678 1669 718 socors
1697 664 1763 715 sit
1786 679 1802 723 ε

219 758 265 809 si
297 756 680 826 peregrinetur,
713 758 899 809 metuit
922 772 988 809 ne
1017 757 1272 808 moriatur
1295 796 1309 817 ,
1343 770 1408 807 ne
1431 756 1480 806 in
1507 754 1691 805 morbo
1723 753 1802 805 vel

220 849 271 901 in
303 863 538 901 aerumna
568 857 825 900 versetur.
873 846 966 899 His
1006 847 1084 897 vir
1123 860 1226 897 non
1255 854 1334 897 est
1361 843 1657 903 obnoxius;
1704 840 1803 894 etsi

219 938 362 989 enim
392 946 543 1005 paler
572 936 639 989 sit
666 936 955 999 sollicitus,
1009 950 1112 987 non
1155 934 1373 1002 perinde
1420 943 1595 985 tamen
1644 940 1803 997 atque

219 1040 424 1090 mater;
470 1027 565 1081 sed
600 1028 830 1095 seipsum
869 1027 1170 1080 consolatur
1211 1026 1393 1077 dicens
1434 1040 1445 1074 :
1495 1024 1662 1077 llomo
1698 1033 1799 1086 est,

218 1120 321 1171 scit
351 1117 449 1171 sibi
487 1119 820 1186 prospicere;
864 1132 1031 1185 neque
1061 1116 1249 1168 anxius
1278 1124 1380 1168 est.
1430 1114 1639 1179 Quztre?
1672 1115 1801 1179 Quia

219 1227 325 1263 non
358 1211 558 1263 audivit
586 1210 671 1262 ille
707 1227 719 1261 :
750 1208 815 1261 In
842 1208 1096 1261 doloribus
1127 1208 1292 1276 paries
1320 1207 1472 1273 ﬁlios.
1529 1205 1799 1259 lnsolitmn

219 1315 393 1369 ptent}:
411 1316 575 1368 genus
593 1318 604 1351 :
624 1298 948 1367 experientia
965 1300 1106 1352 testis
1128 1307 1230 1350 est.
1248 1298 1377 1349 Cum
1398 1296 1609 1349 dolores
1627 1309 1803 1363 partus

216 1392 497 1443 mulierem
541 1388 819 1449 invadunt,
863 1403 929 1441 ue
956 1388 1005 1441 in
1040 1388 1165 1455 ipsis
1192 1386 1403 1455 quidem
1436 1386 1701 1439 laboribus
1730 1386 1805 1437 vi-

220 1498 337 1534 rum
371 1478 611 1547 despicit.
655 1478 767 1532 Non
808 1477 968 1540 dicit,
1005 1476 1210 1530 Utinam
1243 1478 1435 1544 nuptia:
1465 1490 1568 1528 non
1599 1483 1798 1539 essent,

221 1574 421 1624 utinam
474 1586 577 1624 non
619 1580 758 1623 esset
810 1570 1095 1623 liberormn
1141 1567 1457 1637 procreatio.
1518 1564 1632 1619 Non
1676 1565 1799 1618 sinit

222 1662 365 1715 Deus
390 1661 531 1714 illam
563 1668 678 1728 post
710 1659 865 1712 talem
888 1658 1265 1727 experientiam
1297 1656 1471 1709 odisse
1501 1655 1671 1708 virmn
1704 1672 1715 1706 :
1748 1664 1803 1707 at

220 1754 344 1805 licet
374 1752 517 1804 novit
546 1750 668 1819 quid
702 1765 875 1817 passa,
908 1749 1030 1817 quid
1057 1758 1271 1816 experta
1296 1748 1391 1809 sit,
1422 1747 1592 1798 virum
1628 1757 1800 1799 tamen

216 1842 407 1908 diligit.
440 1840 579 1903 ldeo,
611 1839 674 1892 In
701 1838 957 1892 doloribus
978 1838 1141 1905 paries
1166 1838 1316 1903 ﬁlios,
1337 1847 1380 1889 et
1398 1837 1463 1887 ad
1486 1838 1643 1887 virum
1663 1846 1801 1887 tuum

218 1934 471 1983 conversio
516 1940 635 1995 tua,
682 1940 727 1983 et
771 1930 878 1999 ipse
920 1927 1260 1981 dominabitur
1298 1928 1369 1978 tui
1415 1926 1564 1997 (Gen.
1594 1927 1645 1979 5.
1684 1927 1796 1995 16).

217 2022 349 2087 Quia
376 2022 483 2089 jam
516 2022 650 2075 male
699 2021 1005 2087 imperasti,
1058 2029 1110 2073 et
1143 2018 1425 2071 voluntatis
1474 2027 1572 2069 tua:
1617 2032 1800 2069 servus

216 2112 436 2166 allectus
478 2122 593 2175 est,
640 2112 880 2165 ordinem
922 2111 1070 2163 solvo
1105 2127 1116 2162 :
1162 2110 1273 2178 ipse
1317 2109 1565 2163 dominus
1594 2110 1679 2171 sit,
1711 2109 1799 2178 qui

215 2220 323 2257 non
351 2213 434 2257 est
458 2204 731 2271 deceptus.
768 2202 890 2256 Ideo
918 2202 1109 2255 Paulus
1137 2202 1207 2253 ait
1236 2217 1247 2251 :
1285 2199 1487 2253 Mulieri
1516 2211 1677 2253 autem
1704 2200 1799 2252 do-

210 2312 325 2348 cere
366 2312 464 2348 non
497 2297 725 2363 permitto
746 2334 759 2356 ,
803 2309 958 2361 neque
997 2292 1246 2345 dominari
1290 2292 1341 2343 in
1371 2293 1531 2343 virum
1560 2292 1632 2359 tl.
1663 2289 1795 2343 Tim.

212 2386 270 2440 2.
301 2386 408 2455 l2).
463 2386 591 2439 Nam
632 2384 767 2437 male
791 2384 1017 2454 primum
1046 2382 1227 2435 docuit
1251 2382 1299 2434 in
1328 2380 1588 2450 paradiso.
1626 2379 1801 2449 Neque

210 2479 465 2531 dominari
493 2478 543 2530 in
568 2478 763 2531 virum:
787 2476 925 2530 male
949 2475 1090 2530 enim
1121 2475 1385 2528 dominata
1410 2485 1513 2527 est.
1545 2473 1653 2526 lloc
1672 2489 1799 2540 ergo

211 2583 373 2621 sensu
400 2569 550 2636 jubet
578 2568 770 2621 Paulus
799 2566 1070 2619 mulierem
1102 2580 1205 2619 nOu
1233 2565 1445 2627 docere,
1474 2564 1543 2618 ob
1580 2580 1640 2617 ea
1682 2580 1799 2632 quae

210 2661 263 2713 in
314 2660 557 2725 paradiso
586 2668 876 2713 evenerant
909 2674 921 2709 :
954 2672 1051 2710 nec
1096 2672 1196 2710 nos
1226 2655 1551 2724 SOphismate
1580 2655 1797 2707 utimur.

209 2750 348 2803 Audi
380 2765 498 2803 eum
530 2767 542 2802 :
576 2747 783 2802 Mulieri
807 2758 970 2800 autem
999 2747 1173 2799 docere
1210 2763 1310 2799 non
1354 2748 1604 2814 permitto,
1646 2762 1800 2815 neque

209 2842 463 2894 dominari
492 2843 541 2893 in
571 2842 747 2893 virum.
778 2840 842 2893 Et
868 2848 924 2893 ut
951 2838 1194 2892 ostendat
1217 2854 1293 2904 sc,
1330 2838 1448 2892 ideo
1468 2838 1516 2891 id
1540 2847 1795 2903 statuere,

208 2934 391 2986 subdit
423 2951 434 2985 :
469 2932 631 2985 Adam
668 2933 799 2985 enim
829 2948 927 2985 non
953 2941 1024 2983 est
1055 2932 1286 2984 seductus
1313 2972 1327 2995 ,
1371 2932 1552 2984 mulier
1578 2947 1689 2983 vero
1715 2948 1797 2984 se-

208 3027 361 3077 ducta
386 3036 459 3077 est
488 3026 539 3078 in
562 3025 968 3095 pravaricatione
993 3022 1149 3089 (Ibid.
1182 3038 1228 3077 v.
1263 3021 1375 3093 14).

280 3119 369 3171 10.
424 3116 589 3168 Maria
620 3118 757 3186 virgo
797 3131 887 3184 pro
928 3116 1117 3184 virgine
1143 3112 1253 3166 Eva
1295 3113 1572 3166 intercedit.
1630 3114 1797 3167 Maria

207 3208 432 3276 quotidie
458 3206 597 3259 beata
627 3206 827 3259 dicitur.
858 3235 927 3245 -ο
951 3204 1088 3271 Quid
1116 3205 1313 3274 igitur?
1344 3205 1669 3258 damnationi
1700 3206 1797 3257 ob-

210 3301 403 3353 noxius
430 3309 511 3353 est
540 3299 775 3352 mulieris
802 3312 979 3359 sexus,
1006 3305 1286 3365 manetque
1310 3297 1358 3347 in
1383 3296 1674 3359 doloribus,
1698 3311 1796 3350 nec

210 3390 477 3443 vinculum
514 3388 774 3441 solvitur?
820 3386 973 3441 Venit
1003 3386 1244 3440 Christus
1272 3386 1356 3455 qui
1391 3386 1659 3440 vinculum
1690 3388 1796 3438 sol-

209 3484 282 3535 vit
314 3484 584 3537 :occurrit
613 3498 673 3535 ea
702 3497 817 3549 qua:
853 3481 1128 3533 Dominum
1166 3480 1365 3547 peperit
1395 3519 1409 3543 ,
1443 3480 1589 3532 sexui
1624 3489 1795 3547 patro-

208 3576 432 3636 cinans,
479 3582 658 3626 sancta
709 3571 865 3640 Virgo
911 3585 1006 3639 pro
1044 3571 1280 3639 virgine;
1333 3586 1453 3623 nam
1505 3571 1651 3639 virgo
1681 3579 1796 3623 erat

210 3666 318 3718 Eva
365 3680 485 3717 cum
524 3663 785 3732 peccavit;
834 3661 1096 3715 damnata:
1137 3660 1374 3714 dolorem
1411 3660 1599 3724 solvit,
1642 3672 1796 3730 atque

209 3758 486 3823 gemitum.
515 3754 659 3809 Sicut
686 3754 826 3806 enim
866 3753 909 3805 si
938 3753 1057 3822 quis
1083 3752 1132 3805 in
1167 3752 1360 3820 regiam
1392 3762 1605 3806 vocetur
1626 3794 1638 3815 ,
1670 3768 1795 3807 suos

209 3844 503 3897 honoribus
532 3857 723 3911 angere
754 3841 961 3905 studet,
992 3856 1053 3895 ac
1078 3881 1091 3905 ,
1132 3842 1173 3894 si
1209 3842 1256 3892 in
1296 3843 1534 3909 angustia
1580 3844 1791 3908 iuerint,

209 3935 438 3987 liberare
463 3948 474 3984 :
504 3934 577 3984 sic
599 3940 780 3985 sancta
809 3931 962 3998 \‘irgo
990 3931 1039 3983 in
1069 3931 1264 3998 regiam
1298 3941 1503 3995 vocata,
1528 3942 1581 3984 ut
1604 3934 1794 3986 divina:

208 4024 540 4093 generationi
573 4023 929 4083 ministraret,
964 4021 1175 4074 insolito
1206 4020 1402 4075 donata
1437 4033 1586 4090 partu
1615 4064 1628 4085 ,
1660 4022 1794 4077 hanc

210 4117 437 4185 primum
468 4116 687 4184 gratiam
722 4116 878 4182 petit,
925 4114 1032 4167 imo
1071 4114 1283 4183 accipit.
1334 4116 1465 4180 Quia
1499 4131 1603 4169 non
1640 4116 1793 4170 dece-

208 4208 296 4261 bat
321 4207 494 4275 culpaa
511 4206 791 4260 obnoxiam
827 4206 1071 4260 feminam
1096 4208 1365 4260 innoxium
1392 4206 1623 4277 gignere,
1652 4212 1795 4263 venit

209 4299 252 4351 is
282 4298 370 4366 qui
409 4299 576 4364 primo
612 4298 733 4350 Eva:
763 4298 1025 4351 tristitiam
1048 4314 1139 4366 per
1162 4299 1409 4367 gaudium
1439 4300 1613 4353 solvit.
1640 4301 1795 4356 Venit

207 4388 431 4456 angelus
466 4387 659 4454 Virgini
690 4388 869 4441 dicens
900 4406 912 4441 :
946 4389 1231 4458 Ave,gratia
1250 4389 1394 4458 plena
1422 4389 1568 4460 (Luc.
1599 4392 1646 4443 1.
1676 4392 1789 4461 28).

208 4476 342 4530 Tum
374 4492 467 4546 per
499 4477 714 4541 Ave,seu
757 4476 933 4530 Gaude
961 4477 1108 4542 illud,
1141 4479 1365 4531 tristitia:
1395 4480 1657 4533 vincolum
1686 4483 1794 4535 sol-

210 4569 299 4620 vit.
342 4569 485 4631 Ave;
514 4568 653 4619 Venit
676 4568 717 4619 is
737 4568 821 4636 qui
846 4568 997 4621 solvit
1016 4569 1297 4621 tristitiam.
1322 4570 1601 4639 Ave,gratia
1622 4572 1792 4637 plena,

208 4660 327 4727 quia
362 4658 619 4709 hactenus
661 4658 944 4711 maledicto
983 4658 1229 4713 obnoxia.
1292 4659 1385 4713 llic
1435 4660 1526 4713 Dei
1570 4663 1789 4729 gratiam

208 4748 591 4801 animadverte.
625 4747 913 4815 Ave,gratia
943 4749 1089 4815 plena
1114 4789 1127 4812 ,
1161 4748 1407 4803 Dominus
1432 4761 1609 4803 tecum.
1662 4754 1792 4817 Quia

209 4854 327 4891 cum
375 4838 462 4891 illa
495 4851 713 4905 serpens
754 4838 803 4889 in
847 4838 1051 4890 tristitia
1076 4880 1089 4905 ,
1119 4839 1314 4907 gaude,
1346 4840 1465 4907 quia
1501 4850 1669 4893 tecum
1710 4852 1793 4896 est

211 4931 366 4983 Deus.
405 4932 479 4981 Ac
515 4928 631 4981 vide
658 4928 828 4996 angeli
862 4944 1042 4981 vocem
1067 4968 1081 4991 ,
1112 4930 1375 4997 quomodo
1404 4940 1563 4984 totam
1596 4930 1792 4987 Christi

207 5021 659 5090 dispensationem
711 5021 958 5088 explicat.
1010 5021 1297 5091 Ave,gratia
1326 5024 1492 5089 plena.
1542 5024 1671 5089 Quia
1706 5027 1789 5082 illa

206 5112 472 5181 duplicem
505 5112 922 5165 maledictionem
954 5113 1189 5181 accepit,
1231 5113 1492 5167 tristitiam
1533 5125 1585 5169 et
1621 5119 1790 5184 gemi-

209 5214 315 5257 tum
351 5214 555 5272 partus,
590 5202 789 5255 inducit
815 5214 1040 5269 partum,
1065 5205 1153 5272 qtti
1183 5204 1351 5257 solvat
1380 5206 1609 5272 priorem
1640 5207 1787 5261 illum

207 5302 436 5361 partum.
496 5290 627 5343 Ecce
655 5294 900 5359 concipies
930 5294 981 5344 in
1011 5302 1146 5345 utero
1170 5334 1184 5355 ,
1229 5304 1274 5346 et
1315 5294 1476 5362 paries
1518 5296 1681 5361 lilium
1702 5339 1714 5360 ,
1744 5309 1790 5351 et

205 5383 400 5436 vocabis
428 5397 607 5434 nomen
630 5383 737 5445 eius
762 5381 935 5435 .Iesum
972 5382 1127 5447 (Ibid.
1160 5400 1204 5436 v.
1238 5386 1352 5454 3i).
1380 5386 1500 5454 Ipse
1528 5389 1657 5439 enim
1682 5389 1787 5440 sal-

204 5489 318 5526 vum
349 5473 501 5544 faciet
535 5472 778 5539 populum
817 5489 962 5524 suum
988 5490 1017 5523 a
1047 5476 1259 5541 peccatis
1288 5492 1460 5528 eorum
1491 5477 1701 5544 (Matt/t.
1738 5480 1785 5531 l.

206 5563 317 5631 2i).
362 5566 583 5618 Patrum
618 5570 823 5615 tuorum
866 5574 1075 5630 peccata
1109 5565 1259 5618 solvit
1287 5567 1373 5635 qui
1407 5584 1470 5619 cx
1509 5576 1558 5620 te
1588 5568 1787 5621 fructus

204 5656 386 5709 oritur.
433 5654 552 5708 Jam
588 5661 785 5705 mutata
818 5668 900 5706 res
930 5661 1030 5707 cst.
1084 5655 1347 5709 llactcnus
1386 5658 1471 5726 qui
1504 5659 1663 5711 Evam
1696 5674 1788 5710 au-

206 5744 455 5809 diebant,
491 5745 740 5797 miseram
780 5742 1133 5809 praedicabant
1165 5762 1176 5797 :
1213 5744 1297 5797 Va:
1328 5746 1537 5799 misera:
1573 5763 1584 5797 :
1617 5761 1785 5813 quan-

207 5842 307 5887 tam
339 5835 565 5903 gloriam
598 5831 814 5887 amisit!
861 5848 941 5885 vae
973 5833 1181 5887 misera:
1210 5852 1222 5887 :
1254 5845 1448 5904 quanta
1489 5850 1641 5906 passa
1669 5838 1784 5891 est!

1322 461 1409 518 DE
1448 459 1658 516 MUNDI
1700 456 2091 515 (ΣΠΕΛΤΞΟΝΕ
2133 462 2387 519 ORATIO
2426 462 2509 517 Vl.

3367 473 3480 528 498

1912 573 2070 628 Maria
2097 576 2331 631 atrotidie
2353 576 2585 629 omnium
2604 589 2734 629 voce
2758 573 2923 639 audit,
2954 573 3110 625 Beata
3142 588 3157 626 :
3185 584 3309 624 sane
3336 572 3490 639 plena

1912 664 2111 731 Spiritu
2140 676 2340 719 sancto.
2376 666 2451 718 Ac
2472 664 2682 718 demum
2714 663 3007 716 vaticinans
3042 661 3197 729 Virgo
3220 659 3339 713 audi
3362 658 3487 727 quid

1910 755 2051 808 dicat
2083 773 2094 807 :
2124 756 2422 809 Benedictus
2456 755 2695 809 Dominus
2727 754 2858 808 Deus
2885 753 3049 806 Israel
3068 794 3082 818 ,
3127 754 3243 820 quia
3274 752 3493 819 respexit

1911 844 2239 897 humilitatem
2264 845 2465 898 ancilla:
2500 861 2607 899 sua?
2632 862 2650 898 :
2680 860 2743 897 ea:
2772 847 2865 896 hoc
2910 846 3036 895 enim
3078 844 3273 895 beatam
3304 858 3383 894 me
3412 842 3491 893 dt.

1908 945 2015 985 cent
2039 951 2206 986 omnes
2234 935 2576 1003 generationes
2617 933 2763 1003 (Luc.
2801 935 2848 987 1.
2875 935 2964 988 68.
2996 944 3039 985 et
3068 934 3177 1000 48).
3215 933 3279 987 Ut
3305 943 3491 984 osten-

1908 1022 1999 1075 dat
2023 1039 2079 1076 se
2111 1039 2387 1092 personam
2412 1023 2536 1076 Eva:
2564 1034 2798 1091 gestare,
2832 1023 2909 1075 Me
2936 1022 3000 1073 ad
3029 1021 3127 1073 hoc
3157 1037 3320 1088 usque
3353 1029 3492 1074 tem-

1912 1129 2037 1181 pus,
2093 1116 2289 1183 inquit,
2344 1116 2677 1169 contumelia:
2726 1115 2985 1176 habitam,
3035 1124 3237 1165 extum
3282 1113 3489 1165 beatam

1908 1207 1939 1256 d
1965 1214 2083 1259 cunt
2108 1221 2294 1259 onmes
2321 1206 2705 1273 generationes.
2731 1205 2952 1273 thuid,
2984 1206 3204 1272 inquies,
3227 1204 3297 1257 illi
3332 1203 3491 1269 prod-

1909 1309 2022 1361 est,
2078 1316 2196 1352 cum
2240 1316 2341 1352 non
2380 1299 2599 1351 audiat?
2647 1302 2711 1350 At
2739 1313 2922 1351 revera
2958 1297 3101 1350 audit
3129 1339 3142 1359 ,
3173 1295 3311 1363 quod
3342 1296 3408 1347 sit
3440 1298 3491 1348 in

1909 1388 2183 1457 Splendido
2228 1388 2373 1451 loco,
2422 1390 2471 1442 in
2506 1389 2718 1458 regione
2746 1389 3021 1446 vivorum.
3071 1396 3239 1439 mater
3283 1387 3489 1449 salutis,

1908 1474 2027 1528 fons
2054 1477 2182 1530 lucis
2204 1520 2216 1540 ,
2250 1493 2368 1546 qum
2403 1487 2456 1531 et
2482 1493 2638 1531 sensu
2668 1489 2719 1530 et
2762 1488 2936 1529 meme
2982 1477 3299 1544 percipitur;
3333 1490 3492 1528 sensu

1909 1578 2124 1635 propter
2150 1584 2386 1629 carnem,
2420 1581 2598 1623 mente
2629 1580 2845 1639 propter
2874 1570 3222 1621 divinitatem.
3270 1569 3358 1621 Sic
3389 1570 3491 1621 ita.

1907 1672 2008 1725 quc
2035 1675 2246 1725 prorsus
2276 1660 2425 1713 beata
2459 1660 2792 1727 pra'dicatur.
2824 1660 2932 1711 lmo
2955 1659 3113 1712 etiam
3142 1660 3265 1713 dum
3293 1659 3492 1712 viveret

1909 1748 1959 1800 in
1992 1763 2150 1801 carne
2172 1790 2184 1807 ,
2220 1750 2367 1803 beata
2398 1750 2781 1819 prtedicabutur
2806 1768 2817 1802 :
2847 1750 3046 1803 audivit
3085 1751 3223 1803 cnim
3263 1750 3491 1803 beatitu-

1906 1839 2081 1892 dinem
2115 1839 2253 1891 illam
2281 1854 2402 1892 cum
2422 1839 2594 1893 adlmc
2620 1839 2670 1891 in
2695 1855 2853 1892 carne
2884 1849 3043 1892 esset.
3094 1838 3185 1891 llla
3216 1840 3387 1906 primo
3414 1840 3490 1891 vi-

1905 1928 2014 1992 dit,
2044 1945 2105 1983 ac
2132 1929 2322 1983 deinde
2349 1945 2414 1982 ex
2448 1930 2636 1983 arbore
2664 1932 2923 2007 gustavit;
2970 1930 3081 1982 hazc
3126 1932 3295 1997 primo
3335 1930 3487 1994 dixit,

1906 2032 1957 2075 et
1981 2029 2104 2075 tunc
2129 2022 2504 2075 beatitudinem
2531 2021 2748 2074 audivit.
2794 2020 2923 2073 Cum
2957 2021 3096 2073 enim
3126 2020 3364 2073 Salvator
3389 2019 3488 2072 do-

1905 2124 2050 2167 ceret
2073 2154 2086 2175 ,
2124 2114 2382 2166 Extollens
2405 2129 2571 2165 vocem
2602 2113 2833 2180 quwdam
2875 2113 3055 2165 mulier
3081 2112 3142 2163 de
3173 2112 3315 2163 turba
3338 2111 3486 2181 (Luc.

1906 2206 1992 2260 ll.
2019 2204 2132 2274 27),
2166 2206 2370 2259 cunctis
2400 2204 2755 2267 audientibus,
2781 2203 2907 2255 dicit
2938 2202 3013 2255 illi
3046 2221 3058 2254 :
3088 2202 3274 2254 Beatus
3312 2212 3483 2253 venter

1904 2299 1988 2366 qui
2016 2308 2060 2350 te
2090 2298 2321 2364 portavit,
2348 2307 2390 2349 et
2411 2296 2562 2349 ubera
2588 2312 2700 2365 qua:
2718 2296 2915 2349 suxisti.
2933 2295 3192 2348 Caeterum
3219 2296 3267 2347 in
3285 2294 3487 2347 Adamo

1905 2387 2142 2455 implevit
2182 2388 2319 2441 Deus
2346 2388 2661 2440 sententiam
2689 2426 2703 2449 ,
2738 2387 2843 2438 imo
2872 2401 2995 2438 vero
3028 2385 3348 2452 pmnitentiae
3372 2400 3486 2437 me-

1904 2479 2111 2540 delam,
2164 2480 2383 2545 aitque:
2419 2476 2549 2541 Quia
2596 2477 2781 2529 audisti
2828 2492 2993 2528 vocem
3046 2476 3215 2528 uxoris
3266 2484 3394 2538 tute,
3440 2482 3487 2526 et

1904 2570 2160 2622 comedisti
2187 2569 2248 2621 de
2286 2570 2452 2636 ligno,
2483 2584 2543 2619 ea:
2569 2584 2665 2635 quo
2693 2584 3025 2636 prteceperam
3063 2568 3151 2619 tibi
3177 2584 3236 2618 ne
3260 2567 3488 2617 comede-

1903 2678 2000 2726 res,
2030 2661 2292 2712 maledicta
2318 2670 2449 2712 terra
2477 2661 2527 2710 in
2564 2660 2793 2724 oneribus
2816 2661 2910 2710 tuis
2944 2657 3094 2727 (Gen.
3120 2659 3171 2711 5.
3212 2659 3321 2727 l7).
3353 2660 3485 2711 Ilur-

1903 2766 1992 2804 sus
2027 2751 2113 2819 qui
2147 2750 2455 2803 benedictus
2486 2750 2651 2802 fuerat
2678 2790 2691 2810 ,
2726 2748 3150 2801 maledictionem
3185 2765 3287 2801 non
3320 2750 3487 2801 susci-

1906 2843 2015 2910 pit,
2045 2841 2135 2894 sed
2169 2852 2325 2893 terra.
2360 2840 2509 2892 Alius
2548 2841 2821 2908 peccavit,
2856 2839 2955 2892 alia
2998 2840 3234 2893 caeditur.
3266 2839 3332 2895 Ut
3365 2841 3485 2893 Eva:

1904 2933 2091 2985 maledi
2121 2934 2206 2984 'tio
2237 2948 2249 2982 :
2281 2933 2385 2983 imo
2424 2932 2596 2998 potius
2637 2930 2971 2993 emendatio;
3023 2945 3125 2983 non
3155 2933 3295 2983 enim
3322 2931 3486 2984 male-

1901 3022 2062 3076 dictio
2113 3030 2265 3081 crat,
2319 3021 2411 3075 sed
2456 3020 2757 3075 emendatio
2804 3037 2816 3071 :
2861 3020 3306 3088 quemadmodum
3360 3023 3483 3077 Eine

1901 3114 2181 3177 correctio,
2208 3111 2272 3165 In
2302 3113 2557 3164 doloribus
2584 3113 2747 3178 paries
2780 3112 2996 3181 (etenim
3021 3112 3193 3164 otnnis
3222 3112 3409 3165 mulier
3432 3114 3482 3165 in

1900 3208 2170 3261 doloribus
2225 3204 2427 3275 parit),
2483 3206 2736 3257 hactenus
2785 3206 2975 3256 mansit
3007 3222 3017 3255 :
3053 3205 3129 3257 sic
3167 3214 3218 3256 et
3246 3205 3433 3257 Adami
3466 3224 3479 3260 :

1904 3297 2174 3351 Maledicta
2196 3296 2393 3349 terrain
2415 3294 2644 3362 aperibus
2673 3296 2788 3345 tuis.
2820 3293 3067 3346 Nostrum
3096 3310 3253 3360 opera
3285 3296 3479 3363 iniqua,

1901 3400 1953 3443 et
1982 3400 2115 3442 terra
2149 3388 2408 3456 plectitur.
2443 3384 2546 3438 Nos
2572 3399 2869 3452 peccamus,
2901 3394 2953 3437 et
2985 3393 3119 3436 terra
3151 3385 3479 3437 maledictio-

1904 3496 2021 3533 nem
2047 3478 2257 3545 accipit.
2311 3477 2485 3529 Parcit
2531 3476 2666 3527 Dens
2696 3472 2929 3542 opiﬁcio,
2978 3482 3035 3525 ut
3081 3474 3307 3542 ingenuo
3352 3476 3476 3539 lilio,

1904 3584 2092 3626 terram
2124 3582 2177 3625 ut
2208 3570 2549 3640 paedagogum
2581 3570 2776 3638 plectit.
2822 3568 3097 3621 Maledicta
3125 3579 3257 3621 terra
3285 3571 3335 3622 in
3363 3588 3480 3638 0pc—

1900 3664 2034 3715 ribus
2062 3664 2177 3715 tuis.
2207 3662 2282 3715 Nc
2310 3660 2616 3714 consideres
2657 3672 2895 3711 naturam
2924 3700 2938 3723 ,
2988 3659 3077 3711 sed
3118 3660 3207 3712 Dei
3236 3662 3478 3728 gratiam.

1899 3755 2013 3808 Non
2056 3753 2295 3806 absolute
2324 3752 2490 3815 dixit,
2536 3749 2811 3801 Maledicta
2843 3760 2972 3801 terra
3004 3764 3020 3801 :
3053 3764 3170 3801 nam
3202 3749 3477 3803 maledicta

1902 3846 2220 3907 mansisset,
2273 3852 2325 3895 et
2370 3841 2571 3894 fructus
2600 3857 2702 3893 non
2751 3840 2988 3902 tulisset;
3032 3840 3477 3905 quemadmodum

1899 3934 2030 3986 dixit
2058 3932 2174 3985 licui
2212 3949 2223 3982 :
2260 3930 2378 3982 Non
2410 3932 2541 3981 ultra
2579 3946 2639 3981 ea:
2674 3942 2719 3980 te
2744 3940 2881 3980 exeat
2914 3934 3109 3997 fructus
3136 3971 3148 3992 ,
3198 3940 3241 3981 ct
3283 3935 3478 3983 exaruit

1902 4026 2110 4094 (Matth.
2142 4024 2231 4077 2|.
2269 4024 2354 4090 19)
2386 4040 2396 4071 :
2428 4023 2503 4074 sic
2542 4031 2593 4073 et
2642 4022 2689 4073 in
2739 4029 2878 4073 terra
2927 4023 3154 4071 l‘uturum
3200 4034 3351 4085 erat;
3388 4023 3477 4073 scd

1899 4118 1990 4179 ait,
2020 4114 2081 4168 in
2110 4115 2339 4183 operibus
2374 4113 2488 4164 tuis.
2520 4110 2738 4178 Quando
2769 4126 2947 4179 pecco,
2984 4111 3274 4177 percutitur
3304 4123 3475 4173 terra;

1900 4208 2111 4279 quando
2155 4217 2299 4260 recte
2346 4205 2570 4267 incedo,
2615 4204 2756 4256 illam
2790 4204 3071 4256 benedicit.
3124 4204 3190 4255 At
3217 4204 3333 4258 vide
3364 4220 3475 4256 rem

1901 4301 2111 4353 tniram.
2138 4297 2359 4363 Quando
2386 4297 2583 4349 creavit
2610 4296 2745 4347 Deus
2775 4305 2992 4357 terram,
3026 4312 3190 4359 mare,
3218 4298 3474 4359 volatilia,

1901 4391 2128 4460 reptilia,
2162 4389 2380 4447 bestias,
2412 4387 2703 4450 hominem,
2728 4388 2901 4440 omnia
2931 4387 3201 4442 benedixit
3234 4408 3245 4441 :
3277 4392 3478 4443 fructus

1899 4494 2026 4533 vero
2071 4493 2171 4531 non
2222 4476 2524 4537 benedixit,
2557 4476 2699 4545 quod
2741 4492 2930 4543 nempe
2958 4478 3117 4529 sciret
3156 4480 3291 4531 hanc
3324 4488 3477 4531 terra:

1901 4578 2160 4624 servatam
2188 4584 2305 4622 esse
2335 4584 2567 4637 ptenam,
2597 4579 2652 4621 ut
2680 4570 3019 4637 peccantibus
3046 4570 3344 4623 hominibus
3368 4581 3475 4625 stc—

1900 4663 2090 4715 rilitate
2138 4660 2492 4731 plecteretur,
2530 4669 2581 4713 ct
2624 4660 2787 4727 probe
2816 4662 3109 4726 agentibus,
3156 4660 3474 4716 fertilitatem

1898 4756 2178 4821 acciperet.
2222 4753 2334 4806 Non
2364 4752 2629 4805 benedixit
2658 4752 2911 4804 fructibus
2936 4770 2948 4803 :
2978 4753 3173 4805 donum
3204 4756 3343 4807 enim
3367 4766 3478 4808 Cl'dl

1898 4845 2011 4898 sine
2036 4841 2359 4911 pmnitentia.
2384 4842 2571 4908 Spinas
2586 4852 2629 4893 et
2651 4841 2855 4893 tribulos
2879 4844 3113 4910 producet
3141 4844 3244 4895 tibi.
3270 4844 3473 4912 Magna,

1899 4937 2094 5005 inquit,
2141 4934 2467 5002 despexisti;
2506 4932 2796 4985 minoribus
2842 4935 3108 5001 plectaris.
3163 4934 3292 4988 Vide
3318 4953 3473 5003 quam

1899 5029 2184 5081 moderatzn
2215 5027 2321 5079 sint
2350 5026 2740 5093 castigationes.
2762 5012 2771 5017 ’
2792 5024 2951 5093 Spina
2984 5026 3226 5078 orcidcre
3257 5029 3432 5095 nequit
3462 5045 3473 5087 ;

1897 5130 2175 5172 cruentare
2200 5125 2390 5185 potest.
2420 5116 2479 5167 Et
2503 5116 2742 5169 comedet
2765 5128 2956 5169 terram
2988 5116 3036 5167 in
3066 5116 3351 5168 doloribus.
3388 5118 3473 5168 Illa

1898 5212 2031 5277 parit
2060 5209 2108 5261 in
2133 5208 2404 5261 doloribus
2430 5224 2441 5268 ;
2474 5217 2527 5259 tu
2549 5207 2768 5260 comede
2792 5208 2841 5259 in
2864 5207 3151 5259 doloribus.
3173 5207 3300 5260 Nam
3327 5220 3477 5261 vetus

1898 5298 1985 5350 illa
2025 5298 2282 5350 sententia
2326 5300 2579 5349 hactenus
2609 5304 2802 5347 manet.
2852 5296 2917 5347 Et
2944 5297 3059 5347 vide
3086 5297 3211 5349 mihi
3236 5298 3471 5358 divitem,

1898 5403 2201 5456 pauperem,
2236 5388 2543 5453 principem.
2572 5402 2839 5453 magntnn,
2878 5403 3000 5437 mnu
3036 5388 3137 5439 vita
3165 5388 3277 5455 ejus
3313 5388 3475 5454 possit

1898 5481 2009 5532 sine
2036 5478 2216 5530 dolore
2244 5486 2295 5529 et
2328 5493 2447 5529 cura
2484 5477 2724 5529 inveniri.
2758 5476 2974 5542 Quare?
3010 5477 3266 5543 Quoniam
3301 5477 3361 5526 In
3390 5494 3475 5525 stt-

1898 5571 2016 5621 dore
2045 5569 2207 5620 vultus
2228 5570 2299 5619 tui
2329 5569 2536 5619 vesceris
2564 5585 2692 5634 pane
2717 5579 2802 5620 tuo
2834 5568 2981 5635 (Gen.
3011 5570 3060 5620 5.
3096 5569 3202 5631 19).
3253 5566 3473 5619 Noluisti

1900 5660 2213 5728 tranquille;
2246 5660 2294 5711 iu
2322 5660 2513 5713 sudore
2535 5661 2776 5714 comede.
2828 5660 2938 5713 Non
2967 5662 3112 5727 punit
3139 5659 3280 5709 illum
3313 5657 3472 5719 fame,

1896 5750 1989 5802 sed
2034 5750 2259 5802 miseria:
2297 5759 2453 5818 atque
2499 5748 2665 5802 labori
2709 5750 2936 5815 subjicit.
2995 5749 3108 5799 Jam
3148 5755 3232 5805 tu,
3286 5746 3474 5811 ﬁdelis,

1895 5838 2021 5891 illttd
2057 5839 2248 5908 cogita.
2296 5839 2350 5895 Si
2382 5838 2547 5892 Adam
2591 5839 2703 5893 sine
2744 5839 2937 5892 sudore
2969 5853 3154 5905 panem
3189 5852 3291 5890 non
3324 5851 3475 5891 Coin-
