4102 6464
613 397 729 455 499

608 507 753 569 edit,
786 516 883 560 nos
917 499 1190 573 quomodo
1235 500 1351 555 sine
1393 496 1666 553 laboribus
1700 494 2094 564 sudoribusque
2123 509 2212 549 re-

602 612 769 668 gnum
793 595 1043 650 calorum
1065 590 1492 661 consequamur?
1518 588 1708 651 Donec,
1736 587 1926 657 inquit,
1948 585 2215 641 revertaris

599 691 663 742 in
687 698 890 749 terram,
921 686 984 740 de
1006 700 1106 755 qua
1120 692 1350 753 sumptus
1376 697 1447 735 es.
1475 679 1519 735 Ο
1538 678 1859 734 sententiam
1882 679 1894 731 Ξ
1925 692 1958 730 o
1978 680 2213 731 clemen-

613 780 739 833 tiam
772 788 915 831 metu
949 774 1200 845 plenam!
1244 789 1278 827 ο
1326 772 1644 826 sententiam
1689 769 2059 824 consolatione
2101 768 2213 836 ple-

613 873 775 927 nam!
836 869 1080 925 Nondum
1127 866 1446 936 expulerat,
1502 876 1556 918 et
1609 863 1914 918 revocavit!
1974 861 2210 916 nondum

613 966 863 1034 ejecerat,
895 971 951 1017 et
984 960 1305 1029 resumpsit!
1342 958 1513 1011 Donec
1546 956 1812 1010 revertaris
1841 956 1894 1008 in
1922 964 2127 1018 terram,
2152 954 2215 1007 de

611 1074 713 1127 qua
751 1066 981 1123 sumptus
1030 1071 1100 1109 es.
1160 1053 1272 1107 Non
1304 1052 1473 1116 dixit,
1526 1051 1703 1105 Donec
1732 1049 1995 1112 deleat-is,
2041 1048 2214 1102 iluuec

611 1146 960 1207 tlissolvaris;
999 1144 1092 1198 sed
1114 1184 1127 1205 ,
1180 1141 1356 1196 Donec
1387 1141 1652 1195 revertaris
1678 1141 1730 1193 iu
1760 1149 1983 1204 terram,
2025 1139 2088 1191 de
2115 1154 2215 1207 qua

612 1248 847 1307 sumptus
889 1252 985 1291 es:
1014 1246 1071 1290 ut
1119 1234 1211 1288 tibi
1258 1248 1407 1300 spem
1457 1230 1868 1287 resurrectionis
1899 1229 2209 1283 substituas.

614 1332 711 1388 illo
744 1340 795 1386 te
825 1330 1013 1392 mitto,
1062 1328 1205 1382 unde
1249 1337 1299 1381 te
1327 1326 1540 1394 accepi;
1581 1334 1637 1377 ut
1670 1334 1719 1378 te
1748 1334 1872 1377 tunc
1899 1322 2117 1391 accepi,
2161 1328 2215 1376 te

617 1438 803 1479 rursus
828 1436 1046 1494 possum
1074 1421 1316 1490 accipere
1336 1460 1351 1486 ,
1399 1418 1530 1484 Quia
1562 1426 1695 1471 terra
1719 1432 1771 1468 es
1793 1456 1807 1479 ,
1856 1425 1901 1468 et
1944 1414 1995 1468 in
2024 1423 2214 1468 terram

2104 1599 3055 1630 ...ρ-ψη
3059 1598 3889 1621 ’,Μ-..α’
3093 1597 3142 1604 —
3157 1597 3170 1604 '
3189 1586 3885 1605 W""

651 1609 803 1622 __.__
821 1607 1615 1635 .——_==____.————..-
1638 1608 1804 1616 -~-_...
1820 1608 2104 1616 -....-._.-.__

2080 381 2454 438 SEVERIANI

3832 406 3943 463 500

2321 496 2437 551 ibis.
2464 495 2602 563 Non,
2623 495 3055 564 Deleberis,seil,
3076 497 3209 555 Ibis.
3237 498 3392 564 Illud,
3429 500 3559 567 Ibis,
3588 502 3811 573 quidam
3845 505 3928 560 in-

2325 588 2599 657 terpretati
2628 598 2786 652 sunt,
2818 588 3122 645 Ret'crteris.
3154 592 3421 660 Quantum
3452 595 3611 664 igitur
3640 612 3739 669 per
3764 596 3931 653 facul-

2324 687 2486 734 tatem
2534 678 2712 741 licuit,
2766 694 2860 747 per
2885 683 3110 750 gratiam
3143 684 3310 737 sancti
3342 684 3571 754 Spiritus
3599 728 3612 750 ,
3642 687 3925 743 vobiscum

2323 769 2627 841 paradisum
2672 772 3063 839 percurrimus,
3112 772 3257 843 regia
3299 776 3625 831 monimenta
3676 778 3925 849 legimus,

2324 861 2555 916 vidimus
2585 875 2704 915 reos
2736 862 2981 917 libertate
3005 862 3263 931 donatos,
3295 864 3499 921 Judicis
3543 868 3925 927 clementiam:

2323 969 2426 1025 qua
2458 953 2658 1008 utinam
2686 969 2715 1008 a
2752 953 2969 1008 Christo
3010 955 3238 1011 salutem
3283 972 3709 1029 consequamur,
3743 970 3799 1014 ut
3823 975 3930 1015 cm-

2325 1046 2551 1102 lestibus
2579 1046 2683 1099 illis
2708 1058 2762 1100 et
2782 1047 3124 1115 sempiternis
3154 1047 3392 1104 fruamur
3415 1050 3589 1115 bouis,
3623 1051 3673 1105 iu
3706 1049 3928 1108 Christo

2322 1137 2451 1194 Jesu
2494 1137 2719 1192 Domino
2775 1148 2959 1192 nostro
3006 1154 3019 1191 :
3064 1140 3313 1208 quoniam
3361 1140 3461 1211 ipsi
3505 1142 3673 1212 gloria
3731 1150 3785 1196 et
3829 1142 3930 1197 im-

2324 1231 2563 1299 perium,
2610 1244 2751 1285 nunc
2786 1239 2839 1285 et
2880 1245 3126 1301 semper,
3172 1241 3227 1288 et
3267 1233 3317 1287 in
3358 1234 3554 1290 saveula
3583 1236 3925 1290 sa.-culorum.

2323 1326 2518 1378 Amen.

2078 1883 2463 1948 MONITUM

709 2144 945 2202 Jacobus
994 2142 1325 2198 Sirmondus
1376 2142 1439 2197 ad
1477 2141 1791 2196 Ennodium
1832 2139 1896 2193 Τ.
1958 2139 1978 2192 i
2018 2146 2309 2211 postrema:
2352 2132 2645 2193 Editionis,
2675 2147 2730 2201 p.
2766 2128 2923 2194 1842,
2979 2127 3048 2181 de
3096 2125 3200 2179 hac
3242 2120 3465 2177 homilia
3508 2117 3585 2173 sic
3637 2115 3923 2186 loquitur:

646 2311 665 2344 ι
698 2292 1028 2349 Severianus
1055 2291 1386 2347 Gabalorum
1437 2290 1726 2360 episcopus
1776 2303 1805 2341 a
1850 2293 2101 2357 serpente
2131 2284 2245 2352 illo,
2277 2282 2403 2355 quia
2437 2278 2742 2353 symbolum
2782 2284 2899 2331 crat
2936 2272 3114 2329 crucis
3142 2266 3367 2331 Christi,
3402 2264 3655 2326 salutem,
3691 2260 3784 2312 καὶ
3819 2255 3929 2310 ἀπὸ

635 2436 736 2491 τοῦ
769 2436 1177 2508 ἐπικαταράτου
1224 2434 1476 2503 εὐλογίαν
1508 2433 1728 2489 ﬂuxisse
1760 2433 1837 2487 ait
1870 2432 1926 2487 in
1958 2430 2110 2487 Orat.
2137 2425 2179 2482 ll
2204 2442 2233 2483 e

2344 2440 2449 2481 :em
2474 2440 2611 2495 quas
2639 2416 3014 2493 Chrysostomi
3038 2414 3263 2471 nomine
3286 2411 3343 2465 in
3366 2408 3544 2464 lucem
3577 2401 3725 2458 dedit
3760 2394 3927 2452 Card.

640 2580 892 2636 Sirletus.
941 2582 1051 2637 Sed
1107 2580 1407 2637 Severiano
1434 2580 1577 2634 hanc
1610 2585 1885 2642 asserunt,
1936 2590 2106 2647 quant
2149 2572 2282 2640 disi,
2312 2572 2682 2626 Damascenus
2715 2574 2771 2622 et
2818 2560 3128 2617 Hadrianus
3151 2567 3314 2627 papa.

642 2727 833 2782 siensi.
872 2748 888 2779 ι
920 2729 1061 2783 Nihil
1097 2731 1280 2802 itaque
1312 2729 1464 2787 dubii
1502 2724 1831 2795 relinquitur
1883 2727 2023 2781 hanc
2062 2723 2343 2778 homiliam
2381 2736 2505 2777 esse
2562 2713 2868 2775 Severiani,
2917 2708 3158 2765 hominis
3208 2711 3358 2759 certe
3392 2712 3503 2753 non
3532 2693 3782 2761 elinguis.

3366 2562 3496 2607 cum
3526 2540 3741 2618 Synodo
3780 2534 3937 2590 Pari-

3836 2683 3934 2740 sed

774 2996 1015 3041 ORATIO
1056 2996 1141 3040 DE
1189 2997 1537 3051 εειηΝτη,
1583 2997 1763 3049 QUEM
1806 2996 2051 3041 MOYSES
2096 2995 2161 3038 IN
2207 2994 2413 3038 CRUCE
2459 2990 2809 3036 SUSPENDIT
2850 2988 2911 3029 IN
2960 2985 3273 3041 DESERTO,
3322 2983 3532 3038 DFQUE
3576 2983 3796 3028 DIVINA

2037 3095 2382 3139 animum:
2432 3074 2545 3156 (α).

2092 3240 2498 3275 mw—

711 3365 764 3418 t.
806 3361 930 3417 Heri
956 3374 1257 3416 sermonem
1285 3360 1610 3415 instituimus
1635 3369 1818 3416 contra
1847 3359 2146 3427 luereticos,
2176 3371 2230 3416 et

639 3469 740 3526 pro
779 3454 944 3522 gloria
988 3450 1253 3521 Unigeniti
1295 3453 1721 3507 concertavimus
1747 3495 1761 3519 ,
1791 3468 1897 3507 non
1942 3462 1998 3507 ut
2039 3468 2232 3509 arcana

640 3547 881 3618 quaedam
915 3547 967 3601 in
1017 3546 1191 3602 lucem
1235 3545 1635 3615 proferremus,
1668 3546 1763 3602 sed
1807 3556 1862 3601 ut
1903 3550 2124 3619 gratiam
2168 3564 2235 3602 ex

642 3640 822 3695 animo
850 3638 1241 3708 proﬁteremur.
1269 3638 1383 3693 Non
1411 3639 1550 3692 enim
1573 3655 1637 3693 ex
1659 3639 1838 3695 verbis
1861 3641 2058 3694 nostris
2077 3638 2235 3695 Chri-

644 3732 711 3787 sti
739 3731 903 3802 gloria
934 3741 1157 3802 augetur
1182 3772 1196 3795 ,
1227 3732 1321 3786 sed
1356 3732 1623 3801 praeclaris
1652 3733 1720 3787 ab
1747 3748 1812 3787 eo
1842 3733 2013 3787 ornati
2045 3746 2237 3786 mune-

644 3825 791 3880 ribus
817 3867 832 3890 ,
872 3834 1024 3895 grato
1054 3824 1232 3878 animo
1262 3823 1578 3879 beneﬁcium
1612 3824 1985 3893 praedicamus.
2032 3826 2237 3879 Absur-

638 3917 921 3970 dissimum
951 3916 1096 3970 enim
1122 3924 1284 3978 esset,
1314 3930 1413 3970 nos
1438 3915 1710 3970 beneﬁciis
1739 3926 1957 3971 ornatos
1979 3959 1993 3984 ,
2027 3918 2239 3972 silentio

645 4020 927 4062 munerum
949 4007 1119 4059 vicem
1143 4006 1479 4075 persolvere:
1503 4008 1730 4061 maxime
1754 4023 1884 4062 vero
1902 4023 2023 4063 cum
2049 4008 2235 4075 David,

647 4108 704 4153 ut
731 4098 893 4153 modo
918 4097 1139 4151 audistis
1162 4138 1178 4161 ,
1210 4097 1279 4149 ita
1311 4096 1493 4165 jubeat
1519 4114 1529 4149 :
1563 4096 1740 4151 Omnis
1769 4108 1902 4151 terra
1938 4100 2113 4153 adoret
2158 4108 2204 4153 te
2224 4138 2237 4164 ,

643 4199 691 4245 et
720 4189 905 4260 psallat
935 4189 1023 4242 tibi
1041 4186 1212 4259 (Psal.
1241 4187 1330 4242 65.
1352 4187 1430 4256 4).
1458 4187 1622 4241 Deum
1647 4188 1942 4253 laudamus,
1972 4205 2076 4244 non
2100 4189 2241 4260 quod

648 4282 746 4352 ipsi
771 4281 1024 4336 hoaorem
1049 4279 1357 4345 afferamus,
1380 4279 1474 4334 sed
1501 4280 1652 4334 nobis
1676 4280 1803 4349 ipsis
1828 4281 2085 4338 honorem
2108 4298 2240 4337 con-

647 4374 913 4430 ciliemus.
945 4371 1179 4428 Gloriam
1212 4372 1321 4426 Deo
1352 4370 1649 4437 referimus,
1683 4388 1788 4426 non
1817 4389 1975 4443 quam
2008 4375 2104 4444 ipsi
2138 4376 2243 4430 lare

646 4468 896 4535 glamur,
940 4463 1035 4517 sed
1078 4477 1235 4531 quam
1278 4461 1432 4516 nobis
1474 4462 1830 4517 immortalem
1862 4464 2239 4522 conferamus:

649 4571 773 4609 nam
805 4553 929 4621 Eos,
962 4555 1047 4626 qui
1077 4570 1156 4607 me
1180 4554 1488 4623 gloriﬁcant,
1520 4554 1853 4623 gloriﬁcabo;
1883 4566 1929 4608 et
1962 4558 2048 4625 qui
2078 4568 2244 4611 conte-

651 4657 829 4701 mnunt
858 4664 937 4699 me
960 4689 973 4710 ,
1002 4648 1422 4713 contemnentur(
1453 4646 1501 4699 1.
1532 4643 1661 4715 Reg.
1708 4645 1762 4698 2.
1803 4645 1935 4715 50).
1969 4647 2072 4701 Pro
2106 4648 2244 4702 virili

651 4749 833 4793 nostra
883 4737 1203 4803 docuimus,
1256 4752 1362 4790 non
1412 4737 1573 4792 licere
1620 4738 1878 4793 terminos
1922 4740 2105 4809 gloria:
2148 4740 2244 4795 Dei

652 4830 957 4896 transilire,
985 4844 1090 4883 non
1122 4828 1426 4882 hominibus
1451 4870 1466 4894 ,
1499 4828 1588 4898 qui
1621 4830 1670 4882 in
1702 4838 1841 4883 terra
1869 4830 2069 4900 degunt
2092 4873 2107 4897 ,
2139 4846 2242 4885 non

652 4923 857 4991 angelis
880 4922 969 4991 qui
1002 4922 1053 4974 in
1080 4922 1245 4986 caelis,
1279 4936 1382 4975 non
1410 4921 1763 4993 archangelis,
1796 4939 1902 4977 non
1936 4925 2245 4992 principati-

654 5013 771 5077 bus,
808 5028 911 5065 non
943 5011 1283 5077 Cherubinis,
1315 5028 1419 5066 non
1447 5013 1775 5082 Seraphinis.
1810 5016 2244 5080 ALmeministis,

651 5113 710 5159 ut
731 5105 865 5158 bene
888 5102 1037 5165 novi,
1060 5111 1323 5173 quotquot
1342 5104 1469 5158 estis
1492 5102 1729 5158 discendi
1752 5107 1929 5175 cupidi
1951 5108 2243 5171 auditores,

652 5213 752 5266 qua
785 5196 991 5250 ratione
1034 5196 1116 5249 his
1154 5195 1219 5249 de
1260 5195 1416 5249 rebus
1459 5196 1694 5250 instituta
1733 5199 1903 5251 oratio
1940 5198 2004 5252 ad
2046 5202 2245 5254 exitum

650 5288 878 5344 deducta
909 5290 995 5343 sit.
1031 5290 1135 5343 Sed
1167 5290 1287 5358 quia
1318 5288 1503 5352 hodie,
1538 5290 1726 5343 fratres
1746 5331 1761 5355 ,
1791 5291 1901 5361 ipse
1928 5291 2037 5345 liex
2067 5294 2248 5361 gloria:

652 5396 868 5438 crucem
901 5396 1050 5435 suam
1085 5384 1455 5449 prmnuntiavit
1480 5426 1493 5446 ,
1525 5384 1909 5455 etApostolus,
1936 5386 2131 5455 regiam
2162 5403 2248 5443 se-

656 5488 827 5544 quens
855 5472 1155 5527 Servatoris
1188 5487 1373 5526 vocem
1399 5515 1413 5538 ,
1444 5474 1510 5527 de
1536 5490 1694 5529 cruce
1724 5473 2127 5545 pltil050p|iatus
2167 5490 2249 5533 est

655 5566 816 5635 (nam
858 5567 1115 5621 Dominus
1153 5566 1428 5636 discipulis
1464 5568 1715 5623 dicebat:
1756 5570 1889 5625 Ecce
1932 5573 2249 5629 ascendimus

654 5659 1049 5729 Jerosolgmam,
1074 5669 1119 5711 et
1142 5658 1312 5714 Filius
1335 5660 1553 5713 hominis
1574 5662 1799 5715 tradetur
1818 5664 1868 5717 in
1892 5680 2069 5718 manus
2091 5664 2252 5719 inimi-

719 5833 794 5897 (a)
828 5832 1005 5884 Collata
1026 5848 1135 5885 cum
1160 5833 1334 5885 Codice
1362 5840 1476 5896 Reg.
1507 5832 1645 5883 1658.

2340 3376 2516 3415 corum
2538 3357 2751 3432 [Mattlt.
2775 3355 2865 3411 20.
2891 3352 3017 3427 18];
3047 3354 3240 3409 Paulus
3263 3368 3393 3408 vero
3416 3352 3629 3409 Galatas
3651 3353 3939 3423 objurgans

2341 3452 2554 3519 scripsit
2584 3468 2595 3502 :
2630 3449 2756 3515 Quis
2783 3463 2870 3501 vos
2897 3446 3196 3517 fascinarit,
3234 3446 3415 3516 quibus
3445 3456 3564 3499 ante
3591 3446 3763 3499 oculos
3788 3443 3938 3500 Chri-

2345 3551 2448 3597 stus
2480 3540 2804 3611 pra’scrt'ptus
2831 3546 2902 3591 est
2928 3538 2980 3590 in
3008 3536 3145 3590 vobis
3175 3534 3492 3605 cruciﬁxus?
3520 3530 3669 3605 [ϐαι.
3700 3534 3751 3588 5.
3782 3533 3835 3607 l]
3878 3536 3897 3607 )
3922 3578 3937 3602 ,

2346 3633 2597 3703 quoniam
2641 3631 2797 3701 igitur
2837 3639 2890 3683 ct
2930 3628 3070 3697 regia
3111 3627 3319 3682 Domini
3348 3642 3448 3683 vox
3474 3667 3489 3695 ,
3518 3636 3573 3683 et
3604 3626 3776 3683 ﬁdelis
3804 3627 3941 3682 servi

2348 3723 2589 3778 doctrina
2618 3762 2632 3784 ,
2679 3720 2840 3790 regiis
2882 3720 3137 3775 insistunt
3171 3719 3405 3790 vestigiis
3432 3760 3447 3786 ,
3486 3734 3669 3789 opera:
3711 3722 3940 3790 pretium

2347 3815 2618 3880 existimo,
2648 3826 2747 3867 nos
2772 3812 2932 3867 etiam
2961 3827 3058 3882 pro
3080 3811 3216 3865 virili
3244 3811 3312 3866 de
3334 3811 3595 3868 dominica
3625 3826 3786 3867 cruce
3811 3829 3941 3868 con-

2348 3916 2602 3964 sentanea
2634 3905 2812 3975 loqui,
2842 3920 2947 3957 non
2978 3914 3032 3957 ut
3062 3903 3369 3973 dignitatem
3404 3902 3547 3958 illam
3575 3904 3901 3975 attingamus
3924 3945 3938 3967 ,

2348 3999 2444 4054 sed
2488 4006 2546 4052 nt
2587 4010 2685 4067 pro
2714 3994 2847 4049 virili
2880 4007 3060 4049 nostra
3090 3995 3327 4049 debitum
3370 3993 3761 4063 persolvamus.
3807 3994 3942 4062 Quid

2348 4091 2509 4160 igitur
2534 4093 2607 4144 ait
2632 4088 2931 4143 Servatur?
2961 4088 3090 4141 Ecce
3118 4088 3431 4141 ascendimus
3455 4085 3834 4158 Jerosolymam
3855 4128 3869 4150 ,
3899 4097 3944 4141 et

2353 4182 2520 4237 Filius
2568 4182 2784 4235 hominis
2828 4182 3071 4234 tradetur.
3130 4180 3378 4234 Pmcdicit
3426 4179 3729 4249 passionem
3776 4180 3945 4233 victor

2351 4273 2574 4340 mortis;
2602 4282 2814 4328 crucem
2844 4272 3182 4343 praenuntiat,
3206 4273 3293 4341 qui
3322 4285 3481 4326 cruce
3504 4283 3731 4324 mortem
3754 4269 3946 4324 diSSoI-

2350 4366 2425 4420 vit
2455 4382 2468 4419 :
2496 4376 2765 4419 certamen
2790 4364 3126 4433 praenuntiat,
3153 4370 3210 4416 ut
3236 4361 3511 4416 victoriam
3540 4360 3817 4429 prtedicet.
3851 4360 3943 4414 llic

2351 4472 2538 4511 rursus
2569 4455 2633 4509 ad
2668 4454 3065 4525 intelligendam
3094 4453 3301 4507 Domini
3330 4466 3514 4506 vocem
3550 4452 3788 4505 animum
3822 4466 3946 4506 con-

2350 4557 2520 4602 verte.
2552 4546 2687 4601 Vide
2715 4557 2908 4615 quanta
2935 4561 3053 4599 cum
3080 4544 3397 4599 auctoritate
3425 4541 3599 4596 dicat:
3624 4542 3755 4597 Ecce
3775 4559 3948 4596 ascen-

2353 4641 2519 4691 dimus
2545 4636 2935 4707 Jerosolymam,
2967 4646 3011 4689 et
3039 4634 3206 4689 Filius
3238 4635 3453 4688 hominis
3479 4634 3728 4699 tradetur,
3755 4643 3809 4686 ut
3835 4651 3945 4687 cru-

2354 4728 2607 4798 ciftgatur.
2654 4726 2753 4794 Qui
2788 4727 2901 4780 haec
2934 4725 3177 4794 prmdicit
3200 4766 3215 4791 ,
3258 4724 3312 4778 in
3354 4724 3468 4795 ipso
3506 4725 3804 4779 certamine
3842 4725 3944 4794 jam

2352 4820 2671 4875 constitutus
2709 4818 3020 4889 dignitatem
3066 4818 3397 4873 auctoritatis
3435 4826 3644 4881 mutat.
3688 4827 3947 4888 negatque

2353 4913 2664 4983 dignitatem
2696 4913 2984 4966 divinitatis
3023 4926 3133 4965 suae
3162 4912 3346 4965 dicens
3377 4928 3389 4962 :
3424 4909 3580 4964 Pater
3600 4953 3615 4974 ,
3645 4912 3689 4964 si
3718 4910 3947 4978 possibile

2353 5014 2460 5067 est,
2489 5012 2707 5058 transeat
2748 5020 2779 5055 a
2807 5020 2883 5055 me
2909 5004 3044 5057 calix
3068 5005 3166 5056 iste
3199 5002 3427 5072 (Matth.
3469 5000 3558 5056 26.
3592 5001 3661 5056 39
3684 5002 3723 5071 ).
3758 5004 3943 5055 Annon

2358 5096 2755 5166 repugnantiam
2808 5094 3231 5149 animadvertis?
3279 5094 3701 5149 lncarnationem
3750 5094 3939 5163 cogita.

2355 5187 2458 5243 Sed
2505 5189 2568 5242 ad
2613 5189 2943 5258 propositum
2989 5185 3294 5240 redeamus.
3347 5184 3630 5254 Discipulis
3670 5186 3786 5238 ait:
3820 5183 3944 5237 Ecce

2354 5281 2671 5333 ascendimus
2710 5280 3116 5349 Jerosolymam,
3153 5288 3197 5331 et
3237 5276 3402 5332 Filius
3443 5279 3659 5333 hominis
3702 5278 3943 5331 tradetur.

2356 5371 2489 5425 Vide
2518 5386 2672 5439 quam
2698 5380 2853 5424 caute
2886 5371 3145 5439 loquatur.
3177 5368 3309 5422 Cum
3344 5370 3643 5437 passionem
3674 5367 3941 5438 pncdicdt.

2355 5463 2640 5517 humanam
2672 5461 2909 5515 ostendit
2939 5470 3179 5514 naturam
3199 5502 3212 5524 ,
3241 5459 3407 5515 Filius
3437 5461 3655 5513 hominis
3696 5460 3937 5512 tradetur.

2355 5554 2567 5609 Etenim
2613 5565 2808 5619 corpus
2834 5550 3041 5605 visibile
3068 5549 3599 5619 patitur;divinitatis
3621 5563 3750 5603 vero
3770 5548 3937 5618 digni-

2357 5654 2456 5707 tas,
2479 5660 2595 5716 qure
2621 5643 2966 5713 intelligendo
2990 5643 3290 5713 percipitur,
3318 5643 3479 5698 vitam
3501 5640 3675 5696 affert.
3701 5640 3764 5695 Et
3785 5641 3939 5713 ﬁgura

2357 5738 2571 5808 quidem
2603 5736 2843 5804 corporis
2865 5777 2878 5801 ,
2914 5734 3134 5799 fratres,
3168 5745 3339 5790 morte
3368 5732 3626 5799 solvitur;
3655 5733 3825 5800 virtus
3850 5748 3938 5788 au-

2355 5841 2460 5886 tem
2496 5830 2841 5885 inhabitantis
2872 5829 2921 5885 id
2952 5829 3095 5901 quod
3131 5830 3363 5884 solutum
3405 5833 3521 5883 erat
3558 5826 3778 5882 excitat.
3832 5828 3939 5896 lpsc
