4158 6522
654 448 759 504 501

650 543 834 612 φύσιν.
889 544 946 597 '0
975 544 1110 608 ιΐίὸς
1139 547 1232 600 τοῦ
1277 548 1563 619 ἀνθρώπου
1610 548 1978 620 παραδίδοται.
2027 550 2234 623 Πάσχει

649 628 762 697 γάρ
797 626 858 678 τὸ
887 628 1209 697 φαινόμενον
1244 630 1403 700 σῶμα
1423 672 1438 696 ,
1487 629 1741 694 ζωοποιεῖ
1775 631 1832 684 δὲ
1860 632 1922 684 τὸ
1953 633 2238 703 νοούμενον

649 711 749 778 τῆς
789 709 1040 780 θεότητος
1071 710 1306 781 ἀξίωμα.
1337 715 1445 766 Καὶ
1485 713 1671 766 λύεται
1711 716 1829 784 μὲν,
1871 715 2107 784 ἀδελφοὶ,
2143 716 2238 768 θα-

650 795 796 863 νάτῳ
817 793 876 845 τὸ
909 794 1093 863 σχῆμα
1120 795 1213 847 τοῦ
1241 796 1492 865 σώματος
1515 814 1527 829 ·
1558 799 1762 868 ἐγείρει
1801 799 1857 852 δὲ
1889 800 1948 852 τὸ
1980 817 2236 870 Αυομενον

647 879 680 942 ἡ
713 876 806 928 τοῦ
835 877 1168 941 ἐνοικοῦντος
1191 878 1437 949 δύναμις.
1464 882 1636 944 Αὐτὸς
1665 877 1730 951 ἦν
1760 884 1788 934 6
1814 882 2071 951 λυόμενος
2098 885 2236 936 κατά

646 971 707 1011 το
739 959 917 1028 σῶμα,
945 961 1104 1024 αὐτὸς
1129 962 1358 1033 ἐγείρων
1381 965 1440 1016 τὸ
1466 965 1723 1034 λυόμενον
1743 966 1883 1018 κατά
1903 967 1964 1019 τὸ
1985 967 2230 1035 Πνεῦμα.

647 1043 887 1099 Λύσατε
908 1043 1038 1112 γὰρ,
1067 1046 1220 1112 φησὶ,
1245 1045 1353 1098 τόν
1385 1047 1534 1099 ναὸν
1557 1047 1791 1110 τοῦτον,
1822 1048 1919 1100 καί
1942 1049 2010 1101 ἐν
2037 1049 2236 1116 τρισίν

646 1125 894 1193 ἡμέραις
931 1124 1113 1193 ἐγερῶ
1142 1128 1348 1180 αὐτόν.
1392 1129 1536 1182 Ἰδοὺ
1566 1130 1966 1198 ἀναϐαίνομεν
2007 1133 2094 1196 εἰς
2143 1132 2236 1184 Ἰε-

639 1209 974 1276 ροσόλυμα.
1002 1210 1222 1280 Χριστῷ
1247 1211 1669 1276 ἀκολουθοῦντας
1696 1213 1795 1264 οὐκ
1828 1213 1973 1265 ἔστιν
1997 1214 2233 1282 οὐδαμοῦ

645 1289 944 1353 κατελθεῖν,
983 1291 1097 1344 ἀλλ’
1146 1293 1354 1346 ἀνιέναι
1405 1294 1491 1347 διὰ
1535 1295 1753 1356 παντός.
1809 1295 2016 1358 Ἀλλως
2045 1313 2103 1349 τε
2142 1297 2234 1348 καὶ

646 1373 922 1444 αἰσθητῶς
949 1376 981 1444 ή
1017 1374 1136 1436 ὁδὸς
1167 1375 1275 1427 ἀπὸ
1311 1376 1520 1446 Ἱεριχῶ
1553 1379 1631 1440 είς
1672 1379 2023 1449 Ἰεροσόλυμα
2051 1379 2234 1432 ἄνοδον

644 1457 778 1529 εἶχε,
808 1461 900 1513 καὶ
920 1479 971 1513 νς
987 1461 1127 1524 στῶς
1151 1462 1212 1514 τὸ
1233 1463 1403 1526 πάθος
1425 1464 1516 1516 ἐπὶ
1536 1464 1632 1535 τὴν
1660 1465 1844 1518 ἄνοδον
1871 1467 1972 1536 τῆς
1997 1467 2230 1520 ἀναστά-

646 1560 783 1606 σεως
826 1543 1037 1614 ἔφερεν.
1107 1545 1277 1617 Ἀδάμ
1321 1547 1428 1618 γάρ
1465 1548 1556 1600 τὸν
1590 1551 1669 1612 εἰς
1715 1549 1842 1619 ᾅδου
1884 1551 2118 1604 πεσόντα
2153 1552 2234 1614 είς

643 1626 872 1698 οὐρανὸν
913 1627 1257 1692 ἀνεκαλεῖτο,
1293 1632 1386 1684 καὶ
1413 1630 1511 1701 τὴν
1550 1633 1725 1702 χαμαὶ
1757 1633 2015 1703 κειμένην
2049 1634 2232 1687 εἰκόνα

644 1712 724 1772 είς
753 1710 885 1779 ὕψος
917 1711 1210 1780 ἀνήγαγεν.
1245 1713 1672 1782 Ἀναϐαίνομεν
1708 1718 1795 1782 είς
1827 1717 2228 1784 Ἰεροσόλυμα.

645 1795 816 1847 Ὀπου
843 1794 995 1858 Θεὸς,
1026 1796 1144 1848 ἐκεῖ
1171 1798 1372 1867 ἀρετῆς
1403 1798 1665 1860 ἀνάϐασις
1689 1815 1702 1829 ·
1733 1799 1866 1852 ὅπου
1904 1800 2092 1864 κακία,
2117 1803 2234 1854 ἐκεῖ

641 1878 992 1947 παρανομίας
1021 1879 1344 1942 κατάϐασις.
1368 1879 1468 1932 Διά
1499 1879 1658 1932 τοῦτο
1685 1898 1750 1932 πε
1762 1882 1814 1950 ρὶ
1844 1881 1944 1952 μὲν
1973 1882 2080 1934 τῶν
2110 1886 2230 1936 κατ’

639 1959 840 2030 ἀρετὴν
865 1961 1295 2032 πολιτευομένων
1328 1962 1492 2033 φησὶν
1518 1964 1547 2015 6
1577 1963 1756 2015 Δαυῖδ·
1783 1964 2067 2031 Μακάριοι
2089 1965 2232 2018 πάν·-

639 2059 738 2106 τες
763 2046 816 2098 οί
848 2044 1269 2110 κατοικοῦντες
1292 2046 1361 2098 ἐν
1387 2045 1464 2111 τῷ
1493 2046 1635 2113 οῖκῳ
1667 2061 1803 2100 σου·
1825 2050 1912 2112 εἰς
1939 2048 2078 2114 τοὺς
2105 2047 2232 2100 αἰῶ-

639 2141 752 2191 νας
781 2126 900 2179 τῶν
918 2127 1148 2180 αἰώνων
1173 2128 1492 2183 αίνέσουσί
1512 2143 1603 2181 σε.
1630 2128 1932 2197 Μακάριος
1957 2129 2133 2197 ἀνὴρ,
2156 2126 2227 2186 οὗ

639 2207 810 2261 ἐστιν
854 2209 1178 2278 ἀντίληψις
1227 2209 1386 2275 αὐτῷ
1423 2211 1580 2278 παρὰ
1618 2211 1767 2264 σοῦ·
1804 2215 1864 2265 al.
1908 2212 2228 2280 ἀναϐάσεις

640 2302 756 2343 σου
783 2290 852 2344 ἐν
877 2291 950 2359 τῇ
979 2292 1191 2360 καρδίᾳ
1229 2295 1432 2348 αὑτοῦ.
1473 2297 1540 2347 Al
1564 2292 1888 2360 ἀναϐάσεις
1915 2309 2052 2359 σου,
2071 2313 2226 2348 τουτ-

637 2373 807 2436 έστιν,
850 2376 900 2427 οί
954 2377 1200 2440 εὐσεϐεῖς
1246 2377 1340 2430 καὶ
1384 2378 1680 2448 ἀνηγμένοι
1732 2378 2014 2447 λογισμοὶ,
2061 2381 2107 2431 οί
2149 2381 2228 2441 είς

639 2455 773 2524 ὕψος
797 2457 1089 2526 ἀνάγοντες
1119 2460 1245 2521 τοὺς
1274 2459 1455 2522 καλῶς
1482 2459 1608 2530 περὶ
1634 2459 1768 2512 Θεοῦ
1791 2461 2222 2530 διανοουμένους.

642 2539 828 2593 Ἔστιν
853 2537 946 2594 οὖν
977 2542 1092 2605 ὁδὸς
1118 2541 1266 2613 [513]
1293 2542 1645 2613 σωφροσύνης
1670 2544 1750 2605 είς
1782 2543 1912 2612 ὕψος
1928 2545 2223 2610 άνάγουσα,

637 2621 755 2685 ὁδὸς
787 2623 1135 2694 δικαιοσύνης
1175 2627 1254 2687 εἰς
1295 2624 1428 2694 ῦψος
1474 2625 1715 2696 φέρουσα
1739 2640 1752 2655 ·
1802 2626 1895 2678 καὶ
1933 2629 2114 2694 πᾶσα,
2151 2629 2226 2691 ὼς

637 2708 830 2766 εἰπεῖν,
870 2709 986 2771 όδὸς
1011 2708 1293 2771 εὐσεϐείας
1326 2710 1405 2769 εἰς
1438 2709 1497 2761 τὸ
1532 2709 1662 2776 ὕψος
1694 2711 1868 2761 ἐκεῖνο
1897 2713 2229 2778 χειραγωγεῖ

635 2787 728 2841 τὸν
772 2789 1046 2857 φιλόθεον,
1083 2792 1210 2860 περὶ
1247 2783 1306 2842 οὗ
1342 2790 1524 2859 ἔλεγον
1559 2791 1607 2842 οἱ
1648 2791 1758 2842 ἀπὸ
1794 2791 1982 2843 ἐθνῶν·
2016 2792 2222 2854 Δεῦτε,

636 2872 1014 2940 πορευθῶμεν
1051 2875 1137 2938 εἰς
1172 2873 1234 2925 τὸ
1275 2873 1412 2938 ὄρος
1445 2873 1552 2925 τοῦ
1583 2873 1833 2940 Κυρίου,
1867 2873 1964 2926 καί
2003 2875 2090 2938 εἰς
2122 2874 2227 2927 τὸν

635 2949 806 3007 οἷκον
831 2955 936 3008 τοῦ
972 2956 1119 3010 Θεοῦ
1159 2954 1373 3009 Ἰακώϐ.
1415 2955 1588 3009 Ὅπου
1615 2955 1716 3025 μὲν
1741 2955 2024 3019 εὐσεϐείας
2046 2955 2223 3023 λόγος,

634 3038 752 3090 ἐκεί
777 3036 872 3090 καὶ
901 3037 1088 3100 ἄνοδος
1121 3050 1168 3077 ι·
1207 3040 1340 3092 ὅπου
1364 3037 1418 3090 δὲ
1457 3038 1627 3091 κακία
1647 3077 1662 3100 ,
1705 3037 2006 3101 κατάϐασις
2038 3038 2224 3108 611.03.0-

635 3119 896 3190 γουμένη.
924 3121 1034 3174 Καὶ
1080 3125 1346 3192 μαρτυρεῖ
1384 3122 1548 3174 Δαυῒδ
1589 3124 1617 3174 6
1678 3123 1964 3192 προφήτης
2013 3122 2219 3190 λέγων·

645 3203 858 3256 Ῥὗσαί
883 3220 960 3272 με
1006 3204 1122 3258 ἀπὸ
1157 3204 1274 3256 τῶν
1317 3205 1798 3257 καταϐαινόντων
1837 3206 1923 3269 είς
1953 3203 2218 3258 λάκκον·

635 3284 730 3336 καὶ
759 3284 939 3346 πάλιν,
983 3285 1034 3337 '0
1055 3283 1228 3353 ὑψῶν
1243 3303 1318 3353 με
1336 3287 1401 3338 ἐκ
1429 3287 1543 3338 τῶν
1568 3284 1778 3339 πυλῶν
1807 3286 1910 3338 τοῦ
1942 3286 2218 3358 θανάτου.

637 3365 798 3419 Ὥστε
831 3367 951 3419 οὐδὲ
977 3367 1055 3430 τὸ,
1097 3368 1530 3436 Ἁνιιϐαίνομεν,
1569 3369 1842 3438 περιττόν.
1888 3368 2041 3422 Ἰδοὺ
2081 3369 2223 3422 ἀνα-

634 3449 934 3518 ϐαίνομεν.
967 3450 1159 3503 Καίτοι
1185 3452 1342 3520 μόνος
1373 3452 1532 3514 αὐτὸς
1561 3453 1652 3502 ἐπὶ
1683 3451 1742 3503 τὸ
1776 3451 1945 3514 πάθος
1980 3451 2218 3521 ἔρχεται.

633 3533 732 3586 Διά
748 3534 800 3586 τί
824 3528 916 3586 οῦν
938 3533 1151 3596 κοινῶς,
1195 3534 1650 3601 Ἀναϐαίνομεν;
1682 3534 1804 3586 Ὀτι
1837 3532 1897 3585 τὸ
1925 3533 2024 3602 μὲν
2051 3534 2221 3597 πάθος

634 3615 787 3684 ἐμὸν,
836 3614 990 3686 κοινὴ
1020 3615 1076 3668 δὲ
1120 3615 1336 3668 πάντων
1374 3615 1676 3683 ἀνθρώπων
1720 3617 1752 3683 ή
1804 3616 2072 3686 σωτηρία.
2123 3616 2220 3669 Διά

632 3696 788 3750 τοῦτο
839 3698 868 3749 6
907 3696 1048 3760 θεῖος
1092 3696 1410 3758 Ἀπόστολος
1455 3697 1550 3764 την
1585 3696 1836 3762 γενναίαν
1881 3698 2093 3766 ἐκείνην
2128 3699 2220 3750 καὶ

630 3778 908 3849 θαύματος
931 3779 1134 3850 μεστὴν
1154 3778 1350 3850 έρῤηξε
1385 3777 1565 3847 φωνὴν
1585 3777 1659 3838 ὡς
1700 3777 1900 3848 ἀρτίως
1924 3779 2216 3847 ἀκηκόατε·

636 3861 720 3926 Τῷ
741 3861 967 3930 Χριστῷ
988 3863 1498 3927 συνεσταύρωμαι.
1526 3857 1617 3910 Ζῶ
1639 3857 1726 3923 δὲ,
1757 3861 1955 3914 οὐκέτι
1984 3861 2116 3928 ἐγὼ,
2148 3862 2218 3931 ζῆ

630 3943 698 3996 δὲ
724 3944 793 3997 ἐν
823 3944 954 4013 ἐμοὶ
987 3945 1259 4012 Χριστός.
1302 3943 1509 4004 Ἀλλως
1538 3959 1595 3994 τε
1615 3982 1628 4005 ,
1669 3941 1948 4013 βουληθεὶς
1985 3945 2219 4010 ἐνδείξα-

633 4027 757 4079 σθαι
789 4027 882 4079 καί.
916 4027 1008 4080 τὸν
1037 4026 1250 4098 καρπὸν
1278 4025 1371 4078 τοῦ
1419 4024 1678 4095 σταυροῦ,
1715 4027 1990 4095 ἐπήγαγεν
2019 4028 2217 4092 εὐθέως

631 4107 719 4162 διὰ
748 4108 854 4160 τῶν
886 4108 1105 4177 ἐφεξῆς·
1135 4108 1388 4176 Χριστὸς
1417 4105 1575 4174 ἡμᾶς
1606 4108 1979 4176 ἐξηγόρασεν
2009 4109 2077 4163 ἐκ
2107 4108 2217 4178 τῆς

630 4189 891 4257 κατάρας
911 4192 1014 4245 τοῦ
1033 4191 1240 4257 νόμου,
1264 4191 1587 4258 γενόμενος
1609 4191 1760 4258 ὑπὲρ
1779 4191 1948 4259 ἡμῶν
1968 4191 2211 4261 κατάρα·

627 4273 940 4344 γέγραπται
979 4274 1115 4342 γάρ·
1148 4271 1604 4341 Ἐπικατάρατος
1641 4273 1760 4338 πᾶς
1786 4279 1818 4328 ό
1845 4275 2214 4345 κρεμάμενος

627 4354 729 4408 ἐπὶ
756 4355 967 4419 ξύλου.

699 4437 764 4507 β’.
808 4437 1069 4492 Ἐνταῦθά
1110 4455 1199 4508 μοι
1230 4437 1462 4509 πρόσεχε
1501 4437 1744 4509 ἀκριϐῶς
1770 4438 1862 4491 τὸν
1883 4440 2026 4505 νοῦν,
2049 4441 2120 4510 μή
2153 4457 2211 4492 σε

624 4519 862 4592 διαφύγῃ
893 4523 990 4591 τῆς
1020 4520 1278 4592 ἀληθείας
1320 4521 1382 4573 τὸ
1413 4521 1656 4592 θήραμα.
1704 4521 2062 4585 Ἀντιλέξουσι
2104 4522 2212 4590 γὰρ

626 4604 828 4668 εὐθέως
869 4603 1126 4670 Ἰουδαῖοι,
1157 4605 1285 4675 περὶ
1310 4597 1385 4657 ῶν
1405 4621 1569 4674 φησιν
1598 4605 1625 4656 ό
1653 4602 1888 4666 Παῦλος,
1924 4607 1986 4657 Ol
2011 4604 2212 4671 ἐχθροί

625 4691 732 4745 τοῦ
758 4689 1023 4758 σταυροῦ
1056 4691 1162 4744 τοῦ
1185 4691 1462 4760 Χριστοῦ,
1496 4685 1584 4744 ὧν
1613 4691 1678 4743 τὸ
1707 4690 1880 4756 τέλος
1908 4689 2171 4744 ἀπώλεια
2191 4729 2208 4754 ,

626 4777 717 4830 καὶ
748 4777 962 4848 ἐροῦσιν
981 4777 1093 4830 ἐσθ’
1115 4779 1202 4832 ὅτε
1234 4779 1370 4850 πρὸς
1392 4779 1518 4841 τοὺς
1548 4778 1860 4848 ἀκεραίους·
1887 4779 1950 4830 Εἰ
1981 4780 2208 4832 ἐπικατ-

625 4861 827 4930 άρατος
873 4862 902 4913 6
941 4861 1319 4933 κρεμάμενος,
1375 4861 1490 4923 πῶς
1521 4860 1630 4913 ἀπὸ
1671 4859 1761 4912 τοῦ
1803 4862 2208 4932 ἐπικαταράτου

625 4941 871 5009 εὐλογίαν
900 4961 980 4996 σοι
1015 4943 1329 5013 δοθήσεσθαι
1366 4942 1702 5013 προσδοκᾷςς
1742 4942 1859 5004 πῶς
1888 4943 1942 4994 δὲ
1969 4945 2075 4996 ἀπὸ
2114 4943 2206 4996 τοῦ

624 5022 836 5093 θανάτῳ
868 5025 1231 5087 ὐποπεσόντος
1253 5025 1397 5094 ζωὴν
1419 5024 1707 5093 ἀναμένεις
1729 5041 1742 5087 ;
1765 5025 1836 5077 Τὸ
1861 5026 2206 5096 φαινόμενον,

622 5106 697 5168 ὡς
719 5107 811 5159 καὶ
825 5107 983 5170 αὐτός
1005 5125 1164 5179 φησιν
1187 5108 1214 5148 δ
1236 5111 1263 5160 6
1283 5108 1597 5170 διδάσκαλος
1619 5109 1649 5177 ἡ
1659 5107 1772 5176 μῶν
1797 5109 2005 5171 Παῦλος
2023 5149 2036 5169 ,
2061 5110 2207 5177 ὠμο-

622 5187 836 5258 λόγησε,
857 5190 1065 5260 κατάρα
1091 5191 1224 5242 ἐστί·
1241 5191 1574 5259 Γέγραπται
1594 5190 1722 5258 γάρ·
1749 5191 2207 5258 Ἐπικατάρατος

622 5273 656 5323 ὀ
695 5272 1059 5340 κρεμάμενος
1101 5273 1198 5326 ἐπὶ
1229 5274 1440 5336 ξύλου.
1472 5275 1532 5326 El
1563 5276 1744 5325 τοίνυν
1779 5274 2082 5343 γέγραπται
2114 5275 2206 5327 καὶ

625 5355 1080 5425 μεμαρτύρηται,
1134 5356 1249 5419 πῶς
1278 5357 1387 5411 άπὸ
1420 5355 1517 5408 τοῦ
1552 5357 1952 5426 ἐπικαταράτου
1991 5357 2206 5426 εὐλογία

620 5438 823 5492 δίδοται
849 5442 960 5501 τοῖς
983 5440 1071 5491 τὸν
1108 5438 1340 5508 σταυρὸν
1381 5439 1740 5509 περιέπουσι;
1784 5439 1968 5493 Ταῦτα
2002 5442 2088 5493 ἀεὶ
2112 5441 2203 5493 καὶ

619 5522 887 5593 προτείνει
913 5523 1003 5575 καὶ
1018 5523 1164 5590 λέγει
1193 5523 1460 5586 Ἰουδαῖος,
1477 5526 1504 5576 6
1521 5523 1710 5593 ἐχθρὸς
1735 5523 1829 5575 τοῦ
1857 5524 2088 5592 σταυροῦ
2111 5524 2203 5579 τοῦ

619 5605 876 5676 Χριστοῦ.
906 5605 1111 5658 Οὐκοῦν
1137 5603 1231 5657 εὰν
1252 5605 1379 5674 εἴπῃ
1406 5605 1539 5675 πρὸς
1565 5606 1642 5669 σὲ,
1669 5607 1793 5668 Πῶς
1814 5609 1843 5659 6
1866 5607 2204 5676 ἐπικατάρα-

619 5702 711 5752 τος
748 5687 993 5756 εὐλογίαν
1025 5687 1274 5754 δίδωσιν;
1308 5688 1428 5740 εἰπὲ
1456 5686 1625 5758 αὐτῷ,
1659 5688 1782 5751 Πῶς
1830 5691 1886 5741 ἐν
1916 5692 1983 5760 τῇ
2014 5691 2204 5760 ἐρήμῳ

683 5812 710 5876 ξ
731 5811 853 5876 Reg.
874 5813 993 5861 ὅπου
1016 5814 1098 5876 μὲν
1117 5813 1335 5873 ἀληθείας
1354 5813 1509 5876 λόγος,
1538 5815 1636 5862 ἐκεῖ
1658 5815 1739 5862 καὶ
1757 5815 1994 5874 εὐσεϐείας
2016 5815 2198 5870 ἄνοδος.

685 5872 714 5915 δ
735 5872 834 5926 Aul
857 5872 1026 5939 φησιν,
1041 5881 1126 5928 aut
1149 5872 1436 5941 ὡμολόγησε
1457 5875 1741 5926 delendum.

2102 439 2468 496 SEVERIANI

3816 445 3925 502 502

2347 555 2396 608 οἰ
2413 553 2565 621 δφεις
2600 551 2820 606 ἔδακνόν
2856 569 2948 606 σου
2981 554 3105 615 τοὺς
3133 551 3450 622 προγόνους,
3476 550 3660 603 εἰκόνα
3681 545 3737 603 ὸε
3754 549 3926 618 ὅψεως

2345 636 2551 706 χαλκῆν
2605 637 2839 705 ποιήσας
2879 636 3117 704 Μωῦσῆς
3183 634 3582 702 ἀνεσταύρωσε,
3637 634 3732 686 καὶ
3786 629 3925 693 εἷπε.

2346 717 2475 783 Πᾶς
2497 722 2529 773 ό
2553 719 2798 785 δηχθεὶς
2831 718 2950 773 ὑπὸ
2978 718 3084 770 τοῦ
3105 717 3289 784 ὄφεως
3314 715 3654 784 προσεχέτω
3684 713 3763 780 τῷ
3780 715 3924 783 ὄφει,

2344 801 2443 854 καί
2472 801 2847 868 σωθήσεται;
2897 801 3006 853 Καὶ
3039 800 3112 863 τί,
3148 801 3300 867 φησὶ,
3343 799 3502 850 τοῦτο
3535 798 3670 867 πρὸς
3700 798 3760 849 τὸ
3793 815 3925 864 προς

2345 883 2628 952 κείμενον;
2686 883 2846 936 Ἀλλὰ
2893 883 2988 934 καὶ
3038 882 3243 952 σφόδρα
3291 880 3640 932 οἰκειότατον.
3704 880 3773 931 Ἦ
3833 881 3927 931 οὐκ

2343 965 2583 1035 ἤκουσας
2611 965 2705 1018 τοῦ
2731 964 2866 1017 Θεοῦ
2892 965 3157 1030 λέγοντος,
3201 962 3663 1028 Ἐπικατάρατος
3700 961 3780 1013 σὺ
3809 961 3926 1014 ἀπὸ

2342 1046 2585 1101 πάντων
2607 1046 2726 1101 τῶν
2749 1049 2968 1114 θηρίων
2995 1044 3102 1112 τῆς
3136 1045 3279 1115 γῆς;
3309 1044 3432 1106 Πῶς
3458 1041 3551 1096 οὖν
3590 1047 3623 1112 ή
3650 1043 3814 1095 εἰκὼν
3836 1043 3925 1094 τοῦ

2343 1133 2749 1202 ἐπικαταράτου
2772 1131 2914 1202 ζωὴν
2937 1132 3134 1201 ήνεγκε
3166 1133 3278 1193 τοῖς
3305 1128 3589 1200 ὑμετέροις
3613 1129 3923 1197 προγόνοιςς

2355 1213 2747 1284 ’Δναλαμϐάνω
2783 1215 2842 1266 τὸ
2869 1215 3039 1285 ῥῆμα,
3066 1215 3152 1266 ίνα
3192 1215 3373 1282 στήσω
3399 1212 3458 1264 τὸ
3483 1212 3683 1280 νόημα.
3713 1212 3772 1263 EE
3790 1211 3926 1264 ἀπο·

2344 1296 2436 1365 ρόν
2478 1314 2558 1351 σοι
2591 1298 2867 1367 νομίζεται
2911 1296 3003 1348 τοῦ
3035 1296 3435 1365 ἐπικαταράτου
3471 1305 3494 1332 ο
3530 1295 3780 1363 εὐλογίαν
3825 1312 3927 1364 πη-

2341 1379 2507 1446 γάσαι
2542 1380 3044 1449 (Ἐπικατάρατος
3080 1383 3188 1448 γὰρ
3227 1379 3345 1443 πᾶς
3373 1379 3406 1431 ό
3434 1378 3799 1447 κρεμάμενος
3831 1379 3927 1430 ἐπὶ

2343 1461 2582 1528 ξύλου),
2634 1463 2754 1527 πῶς
2787 1464 2819 1534 ή
2858 1461 3020 1516 είκὼν
3050 1463 3142 1515 τοῦ
3175 1462 3348 1529 ὄφεως
3376 1459 3470 1513 τοῦ
3498 1461 3924 1530 ἐπικαταράτου,

2339 1542 2398 1606 ὃς
2431 1544 2683 1614 ήκουσεν,
2717 1545 3172 1613 Ἐπικατάρατος
3184 1545 3264 1598 σὺ
3281 1542 3399 1598 ἀπὸ
3427 1542 3669 1596 πάντων
3683 1541 3801 1595 τῶν
3823 1549 3925 1610 θη·

2331 1626 2503 1693 ρίων,
2533 1629 2732 1697 ήνεγκε
2758 1628 2836 1698 τῷ
2857 1628 2972 1699 λαῷ
3002 1631 3060 1681 ἐν
3085 1628 3338 1697 συμφορᾷ
3363 1627 3600 1696 κειμένῳ
3625 1627 3726 1695 τὴν
3751 1642 3925 1696 σωτη-

2341 1708 2493 1778 ρίαν;
2523 1704 2668 1779 Ἀρα
2701 1711 2801 1764 οὐκ
2834 1706 2901 1780 ἦν
2946 1709 3388 1778 ἀξιοπιστότερον
3439 1710 3632 1770 είπεῖν,
3681 1707 3810 1761 Ἐάν
3843 1725 3923 1770 τις

2340 1793 2495 1862 ὐμῶν
2521 1795 2716 1866 δηχθῇ,
2761 1797 3036 1868 ἀναϐλέψῃ
3064 1798 3144 1858 εἰς
3171 1795 3264 1848 τὸν
3307 1795 3534 1866 οὐρανὸν
3557 1795 3668 1849 ἄνω
3697 1795 3788 1848 ἐπὶ
3836 1794 3923 1846 τὸν

2339 1875 2489 1940 Θεὸν,
2515 1879 2606 1932 καὶ
2636 1878 2974 1950 σωθήσεται;
3006 1880 3092 1931 ἴνα
3113 1879 3168 1932 δὲ
3197 1878 3288 1932 καὶ
3316 1879 3376 1931 τὸ
3404 1879 3690 1950 προσέχειν
3712 1876 3924 1947 οὐρανῷ

2337 1961 2719 2034 παραλιεῌπῃ,
2747 1961 2893 2035 [514]
2916 1964 3014 2016 οὐκ
3030 1962 3258 2033 ἠδύνατο
3276 1963 3468 2024 εἰπεῖν,
3488 1962 3612 2014 Ἐάν
3635 1979 3718 2025 τις
3729 1960 3920 2031 δηχθῇ,

2337 2041 2618 2116 ἀποϐλέψῃ
2645 2047 2724 2108 είς
2748 2045 2846 2116 τὴν
2872 2044 3092 2114 λυχνίαν
3113 2045 3207 2098 τοῦ
3232 2045 3428 2114 φωτὸς,
3465 2046 3556 2098 καὶ
3588 2045 3921 2114 σωθήσεται;

2336 2124 2671 2198 ῆάποϐλέψῃ
2729 2129 2808 2190 εἰς
2858 2128 2957 2198 τὴν
2982 2127 3262 2199 τράπεζαν
3308 2127 3408 2196 τῆς
3459 2127 3767 2195 προθέσεως
3815 2127 3921 2179 τῶν

2338 2207 2506 2274 ἁγίων
2555 2208 2757 2277 ἄρτων,
2780 2211 2876 2262 καὶ
2909 2209 3240 2279 σωθήσεται;
3267 2208 3298 2278 ἢ
3333 2211 3411 2272 εἰς
3432 2210 3490 2261 :6
3515 2209 3920 2276 θυσιαστήριον.

2336 2289 2368 2358 ἢ
2400 2292 2479 2352 είς
2505 2291 2567 2343 τὸ
2597 2292 3020 2362 καταπέτασμα,
3068 2291 3100 2362 ἢ
3133 2293 3210 2354 είς
3243 2291 3342 2360 τὴν
3366 2291 3616 2352 κιϐωτὸν,
3649 2291 3680 2360 ἦ
3714 2292 3793 2352 εἰς
3825 2290 3922 2359 τὴν

2336 2373 2519 2425 εἰκόνα
2551 2373 2659 2425 τῶν
2693 2373 2990 2443 Χερουϐὶμ,
3020 2373 3052 2442 ἦ
3084 2375 3162 2435 εἰς
3196 2373 3253 2425 :6
3290 2373 3636 2440 ἱλαστήριον;
3681 2372 3924 2425 Ἀ>.λόὐ-

2335 2453 2422 2506 δέν
2445 2454 2648 2507 τούτων
2671 2457 2968 2525 είσήγαγεν
2997 2458 3024 2510 6
3056 2454 3349 2525 νομοθέτης
3383 2457 3411 2507 6
3443 2456 3636 2522 μέγας·
3660 2455 3794 2507 ἀλλὰ
3830 2456 3908 2524 μό

2334 2552 2433 2605 νην
2477 2537 2647 2607 ἔπηξε
2675 2537 2770 2590 τοῦ
2824 2537 3058 2609 σταυροῦ
3086 2538 3186 2606 τὴν
3225 2537 3428 2600 είκόνα,
3463 2540 3557 2590 καὶ
3591 2537 3795 2607 ταύτην
3836 2538 3923 2589 διὰ

2341 2617 2426 2671 τοῦ
2457 2620 2858 2692 ἐπικαταράτου
2878 2621 3072 2688 ὄφεως.
3098 2620 3195 2673 Διά
3227 2620 3278 2672 τί
3308 2616 3420 2686 οὖν,
3441 2614 3486 2673 ὦ
3522 2621 3760 2684 Ίουδαῖε,
3792 2619 3922 2674 ταῦ-

2331 2717 2400 2754 τα
2429 2705 2570 2754 ποιεῖ
2588 2704 2825 2772 Μωῦσῆς
2844 2721 2859 2769 ;
2881 2703 2968 2755 διὰ
2996 2703 3048 2753 τί
3079 2703 3302 2771 χωνεύει
3329 2703 3449 2770 ὅφιν
3472 2706 3498 2756 6
3519 2703 3692 2770 λέγων
3713 2704 3801 2755 διά
3828 2703 3923 2755 τοῦ

2333 2784 2519 2851 νόμου,
2556 2786 2636 2837 Ού
2697 2785 2974 2849 ποιήσεις
3028 2784 3319 2854 τλυπτὸν,
3379 2785 3521 2838 οὐδὲ
3570 2791 3922 2854 χωι·ειιτ(,ἰ·;

2346 2865 2507 2919 Ἀλλὰ
2531 2865 2583 2918 τί
2603 2866 2776 2919 ταῦτα
2797 2867 2933 2937 πρὸς
2963 2866 3050 2918 τὸν
3076 2867 3367 2938 ἀγνώμονα
3399 2867 3702 2938 φθέγγομαι
3722 2869 3922 2932 ;Αὐτὸν

2333 2946 2521 3018 ἐρωτῶ
2550 2948 2640 3001 τὸν
2663 2949 2976 3018 νομοθέτην·
3010 2949 3144 3001 Εἰπέ
3167 2967 3279 3016 μοι,
3300 2943 3344 3001 ῶ
3369 2950 3654 3002 πιστότατε
3671 2951 3764 3003 τοῦ
3785 2949 3920 3003 Θεοῦ

2333 3031 2606 3102 θεράπων,
2638 3034 2666 3086 ὂ
2692 3034 3073 3104 ἀπαγορεύεις,
3125 3037 3330 3100 ποιεῖς;
3369 3035 3396 3086 δ
3436 3036 3782 3106 ἀνατρέπεις,
3814 3054 3920 3086 πα-

2333 3115 2721 3184 ρασκευάζεις;
2756 3119 2782 3169 6
2804 3117 2996 3184 λέγων.
3027 3119 3107 3170 Ού
3140 3117 3413 3183 ποιήσεις
3460 3118 3750 3186 γλυπτόν,
3777 3118 3921 3170 οὐδὲ

2333 3200 2651 3264 χωνευτὸν,
2709 3201 2773 3251 σὺ
2832 3200 3088 3269 χωνεύεις
3134 3201 3224 3252 καὶ
3277 3199 3499 3268 γλύφεις
3560 3202 3720 3268 δφιν;
3782 3201 3918 3252 Ἀλλ’

2330 3279 2510 3333 ἐκεῖνα
2541 3281 2640 3351 μὲν
2671 3281 3057 3352 ἐνομοθετησα,
3094 3283 3275 3352 φησὶν,
3306 3281 3393 3335 ἵνα
3416 3283 3512 3345 τὰς
3548 3282 3679 3345 ῦλας
3703 3285 3920 3351 ἐκκόψω

2329 3361 2429 3430 τῆς
2473 3363 2747 3427 ἀσεϐείας,
2794 3365 2887 3417 καὶ
2918 3364 3008 3417 τὸν
3038 3365 3164 3418 λαὸν
3201 3365 3387 3417 τοῦτον
3422 3367 3694 3432 άπαγάγω
3739 3365 3919 3433 πάσης

2329 3443 2788 3516 είδωλολατρείας·
2819 3447 2934 3499 νυνὶ
2965 3447 3020 3498 δὲ
3058 3446 3279 3514 χωνεύω
3304 3446 3396 3497 τὸν
3417 3448 3562 3513 διριν,
3595 3448 3678 3499 ἵνα
3711 3462 3917 3518 προτρ-

2329 3525 2497 3580 πώσω
2541 3527 2637 3597 τὴν
2679 3529 2862 3580 εἰκόνα
2891 3531 2986 3598 τῆς
3016 3528 3110 3579 τοῦ
3155 3527 3388 3598 σταυροῦ
3421 3529 3754 3599 οἰκονομίας·
3785 3547 3918 3600 πρ.-

2326 3610 2669 3679 ομαλίξωτὸν
2699 3612 2897 3682 δρόμον
2926 3614 3036 3672 τοῖς
3071 3611 3407 3673 ἀποστόλοις·
3446 3613 3818 3680 προγυμνάζω
3856 3615 3916 3664 :6

2331 3692 2470 3761 μέγα
2490 3693 2583 3745 καὶ
2613 3694 2762 3759 ξένον
2803 3697 2978 3746 ἐκεῖνο
3002 3693 3061 3744 τὸ
3085 3693 3179 3745 τοῦ
3220 3693 3452 3764 σταυροῦ
3485 3693 3770 3764 σύμϐολον.
3795 3697 3917 3748 Ὀτι

2325 3773 2380 3825 δὲ
2407 3774 2467 3826 οὐ
2488 3773 2844 3844 βεϐιασμένος
2887 3777 2914 3827 6
2940 3775 3118 3842 λόγος,
3154 3775 3318 3828 ἄκουε
3349 3774 3440 3828 τοῦ
3469 3776 3678 3845 Κυρίου
3716 3777 3814 3846 τὴν
3843 3780 3918 3829 εί-

2325 3856 2458 3910 κόνα
2500 3857 2595 3928 τὴν
2625 3859 2860 3928 ἀρχαίαν
2893 3860 3108 3928 ἐκείνην
3143 3858 3506 3928 βεϐαιοῦντος,
3535 3860 3634 3912 καὶ
3680 3861 3758 3922 εἰς
3788 3861 3915 3913 ἐαυ-

2325 3939 2413 3991 τὸν
2467 3940 2959 4010 άναλαμϐάνοντος.
3021 3939 3319 4010 Νικοδήμῳ
3367 3942 3473 4010 γάρ
3495 3959 3600 3994 τινι
3647 3942 3914 3995 Ἰουδαίων

2323 4021 2543 4096 ἄρχοντι
2591 4025 2994 4094 διαλεγόμενος,
3021 4023 3096 4087 ὼς
3151 4024 3458 4094 διδασκάλῳ
3504 4025 3596 4077 τοῦ
3648 4024 3776 4076 λαοῦ
3821 4026 3914 4076 καὶ

2325 4105 2562 4158 συνιέναι
2600 4106 2883 4176 δυναμένῳ
2899 4107 2997 4176 τῆς
3015 4107 3326 4175 οἰκονομίας
3359 4107 3457 4176 τὴν
3484 4107 3737 4176 θεωρίαν,
3757 4107 3909 4175 φησί·

2321 4187 2430 4240 Καὶ
2456 4187 2647 4254 καθὼς
2677 4187 2939 4257 Μωῦσῆς
2976 4189 3186 4255 ὕψωσε
3211 4188 3318 4240 τὸν
3349 4188 3486 4253 ὄφιν
3509 4189 3576 4240 ἐν
3601 4186 3674 4256 τῇ
3696 4189 3910 4257 ἐρήμῳ,

2322 4269 2473 4323 οὕτω
2510 4271 2600 4324 δεῖ
2632 4270 2945 4338 ὑψωθῆναι
2980 4273 3083 4322 τὸν
3129 4269 3265 4322 Υὶὸν
3298 4271 3404 4323 ι·οῦ
3432 4271 3769 4336 ἀνθρώπου.
3815 4273 3911 4324 ἵνα

2320 4349 2440 4417 πᾶς
2472 4355 2504 4404 ό
2533 4353 2834 4406 πιστεύων
2855 4357 2940 4417 είς
2966 4351 3248 4419 αὺτὸνμὴ
3283 4353 3596 4417 ἀπόληται.
3637 4355 3775 4406 ἀλλ’
3796 4355 3910 4423 ἔχη

2320 4433 2471 4500 ζωὴν
2489 4433 2748 4488 αἰώνιον.
2773 4435 2905 4487 Εἰπὲ
2927 4431 3039 4496 οὖν,
3063 4428 3107 4486 ὦ
3129 4433 3417 4503 άναίσθητε
3449 4435 3686 4499 Ἰουδαῖε,
3710 4436 3768 4488 οὐ
3791 4437 3912 4506 χαλ-

2321 4516 2413 4578 κὸς
2437 4517 2609 4569 ἐκεῖνο
2633 4512 2734 4586 ἦνς
2760 4517 2946 4587 Νεκρὰ
2966 4517 3064 4586 ὐλη
3089 4517 3308 4586 νικῆσαι
3333 4516 3558 4570 θάνατον
3579 4519 3838 4588 ἰσχύουσα
3858 4517 3906 4582 ⁸,

2318 4597 2486 4650 τύπον
2506 4598 2701 4668 ἔχουσα
2723 4598 2977 4668 σταυροῦ·
3004 4601 3094 4651 καὶ
3115 4599 3250 4670 αὐτή
3268 4601 3299 4670 ή
3317 4599 3540 4672 ἀλήθεια
3556 4600 3649 4653 τοῦ
3675 4603 3908 4672 σταυφῦ

2318 4680 2378 4732 οὐ
2412 4681 2755 4748 πιστεύεται;
2795 4683 2888 4734 καὶ
2923 4680 3093 4734 ταῦτα
3130 4683 3266 4751 μετά
3309 4683 3408 4754 τὴν
3441 4685 3778 4754 ἐπιστροφὴν
3811 4685 3908 4755 τῆς

2317 4763 2802 4834 οἰκουμένης,μετά
2819 4763 2914 4834 τὴν
2930 4763 3220 4833 λάμψασαν
3236 4766 3292 4816 ἐν
3321 4766 3482 4817 παντὶ
3504 4765 3581 4834 τῷ
3601 4766 3791 4837 κόσμῳ
3812 4768 3908 4835 τῆς

2317 4845 2375 4896 εὐ
2385 4845 2597 4908 σεϐείας
2613 4847 2963 4908 κατάστασιν,
2983 4847 3120 4916 μετά
3133 4847 3230 4917 τὴν
3244 4847 3424 4900 πίστιν
3438 4847 3546 4899 τῶν
3563 4848 3752 4912 ἐθνῶν,
3771 4851 3907 4920 μετά

2315 4923 2411 4994 τὴν
2429 4925 2643 4995 ἔγερσιν
2663 4925 2768 4978 τῶν
2786 4925 3141 4995 Ἐκκλησιῶν,
3161 4925 3296 4993 μετά
3309 4924 3557 4978 τοσοῦτον
3573 4929 3903 4997 ἀγωνισμὸν,

2319 5002 2454 5066 μετά
2470 5003 2734 5073 τοσαύτην
2763 5005 3014 5073 ἄσκησιν,
3054 5004 3190 5072 μετά
3212 5004 3476 5075 τοσαύτην
3499 5006 3794 5073 άγγελικῆς
3819 5022 3906 5058 πο-

2315 5081 2514 5144 λιτείας
2533 5083 2794 5147 ἐπίδοσιν;
2835 5083 2992 5134 Ἀλλά
3014 5082 3120 5152 γὰρ
3143 5082 3514 5135 ἀποδέδεικται
3533 5084 3736 5153 σαφῶς,
3757 5086 3903 5147 ὅπως

2314 5161 2736 5214 ἀποκέκλεισται
2770 5163 2882 5222 τοῖς
2913 5161 3126 5230 ἐχθροῖς
3155 5160 3247 5212 τοῦ
3269 5162 3506 5232 σταυροῦ
3531 5163 3590 5215 :6
3623 5163 3902 5227 ὀνειδίζειν

2315 5239 2446 5308 ἡμῖν
2476 5240 2535 5291 τὸ
2559 5241 2744 5309 σχῆμα
2758 5239 2850 5291 τοῦ
2875 5240 3304 5305 ἐπικαταράτου.
3338 5241 3446 5294 Καὶ
3477 5241 3613 5312 πρὸς
3636 5241 3734 5309 μὲν
3765 5242 3902 5293 tui-

2314 5335 2437 5380 νους
2456 5316 2647 5370 ταῦτα·
2712 5319 2873 5387 ήμείς
2901 5317 2958 5370 δὲ
2988 5321 3036 5370 οί
3067 5319 3246 5373 πιστοὶ
3295 5321 3425 5389 παρ’
3459 5321 3670 5381 ἑαυτοῖς
3710 5319 3900 5384 ἐξετά-

2317 5412 2517 5465 σωμεν,
2537 5398 2629 5449 καὶ
2650 5396 3028 5466 βασανίσωμεν
3050 5397 3158 5449 τῶν
3185 5398 3443 5467 ῥημάτων
3465 5397 3562 5468 τὴν
3586 5397 3897 5468 ἀκρίϐειαν.

2314 5475 2377 5526 Τί
2410 5475 2607 5542 δήποτε
2634 5474 2661 5524 6
2681 5473 2880 5542 Κύριος
2910 5474 3006 5544 τὴν
3031 5475 3212 5527 είκόνα
3232 5473 3330 5543 τῆς
3347 5475 3656 5544 οἰκονομίας
3681 5477 3898 5547 ἐκείνης

2312 5553 2373 5605 οὐ
2401 5553 2465 5604 δι’
2514 5551 2700 5620 ἐτέρου
2749 5549 2910 5614 τινὸς,
2944 5550 3078 5605 ἀλλά
3127 5552 3195 5605 δι’
3247 5552 3423 5620 δεξεως
3456 5552 3679 5619 ἐποίησε
3707 5568 3720 5616 ;
3753 5554 3898 5624 Πρὸς

2317 5635 2415 5705 μὲν
2446 5633 2553 5704 γὰρ
2576 5635 2700 5697 τούς
2755 5633 2974 5701 ἀγῶνας
3003 5635 3110 5687 τῶν
3149 5634 3406 5687 ἐναντίων
3445 5633 3628 5687 ίκανὸν
3663 5635 3724 5688 τὸ
3764 5637 3896 5690 ὑπό-

2379 5750 2400 5778 ο
2449 5746 2736 5811 Legendum
2777 5754 2914 5811 putat
2961 5749 3144 5797 Fronto
3183 5760 3300 5811 cum;
3327 5746 3516 5811 _Savll|o
3537 5749 3635 5798 ἀπὸ
3665 5749 3752 5800 τοῦ
3794 5753 3895 5803 ἐει-

2313 5808 2540 5873 x¢:._Sed
2567 5811 2731 5873 lectio,
2759 5808 2812 5860 ιιι
2835 5818 2932 5872 εει,
2955 5811 3070 5860 ferri
3093 5821 3238 5873 posse
3263 5808 3470 5858 videtur.

2377 5869 2405 5909 ιι
2425 5869 2537 5922 Sav.
2561 5872 2752 5934 ισχυσε.
