4102 6494
224 470 340 526 501

224 587 345 631 erat
366 579 452 647 qui
476 594 698 647 corpore
720 580 1043 644 solviebatur,
1062 588 1115 633 et
1136 580 1221 649 qui
1245 579 1532 634 secundum
1555 580 1809 649 Spiritum

224 670 371 738 quod
397 672 625 724 solutum
652 680 760 725 erat
785 671 1068 725 excitabat.
1092 670 1219 724 Nam
1242 672 1332 732 ait,
1358 671 1549 725 Solvite
1574 673 1811 742 templum

226 763 347 827 hoc,
371 772 417 815 et
439 764 488 815 in
510 762 665 816 tribus
689 762 859 816 diebus
874 762 1098 815 excitabo
1114 762 1243 815 illud
1263 762 1435 833 (.Ioan.
1458 762 1512 816 2.
1539 763 1650 833 19).
1678 762 1810 817 Ecce

225 854 541 913 ascendimus
580 853 965 922 Jerosolymam.
1014 853 1284 906 Christum
1326 854 1655 921 sequentium
1702 870 1805 908 non

224 952 308 995 est
357 960 602 1013 umquam
652 945 1018 1007 descendere,
1058 944 1149 999 sed
1195 944 1481 1000 ascendere
1528 956 1803 1015 perpetuo.

225 1035 474 1104 Alioquin
520 1054 642 1089 vero
687 1037 766 1089 via
813 1037 1119 1091 Jerichunte
1161 1037 1548 1107 Jerosolymam
1594 1038 1806 1092 acclivis

222 1133 378 1187 erat,
412 1126 568 1179 modo
608 1126 841 1179 sensibili
874 1126 1139 1196 loquendo
1164 1169 1177 1189 ,
1208 1135 1261 1179 et
1292 1126 1616 1197 intelligendi
1648 1128 1806 1183 modo

223 1215 404 1281 passio
433 1216 497 1269 ad
529 1232 803 1270 ascensum
832 1217 1232 1270 resurrectionis
1261 1216 1504 1271 ducebat.
1542 1216 1801 1271 Adamum

221 1307 367 1357 enim
402 1307 449 1359 in
495 1307 754 1360 infernum
787 1308 1057 1376 delapsum
1101 1308 1151 1360 in
1182 1307 1368 1361 etelum
1401 1307 1719 1371 revocabat,
1751 1317 1803 1362 et

222 1398 369 1449 humi
392 1399 654 1465 jaeentem
684 1399 964 1468 imaginem
996 1400 1045 1452 in
1068 1399 1292 1453 sublime
1313 1398 1582 1454 eﬂ'erebat.
1619 1401 1804 1453 Ascen-

218 1488 387 1540 dimus
406 1488 795 1559 Jerosolymam.
821 1490 922 1546 Ubi
949 1491 1105 1554 Deus,
1128 1492 1197 1545 ibi
1219 1501 1272 1546 et
1293 1491 1500 1545 virtutis
1519 1506 1795 1556 ascensus;

219 1577 307 1629 ubi
341 1579 536 1631 malitia
563 1620 577 1643 ,
607 1580 675 1633 ibi
708 1579 999 1649 iniquitatis
1025 1580 1333 1635 descensus.
1385 1582 1507 1635 ldeo
1534 1582 1696 1635 David
1732 1582 1799 1636 de

218 1668 283 1721 iis
310 1669 395 1737 qui
426 1668 714 1723 secundum
738 1671 983 1724 virtutem
1007 1676 1189 1725 vivunt
1214 1673 1287 1725 ait
1317 1691 1330 1725 :
1362 1689 1379 1722 ι
1414 1672 1560 1725 Beati
1589 1687 1794 1736 omnes,

214 1759 304 1826 qui
338 1758 574 1813 habitant
603 1760 652 1812 in
679 1760 836 1814 domo
867 1770 949 1813 tua
986 1778 998 1813 :
1035 1762 1085 1814 in
1117 1761 1309 1815 saecula
1334 1762 1647 1815 smculorum
1681 1762 1797 1815 lau-

214 1848 417 1902 dabunt
464 1860 530 1902 te.
584 1851 775 1905 Beatus
821 1852 903 1905 vir
948 1851 1098 1919 cujus
1138 1860 1221 1906 est
1262 1852 1515 1905 auxilium
1557 1853 1652 1907 abs
1698 1861 1793 1909 te:

212 1940 556 1995 ascensiones
606 1950 707 1994 tua:
754 1943 805 1994 in
856 1941 1017 1996 corde
1062 1942 1177 2010 ejus
1216 1961 1234 1994 ι
1273 1941 1444 2013 (Psal.
1486 1943 1574 1999 85.
1621 1944 1673 1998 5.
1710 1943 1787 2013 6).

212 2030 544 2087 Ascensiones
586 2042 704 2098 tute,
731 2034 830 2088 hoc
873 2034 1095 2103 est,pi:e
1140 2034 1245 2088 illa:
1284 2035 1426 2089 etin
1468 2034 1629 2089 altum
1670 2050 1794 2089 eve—

210 2134 313 2177 cta:
345 2125 772 2180 ratiocinationes
796 2166 809 2187 ,
843 2141 960 2195 quas
994 2126 1045 2180 in
1085 2126 1311 2180 sublime
1337 2134 1500 2196 agunt
1528 2140 1620 2180 eos
1643 2167 1657 2189 ,
1702 2126 1792 2197 qui

211 2226 359 2271 recte
387 2216 454 2271 de
493 2218 605 2272 Deo
631 2218 883 2287 cogitant.
934 2218 1029 2272 Est
1068 2232 1195 2287 ergo
1234 2218 1597 2287 temperantire
1627 2218 1705 2271 via
1739 2218 1790 2271 in

207 2308 435 2362 sublime
462 2310 687 2379 erigens,
723 2310 801 2363 via
826 2310 1043 2377 justitice
1068 2310 1117 2363 in
1140 2311 1301 2363 altum
1329 2310 1527 2364 ducens
1552 2328 1563 2362 :
1588 2311 1789 2365 omnis-

207 2413 333 2464 que,
366 2408 421 2451 ut
450 2400 514 2451 ita
543 2400 744 2462 dicam,
779 2401 988 2469 pietatis
1017 2400 1100 2453 via
1132 2400 1219 2453 Dei
1248 2410 1512 2455 amantem
1543 2401 1593 2454 in
1624 2402 1786 2455 altum

206 2487 441 2553 adducit,
471 2489 536 2543 de
563 2505 666 2558 quo
693 2491 939 2544 dicebant
965 2490 1186 2559 gentiles
1220 2509 1232 2544 :
1270 2490 1463 2558 Venite,
1494 2494 1785 2561 proﬁcisca-

206 2597 321 2633 mur
363 2583 430 2634 ad
475 2594 691 2635 montem
742 2584 982 2648 Domini,
1034 2594 1079 2636 et
1126 2584 1193 2635 ad
1240 2584 1443 2637 domum
1490 2585 1585 2639 Dei
1625 2584 1785 2638 Jacob

207 2670 391 2741 (Mich.
416 2673 469 2726 4.
498 2671 574 2742 2).
609 2673 699 2727 Ubi
732 2674 938 2742 pietatis
959 2673 1219 2737 doctrina,
1249 2673 1319 2727 ibi
1347 2688 1600 2729 ascensus
1626 2686 1707 2729 est
1730 2676 1780 2728 ¹;

204 2764 294 2817 ubi
326 2779 450 2817 vero
479 2766 675 2817 malitia
701 2805 715 2830 ,
748 2766 814 2819 ibi
849 2766 1003 2837 plane
1028 2765 1338 2823 descensus.
1386 2766 1438 2822 id
1471 2766 1782 2824 testiﬁcatur

205 2852 379 2909 David
413 2854 666 2926 prophetis
692 2854 911 2912 dicens:
939 2857 1119 2911 Libera
1145 2874 1223 2912 me
1246 2876 1277 2910 a
1304 2859 1708 2912 descendentibus
1730 2861 1781 2913 in

203 2949 370 2999 lacum
397 2948 565 3015 (Psal.
583 2948 672 3003 29.
699 2950 777 3016 i);
802 2959 854 3003 et
877 2964 1077 3015 rursus,
1104 2949 1204 3013 Qui
1224 2950 1414 3003 exultas
1436 2967 1513 3003 me
1540 2951 1600 3004 de
1625 2951 1783 3020 portis

204 3039 377 3089 mortis
400 3038 564 3107 (Psot.
596 3040 646 3093 9.
671 3038 782 3106 15).
809 3040 983 3107 Itaque
1008 3039 1154 3105 illud,
1178 3040 1523 3105 Ascendimus,
1544 3054 1647 3095 non
1668 3041 1779 3094 fru-

204 3137 308 3179 stra
328 3127 524 3180 dictum
549 3138 647 3181 est.
665 3128 795 3182 Ecce
809 3130 1142 3182 ascendimus.
1167 3131 1321 3199 Atqui
1345 3131 1488 3185 solus
1504 3130 1569 3185 ad
1591 3132 1783 3200 passio-

204 3234 322 3273 nem
352 3220 511 3272 venit.
537 3220 641 3272 Cur
658 3236 782 3289 ergo
806 3222 855 3274 in
874 3222 1139 3293 communi
1159 3223 1251 3286 ait,
1271 3223 1626 3277 Ascendimus?
1648 3224 1778 3292 Quia

204 3313 377 3379 passio
395 3311 603 3378 quidem
624 3326 758 3371 mea,
781 3313 923 3366 salus
940 3329 1065 3366 vero
1088 3315 1324 3368 omnium
1346 3314 1615 3369 hominum
1637 3332 1777 3371 com-

203 3402 374 3454 munis
406 3411 504 3455 est.
536 3402 656 3457 Ideo
685 3403 890 3457 divinus
913 3406 1183 3472 apostolus
1212 3406 1262 3458 in
1292 3421 1601 3475 generosam
1630 3409 1772 3462 illam

200 3501 251 3545 et
276 3493 516 3546 miraculi
549 3494 755 3560 plenam
786 3496 957 3563 erupit
992 3510 1173 3549 vocem
1200 3536 1214 3561 ,
1244 3506 1299 3548 ut
1326 3497 1484 3549 modo
1515 3497 1773 3554 audistis:

202 3584 322 3636 Cum
346 3584 543 3638 Christo
569 3586 838 3651 cruciﬁxus
864 3603 991 3638 sum.
1027 3586 1148 3639 Vivo
1167 3597 1360 3650 autem,
1392 3589 1499 3653 iam
1526 3607 1625 3642 non
1653 3607 1740 3660 ego
1758 3631 1771 3653 ,

198 3675 307 3726 vivit
330 3691 445 3727 vero
466 3676 517 3727 in
538 3692 615 3729 me
636 3676 859 3729 Christus
884 3676 1021 3745 (Gal.
1046 3678 1099 3730 2.
1128 3678 1209 3731 19.
1234 3678 1345 3750 20).
1366 3680 1633 3749 Alioquin,
1654 3696 1771 3734 cum

200 3763 355 3816 vellet
388 3764 610 3818 fructum
637 3766 809 3818 crucis
838 3766 1138 3829 ostendere,
1169 3767 1392 3836 subjecit
1418 3770 1594 3823 statim
1622 3770 1671 3823 in
1696 3785 1775 3825 se-

198 3852 475 3920 quentibus
497 3870 509 3905 :
530 3852 755 3905 Christus
777 3870 867 3906 nos
896 3855 1099 3907 redemit
1121 3873 1150 3907 a
1168 3857 1429 3909 maledicto
1451 3857 1590 3927 legis,
1610 3863 1774 3928 [artus

199 3960 283 4010 pro
313 3944 454 3999 nobis
483 3946 797 3997 maledictum
827 3943 965 4015 (Gal.
996 3948 1048 4001 5.
1083 3948 1172 4015 15)
1207 3965 1220 4001 :
1249 3950 1488 4017 scriptum
1511 3959 1579 4001 est
1606 3952 1733 4002 enim
1755 3993 1768 4016 ,

202 4036 496 4090 Maledictus
525 4040 685 4091 omnis
715 4039 799 4109 qui
832 4039 1088 4108 pendet'in
1111 4040 1246 4108 ligno
1277 4040 1453 4107 (Deut.
1482 4042 1565 4094 21.
1602 4042 1714 4109 25).

264 4128 315 4180 2.
362 4128 459 4182 llic
486 4128 611 4181 mihi
642 4128 921 4197 diligenter
946 4128 1307 4182 animadverte
1333 4170 1345 4191 ,
1377 4146 1442 4183 ne
1468 4130 1562 4183 abs
1595 4140 1645 4183 te
1676 4147 1768 4184 ve-

200 4218 362 4273 ritatis
407 4220 675 4289 perceptio
705 4219 963 4274 elabatur.
1011 4220 1383 4274 Contradicent
1418 4223 1559 4274 enim
1591 4224 1767 4275 statim

198 4307 357 4363 Judaei
384 4350 398 4375 ,
433 4310 499 4363 de
525 4310 715 4379 quibus
739 4311 813 4363 ait
843 4311 1032 4364 Paulus
1058 4352 1071 4373 ,
1125 4308 1323 4363 Inimici
1355 4313 1517 4365 crucis
1542 4310 1726 4366 Christi
1751 4354 1765 4379 ,

198 4417 400 4467 quorum
432 4402 549 4471 ﬁnis
576 4402 804 4454 interitus
831 4402 849 4470 (
874 4400 1107 4472 Philipp.
1137 4403 1189 4455 5.
1226 4402 1308 4456 18.
1345 4403 1475 4473 19),
1506 4413 1559 4457 et
1589 4406 1765 4458 statim

201 4492 517 4560 simplicibus
541 4492 788 4561 objicient
814 4510 828 4546 :
853 4494 906 4547 Si
934 4494 1247 4549 maledictus
1273 4496 1359 4565 qui
1390 4496 1603 4566 pendet,
1632 4514 1765 4567 quo-

201 4585 347 4638 modo
374 4601 403 4639 a
440 4586 719 4639 maledicto
765 4586 855 4638 tibi
901 4585 1322 4641 benedictionem
1372 4589 1630 4658 impertiri
1675 4606 1769 4645 ex-

200 4676 437 4741 spectas?
458 4675 720 4745 quomodo
742 4676 807 4729 ab
824 4690 907 4739 eo,
930 4676 1020 4744 qui
1047 4678 1097 4730 in
1127 4689 1347 4733 mortem
1371 4680 1579 4743 cecidit,
1604 4682 1765 4735 vitam

200 4770 413 4831 speras?
467 4768 519 4821 Id
550 4769 689 4837 quod
716 4776 952 4836 apparet,
988 4778 1045 4821 ut
1073 4770 1183 4837 ipse
1209 4772 1395 4825 doctor
1420 4784 1601 4826 noster
1633 4774 1767 4827 Pau-

202 4854 276 4910 lus
315 4860 595 4913 conlitetur
614 4900 628 4922 ,
676 4860 1012 4914 maledictum
1049 4868 1131 4915 est
1161 4878 1173 4913 :
1203 4861 1462 4931 Scriptum
1492 4874 1563 4916 est
1592 4868 1761 4931 enim,

203 4946 489 5003 Maledictus
515 4952 675 5003 omnis
702 4951 783 5019 qui
810 4950 987 5018 pendet
1012 4950 1062 5002 in
1086 4952 1220 5021 ligno
1242 4951 1383 5017 (Cal.
1407 4954 1460 5008 5.
1486 4954 1570 5009 15.
1612 4955 1759 5009 Deut.

200 5038 252 5092 2l
268 5080 277 5091 .
296 5041 402 5110 23).
429 5042 483 5095 Si
508 5043 681 5111 itaque
703 5042 954 5111 scriptum
975 5052 1055 5097 est
1075 5054 1128 5097 et
1150 5046 1451 5100 testimonio
1472 5046 1757 5114 ﬁrmatum,

198 5132 451 5195 quomodo
477 5131 779 5188 benedictio
807 5148 834 5185 a
862 5133 1143 5189 maledicto
1170 5134 1323 5189 datur
1350 5138 1522 5191 crucis
1546 5140 1761 5193 cultori-

202 5216 329 5271 bus?
372 5222 493 5275 llmc
533 5236 743 5288 semper
773 5222 899 5276 dicit
927 5234 981 5278 et
1010 5224 1191 5292 objicit
1229 5226 1479 5292 Judzeus,
1517 5228 1759 5282 inimicus

200 5311 358 5364 crucis
380 5312 591 5366 Christi.
620 5311 673 5365 Si
700 5313 873 5379 itaque
892 5313 1107 5369 Judaeus
1132 5317 1221 5369 tibi
1245 5317 1455 5383 dixerit,
1484 5318 1759 5385 Quomodo

201 5402 495 5459 maledictus
525 5405 616 5458 dat
646 5404 1107 5461 benedictionem?
1147 5408 1230 5462 dic
1259 5409 1327 5461 illi
1353 5450 1368 5473 ,
1400 5409 1676 5476 Quomodo
1707 5412 1757 5465 in

201 5490 395 5548 deserto
416 5505 687 5565 serpentes
709 5495 1020 5549 mordebant
1050 5501 1412 5568 progenitores
1434 5512 1582 5565 tuos;
1612 5503 1758 5573 Moy-

202 5594 278 5635 ses
296 5596 460 5641 autem
485 5588 713 5657 imagine
736 5588 996 5655 serpentis
1021 5588 1175 5653 facta,
1203 5599 1255 5643 et
1282 5591 1330 5643 in
1357 5605 1516 5646 cruce
1539 5607 1758 5661 suspen-

203 5681 272 5734 sa,
291 5672 429 5743 dicit,
454 5677 765 5745 Quicumque
782 5692 813 5729 a
832 5686 1058 5745 serpente
1078 5694 1272 5732 morsus
1292 5682 1462 5750 fuerit,
1484 5694 1759 5750 serpentem

196 5804 433 5919 ογέῧῐξὲεη
464 5811 549 5862 Ubi
576 5808 781 5861 veritatis
806 5806 1049 5869 doctrina,
1077 5806 1143 5859 ibi
1174 5809 1315 5858 etiam
1340 5812 1529 5873 pietatis
1552 5820 1618 5863 est
1642 5827 1753 5877 pro-

1438 463 1525 518 ΒΕ
1563 462 1921 519 SERPENTE
1962 463 2262 519 IIOMILIA.

3397 478 3510 535 502

1919 582 2171 650 respiciat,
2205 592 2251 635 et
2284 582 2450 636 salvus
2480 585 2572 635 erit
2608 582 2627 653 (
2652 582 2813 636 Nunt.
2842 582 2933 638 2|.
2963 582 3070 653 8)?
3095 582 3199 638 Sed
3228 584 3299 638 ait
3320 625 3339 650 ,
3370 584 3494 654 quid

1919 674 2019 727 hoc
2057 675 2121 727 ad
2152 674 2306 731 rem?
2348 674 2486 730 Sane
2514 674 2736 729 multum
2767 674 2833 728 ad
2863 690 2973 729 rem
3007 674 3252 746 pertinet.
3303 666 3493 730 Annon

1914 764 2104 817 audisti
2148 764 2310 819 Deum
2350 764 2612 818 dicentem
2639 806 2653 827 ,
2698 764 3001 818 Maledictus
3041 776 3093 818 tu
3134 782 3238 834 pra:
3267 766 3493 819 omnibus

1914 855 2079 907 bestiis
2106 865 2250 907 terra:
2279 860 2295 925 (
2319 854 2444 908 Gen.
2476 856 2529 910 5.
2561 856 2627 911 14
2647 854 2708 924 )?
2738 855 3012 923 Quomodo
3041 856 3198 925 igitur
3227 856 3489 911 maledicti

1912 946 2084 1015 imago
2107 947 2265 1000 vitam
2288 948 2461 1001 attulit
2483 947 2906 1017 progenitoribus
2928 947 3149 1001 vestris?
3174 947 3377 1000 Dictum
3401 962 3489 1002 re-

1910 1046 2053 1105 peto,
2074 1046 2129 1089 ut
2146 1038 2458 1091 sententiam
2486 1037 2685 1091 firmius
2701 1046 2950 1090 statuam.
2972 1037 3024 1092 Si
3044 1036 3255 1107 quidem
3272 1036 3488 1092 difﬁcile

1912 1127 2001 1180 tibi
2046 1129 2287 1183 videatur
2331 1144 2394 1183 ex
2448 1129 2727 1184 maledicto
2770 1130 3189 1184 benedictionem
3238 1145 3487 1185 emanare

1911 1217 1931 1287 (
1952 1218 2253 1274 Malcdictus
2274 1220 2415 1275 enim
2440 1222 2599 1273 omnis
2619 1221 2703 1290 qui
2720 1222 2897 1290 pendet
2918 1221 2969 1274 in
2991 1221 3127 1289 ligno
3146 1220 3162 1287 )
3180 1262 3192 1283 ,
3217 1220 3487 1289 quomodo

1911 1309 2081 1379 imago
2111 1312 2373 1379 serpentis
2405 1311 2704 1374 maledicti,
2730 1312 2815 1378 qui
2846 1311 3075 1376 audivit,
3108 1310 3408 1365 Maledictus
3431 1321 3485 1364 tu

1907 1416 2013 1467 rm
2032 1402 2257 1455 omnibus
2278 1400 2462 1466 bestiis,
2484 1402 2678 1471 populo
2697 1403 2747 1455 iu
2771 1402 3070 1456 calamitate
3091 1402 3378 1456 constituto
3398 1400 3483 1455 be-

1905 1491 2255 1546 nedictionem
2278 1493 2691 1546 attulit?Annuu
2719 1493 2818 1546 fide
2844 1493 3053 1561 dignius
3071 1491 3255 1546 fuisset
3281 1492 3479 1555 dicere,

1902 1578 1955 1634 Si
1982 1581 2100 1649 quis
2128 1598 2191 1636 ex
2224 1582 2371 1635 vobis
2398 1598 2605 1636 morsus
2635 1580 2810 1647 fuerit,
2840 1583 3084 1651 respiciat
3121 1581 3172 1635 in
3202 1581 3387 1636 caelum
3415 1580 3479 1634 ad

1903 1670 2090 1734 Deum,
2116 1682 2169 1724 et
2199 1673 2512 1727 sanabitur?
2549 1672 2629 1725 vel
2652 1671 2870 1725 dimisso
2893 1674 3007 1725 czeli
3034 1682 3273 1742 aspectu,
3304 1688 3479 1726 annon

1903 1771 2109 1830 poterat
2134 1762 2329 1827 dicere,
2355 1764 2408 1818 Si
2432 1764 2549 1832 quis
2572 1778 2779 1817 morsus
2800 1764 2972 1829 fuerit,
3000 1765 3248 1833 respiciat
3269 1764 3319 1818 in
3350 1778 3481 1818 can-

1899 1852 2169 1907 delabrum
2194 1854 2426 1917 luminis,
2447 1864 2496 1907 et
2523 1854 2696 1907 salvus
2714 1854 2844 1908 erit?
2868 1864 2957 1908 aut
2974 1855 3220 1924 respiciat
3246 1854 3297 1908 in
3324 1869 3479 1911 men-

1898 1959 2008 1999 sam
2037 1947 2412 2016 pr0positiouis
2457 1955 2758 2001 sanctorum
2789 1962 2981 2015 panum
3006 1987 3020 2013 ,
3048 1955 3102 2001 et
3127 1946 3306 2000 salvus
3337 1945 3477 2000 erit?

1897 2046 1986 2088 aut
2012 2037 2061 2089 iu
2090 2037 2271 2103 altare,
2301 2047 2390 2091 aut
2418 2038 2468 2092 in
2497 2038 2691 2105 velum,
2712 2046 2805 2091 aut
2825 2039 2873 2091 in
2896 2054 3071 2092 arcam
3091 2080 3104 2101 ,
3129 2038 3240 2093 sive
3261 2038 3313 2091 in
3336 2037 3473 2092 ima-

1895 2130 2071 2199 ginem
2100 2129 2542 2192 Cherubinorum,
2571 2130 2652 2183 vel
2685 2132 2734 2182 in
2763 2128 3217 2199 propitiatorium?
3244 2130 3309 2183 At
3342 2128 3467 2182 nihil

1896 2234 2078 2273 eorum
2102 2220 2317 2274 adduxit
2340 2219 2608 2290 legislator
2629 2234 2883 2288 magnus;
2910 2236 3091 2274 verum
3120 2234 3276 2273 unam
3299 2220 3473 2274 crucis

1895 2312 2176 2383 imaginem
2207 2314 2391 2377 erexit,
2417 2322 2469 2367 et
2498 2312 2632 2366 hanc
2664 2328 2756 2381 per
2783 2312 3118 2366 maledictum
3146 2320 3466 2380 serpentem.

1894 2403 1999 2457 Cur
2023 2420 2151 2474 ergo
2175 2446 2187 2470 ,
2220 2404 2400 2458 Judme
2426 2446 2439 2466 ,
2474 2403 2681 2473 Moyses
2709 2402 2822 2456 lucc
2852 2401 3013 2455 facit?
3036 2416 3132 2454 cur
3169 2409 3468 2469 serpentem

1892 2496 2118 2560 confiat,
2150 2498 2235 2566 qui
2268 2512 2361 2565 per
2402 2496 2568 2565 legem
2606 2493 2842 2555 dixerat,
2876 2491 2995 2546 Non
3030 2494 3183 2563 facies
3206 2492 3465 2561 sculptile.

1892 2602 2047 2655 neque
2075 2586 2223 2654 fusile
2248 2586 2265 2655 (
2290 2584 2446 2637 Levit.
2475 2584 2563 2638 26.
2596 2584 2618 2637 1
2652 2583 2713 2653 )?
2744 2583 2845 2637 Sed
2878 2598 2973 2637 cur
3003 2582 3117 2636 haec
3156 2582 3359 2651 ingrato
3388 2582 3466 2635 lo-

1889 2677 2061 2746 quor?
2091 2675 2262 2745 Ipsum
2294 2675 2649 2744 legislatorem
2684 2675 2951 2744 interrogo
2984 2693 2995 2727 :
3026 2673 3119 2727 Dic
3155 2672 3302 2736 mihi,
3334 2671 3465 2727 lide-

1889 2768 2090 2824 lissime
2136 2767 2228 2824 Dei
2277 2768 2467 2821 lamule
2492 2807 2505 2831 ,
2538 2780 2604 2819 an
2637 2764 2686 2818 id
2721 2764 2848 2820 lacis
2885 2763 3023 2834 quod
3061 2764 3353 2835 prohibes?
3397 2779 3462 2817 an

1888 2858 2029 2929 quod
2071 2858 2360 2929 reprobas,
2405 2858 2455 2911 id
2496 2856 2771 2925 operaris?
2809 2855 2895 2925 qui
2940 2856 3071 2910 dicis
3096 2896 3110 2920 ,
3156 2853 3273 2908 Non
3312 2855 3465 2925 [acies

1886 2950 2116 3021 sculptile
2137 2989 2151 3013 ,
2196 2965 2351 3018 neque
2380 2948 2529 3015 fusile
2552 2987 2567 3011 ,
2612 2945 2786 2999 fundis
2812 2956 2865 3000 et
2898 2945 3095 3014 sculpis
3124 2946 3465 3014 serpentem?

1888 3042 2085 3096 Verum
2134 3040 2273 3095 dicet
2306 3059 2317 3093 :
2359 3040 2476 3093 Illas
2506 3038 2599 3091 tuti
2631 3037 2774 3106 leges
2798 3078 2813 3101 ,
2854 3045 2909 3089 ut
2937 3052 3147 3090 omnem
3181 3036 3463 3105 impietatis

1886 3134 2160 3189 materiam
2201 3132 2599 3196 exscinderent,
2643 3138 2697 3183 et
2741 3131 2879 3183 hunc
2910 3130 3159 3198 populum
3204 3143 3233 3181 a
3276 3128 3463 3196 quovis

1887 3224 2145 3278 idolorum
2191 3223 2333 3277 cultu
2380 3229 2707 3283 averterent;
2762 3235 2900 3272 nunc
2945 3228 3116 3272 autem
3158 3227 3460 3285 serpentem

1883 3314 2075 3379 contio,
2100 3324 2155 3367 ut
2180 3313 2459 3382 imaginem
2480 3310 2889 3379 dispensationis
2909 3309 3079 3363 crucis
3104 3308 3457 3378 pranligurem,

1882 3407 2019 3460 viam
2042 3422 2135 3475 per
2153 3421 2307 3475 quam
2326 3403 2552 3473 apostoli
2569 3402 2855 3456 decurrant
2872 3401 3231 3469 complanans,
3252 3402 3458 3469 signum

1883 3498 2025 3552 illius
2052 3497 2225 3551 crucis
2254 3510 2504 3565 magnum
2538 3492 2935 3561 iuauditumque
2956 3491 3111 3557 longe
3131 3502 3282 3545 antea
3308 3490 3462 3545 adbi-

1883 3589 2001 3643 beo.
2035 3588 2184 3655 Quod
2211 3598 2384 3640 autem
2415 3585 2529 3639 haec
2556 3584 2836 3652 explicatio
2862 3598 2965 3637 non
2990 3582 3192 3638 detorta
3221 3584 3307 3649 sit,
3334 3582 3457 3636 audi

1884 3680 2159 3733 Dominum
2183 3721 2196 3742 ,
2228 3678 2315 3747 qui
2346 3688 2575 3731 veterem
2609 3677 2749 3732 illam
2782 3676 3059 3746 imaginem
3087 3677 3365 3731 coulirmat
3395 3692 3459 3731 ac

1879 3771 1944 3823 de
1973 3771 2148 3838 seipso
2187 3771 2580 3836 interpretatur.
2629 3765 2972 3820 Nicodcmum
3013 3766 3151 3819 enim
3183 3767 3456 3835 alloquens

1880 3870 1934 3914 ut
1964 3860 2139 3930 populi
2167 3859 2458 3921 doctorem,
2492 3858 2659 3911 virum
2690 3856 2825 3925 apud
2854 3855 3065 3911 Judanos
3093 3858 3412 3926 prtccipuum
3436 3899 3453 3925 ,

1877 3952 1963 4019 qui
2011 3960 2190 4018 posset
2229 3950 2577 4003 oeconomiam
2624 3946 2951 4015 intelligere,
2987 3946 3061 3999 ait
3098 3962 3111 3999 :
3159 3965 3176 3997 ι
3226 3947 3290 4000 Et
3319 3948 3455 4003 sicut

1877 4043 2125 4099 exaltavit
2159 4043 2367 4111 Moyses
2407 4048 2704 4108 serpentem
2747 4040 2797 4092 iu
2839 4038 3051 4093 deserto
3077 4079 3091 4102 ,
3134 4039 3200 4092 ita
3233 4040 3450 4093 exaltari

1876 4144 2083 4202 oportet
2105 4133 2294 4186 Filium
2321 4130 2580 4191 hominis,
2607 4139 2662 4182 ut
2684 4130 2857 4183 omnis
2884 4131 2970 4198 qui
3000 4130 3165 4184 credit
3198 4131 3246 4183 in
3277 4131 3447 4199 ipsum

1875 4241 1977 4277 non
2012 4231 2227 4291 pereat,
2260 4222 2349 4275 sed
2393 4220 2583 4274 habeat
2622 4220 2781 4273 vitam
2824 4232 3075 4273 micrnam
3112 4239 3127 4271 ι
3166 4214 3447 4291 (Ιοαη.’5.

1875 4318 1959 4370 14.
1996 4316 2123 4383 15).
2159 4315 2249 4367 Dic
2278 4314 2453 4382 igitur,
2486 4328 2517 4364 ο
2548 4310 2756 4377 stupide
2781 4309 2981 4374 Judzee,
3010 4325 3074 4363 an
3108 4326 3209 4364 non
3233 4326 3305 4364 aes
3331 4321 3449 4366 erat

1874 4407 2042 4462 illud?
2072 4406 2275 4459 Mortua
2308 4404 2555 4457 materies
2589 4410 2814 4456 mortem
2844 4402 3054 4455 vincere
3083 4402 3280 4471 possit,
3311 4402 3446 4472 ligu-

1874 4516 1984 4555 ram
2008 4499 2179 4552 crucis
2202 4497 2419 4559 habens,
2446 4504 2498 4550 et
2520 4494 2627 4563 ipsa
2650 4494 2822 4548 crucis
2841 4494 3030 4547 veritas
3054 4509 3157 4547 non
3181 4494 3447 4549 creditur?

1871 4599 1924 4643 et
1952 4590 2065 4643 hac
2094 4599 2212 4657 post
2240 4586 2641 4640 conversionem
2668 4584 2811 4638 orbis
2842 4594 3013 4649 terrze,
3043 4594 3158 4653 post
3185 4586 3444 4640 constitu-

1873 4689 1976 4733 tam
2010 4679 2060 4731 iu
2091 4687 2198 4730 toto
2226 4678 2355 4731 orbe
2392 4678 2676 4744 pietatem,
2710 4682 2981 4743 postquam
3010 4675 3233 4744 gentiles
3268 4676 3441 4730 credi-

1870 4770 2080 4835 derunt,
2101 4778 2218 4837 post
2240 4769 2493 4822 excitatus
2514 4766 2797 4829 Ecclesias,
2825 4773 2940 4831 post
2964 4772 3103 4818 tanta
3128 4766 3442 4832 certamina,

1872 4870 1989 4929 post
2030 4870 2226 4913 tantum
2272 4859 2519 4911 virtutum
2569 4855 3036 4917 exercitationem,
3087 4864 3203 4923 post
3243 4864 3441 4910 tantam

1869 4950 2087 5021 angelici
2130 4948 2350 5001 instituti
2395 4945 2794 4999 accessionem?
2835 4944 2971 4998 Sane
3012 4946 3303 5000 luculenter
3345 4946 3440 5001 de-

1869 5049 2214 5095 monsuatum
2258 5046 2372 5099 est,
2414 5050 2623 5087 omnem
2670 5033 2982 5087 adversariis
3025 5036 3196 5088 crucis
3238 5035 3438 5089 aditum

1866 5133 2180 5203 praeclusum
2232 5144 2387 5193 esse,
2433 5127 2496 5179 ad
2546 5126 2967 5195 exprobrandam
3019 5126 3170 5180 nobis
3219 5127 3439 5195 ﬁguram

1866 5224 2147 5279 maledicti.
2183 5222 2248 5275 Et
2274 5222 2530 5275 adversus
2574 5220 2689 5272 illos
2732 5218 2943 5287 quidem
2986 5216 3098 5272 haec
3136 5218 3263 5271 satis
3290 5218 3395 5271 sint
3426 5236 3439 5273 :

1865 5335 1962 5372 nos
1990 5326 2160 5369 autem
2193 5314 2375 5367 fideles
2403 5310 2676 5364 nobiscum
2706 5308 3092 5378 expendamus,
3122 5318 3174 5361 et
3200 5308 3439 5378 explere.

1865 5424 1980 5463 mus
2001 5408 2279 5461 verborum
2301 5404 2708 5458 accurationem.
2752 5402 2854 5456 Cur
2873 5402 3126 5455 Dominus
3159 5403 3437 5470 imaginem

1866 5504 2003 5557 illius
2037 5499 2349 5555 oeconomia:
2380 5512 2482 5549 non
2516 5511 2609 5565 per
2645 5494 2839 5557 alium,
2880 5493 2970 5547 sed
3011 5508 3103 5561 per
3138 5500 3437 5561 serpentem

1865 5590 2273 5662 priesiguiﬁcat?
2318 5588 2395 5642 Ad
2436 5586 2720 5641 certamina
2762 5601 2880 5638 cum
2914 5583 3225 5637 adversariis
3265 5584 3438 5636 susei-

1863 5684 2051 5754 pienda
2088 5681 2359 5750 exemplar
2388 5679 2526 5733 illius
2557 5676 2818 5730 maledicti
2855 5676 3113 5743 serpentis
3147 5673 3277 5728 satis
3303 5683 3383 5729 est
3419 5691 3433 5728 :

1864 5788 2044 5829 verum
2074 5773 2181 5842 jam
2212 5769 2636 5842 persuadendum
2662 5768 2725 5821 iis
2751 5809 2764 5831 ,
2796 5768 2881 5836 qui
2916 5767 3002 5820 lilii
3039 5767 3245 5835 pietatis
3274 5776 3397 5821 Sitti!
3420 5806 3437 5831 ,

1863 5880 1967 5935 quo
1995 5873 2148 5934 pacto
2176 5864 2339 5935 figura
2368 5862 2508 5917 illius
2537 5860 2799 5915 maledicti
2828 5859 3087 5930 serpentis
3114 5858 3286 5929 imago
3316 5859 3436 5916 lue-
