4102 6472
684 415 797 471 503

673 514 741 569 rit
776 512 970 570 Christi
994 554 1009 579 ,
1054 512 1142 584 qui
1180 513 1449 570 adoretur.
1494 513 1751 581 Quocirca
1779 513 1831 570 id
1869 530 1965 571 nos
1993 525 2238 573 accurate

677 604 979 673 explicare,
1010 616 1065 660 et
1089 620 1182 660 vos
1209 604 1441 659 studiose
1466 605 1647 660 audire
1671 620 1764 675 par
1787 617 1889 662 est.

749 695 802 749 3.
842 694 1033 764 Figura
1062 694 1341 764 serpentis,
1367 694 1570 760 fratres,
1598 695 1767 765 imago
1787 705 1900 750 erat
1927 696 2241 752 tecettomia:

676 783 868 837 crucis.
896 783 1045 851 Quod
1067 792 1240 837 autem
1268 784 1333 838 ad
1366 785 1577 839 modum
1608 787 1815 851 attinet,
1846 786 1979 840 sicut
2009 787 2095 840 illa
2124 801 2240 841 scr-

677 873 851 942 pentis
889 871 1053 942 ﬁgura
1089 873 1367 943 imaginem
1397 873 1607 943 quidem
1636 882 1689 929 et
1716 877 1942 944 speciem
1982 877 2241 946 serpentis

676 976 785 1031 pra:
813 975 873 1017 se
896 961 1116 1025 ferebat,
1144 978 1402 1017 venenum
1425 974 1595 1019 autem
1619 966 2006 1035 nequitiamque
2025 980 2241 1036 serpen-

674 1052 741 1105 tis
772 1066 875 1105 non
898 1050 1157 1106 habebat:
1188 1054 1264 1107 sic
1294 1061 1349 1108 et
1374 1052 1643 1119 Servator,
1680 1054 1969 1109 secundum
2004 1054 2238 1110 divinum

673 1142 990 1213 apostolum,
1021 1142 1073 1197 in
1111 1144 1449 1199 similitudine
1494 1144 1665 1199 carnis
1710 1146 1906 1213 peccati
1955 1160 2236 1215 apparens,

672 1240 819 1287 extra
846 1248 1002 1288 omne
1030 1244 1297 1302 peccatum
1323 1234 1447 1299 fuit;
1472 1236 1605 1289 sicut
1628 1243 1682 1289 et
1709 1235 1893 1290 beatus
1919 1236 2098 1301 Isaias,
2118 1252 2237 1291 cum

674 1322 829 1376 beato
860 1322 1020 1376 Paulo
1043 1322 1117 1395 (α)
1149 1338 1465 1389 consonans,
1493 1325 1600 1378 ait:
1628 1326 1725 1392 Qui
1757 1338 2011 1394 peccatum
2037 1345 2133 1380 non
2159 1328 2238 1397 [e-

673 1415 770 1478 cif;
800 1431 888 1468 nec
912 1414 1140 1469 inventus
1165 1426 1235 1469 est
1264 1416 1412 1470 dolus
1450 1418 1501 1469 in
1544 1433 1629 1471 ore
1665 1418 1773 1488 ejus
1801 1417 1951 1487 (Isai.
1984 1420 2072 1474 53.
2100 1422 2160 1485 9;
2187 1421 2235 1475 1.

678 1502 787 1556 Pet.
810 1504 862 1558 2.
882 1504 994 1573 22).
1017 1503 1313 1560 Secundum
1343 1504 1527 1559 Isaiam
1554 1505 1833 1576 imaginem
1862 1523 2017 1562 unam
2047 1509 2234 1564 habes:

673 1591 737 1645 ad
766 1592 984 1647 alteram
1029 1593 1241 1647 accede.
1289 1593 1555 1649 Contuere
1597 1596 1872 1651 veritatem
1919 1613 2008 1665 per
2048 1596 2239 1667 ﬁguras

675 1682 1057 1752 splendentem.
1086 1683 1365 1751 Serpentes
1390 1683 1701 1739 mordebant
1727 1684 1859 1739 ﬁlios
1878 1686 2057 1753 Israel,
2076 1702 2241 1757 quan-

675 1769 744 1823 do
776 1772 997 1840 papulus
1038 1773 1087 1825 in
1121 1774 1403 1842 perniciem
1437 1774 1560 1828 ruit.
1591 1774 1728 1829 Petit
1754 1775 1960 1846 Moyses
1984 1792 2015 1831 a
2048 1777 2155 1832 Deo
2184 1787 2240 1832 ut

675 1860 990 1914 medicinam
1018 1862 1300 1916 salutarem
1333 1863 1613 1932 praeberet.
1634 1864 1772 1918 Deus
1801 1865 1994 1920 famulo
2024 1866 2240 1921 medici-

675 1971 796 2009 nam
840 1956 1128 2011 beneﬁcam
1176 1966 1574 2022 commonstrat,
1604 1968 1655 2012 et
1681 1958 1783 2011 ait:
1815 1957 1925 2011 Fac
1966 1968 2238 2029 serpentem

674 2061 895 2110 teneam,
946 2046 1186 2117 illumque
1228 2048 1360 2117 erige
1399 2057 1516 2101 ante
1563 2049 1934 2103 tabernaculum
1976 2051 2240 2105 testimonii

682 2134 865 2205 (Nunt.
894 2137 981 2190 21.
1015 2136 1091 2208 8).
1133 2137 1264 2204 Quid
1296 2137 1392 2192 sibi
1421 2138 1531 2192 vult
1561 2138 1659 2192 hoc
1686 2139 1930 2208 signum?
1974 2140 2074 2193 Alil
2116 2150 2239 2195 sunt

677 2225 978 2279 mordentes
1004 2234 1296 2295 serpentes,
1348 2238 1401 2280 et
1444 2227 1573 2280 alios
1618 2242 1711 2296 pro
1753 2228 1855 2280 i'lis
1894 2228 2235 2297 cruciﬁgitur.

678 2314 810 2381 Quid
843 2314 1097 2383 signiﬁcat
1127 2317 1385 2385 aenigma?
1424 2316 1547 2385 quid
1579 2332 1684 2384 pra:
1722 2332 1780 2371 se
1813 2316 1906 2370 fert
1940 2319 2123 2372 umbra
2154 2320 2236 2372 illa

679 2407 948 2476 mysterii?
970 2406 1421 2471 Quemadmodum
1455 2408 1559 2460 illic
1581 2408 1629 2461 in
1661 2409 1824 2477 ﬁgura
1849 2408 1966 2462 aliis
1995 2408 2241 2463 morden-

680 2496 820 2549 tibus
856 2496 1207 2565 serpentibus,
1253 2496 1386 2551 alius
1434 2497 1521 2566 qui
1565 2511 1670 2551 non
1711 2498 2069 2553 momorderat
2097 2498 2240 2553 cruci

680 2583 869 2639 afﬁxus
897 2595 1006 2639 est:
1032 2586 1107 2639 sic
1122 2586 1239 2639 aliis
1266 2586 1602 2655 peccantibus
1629 2586 1929 2641 hominibus
1956 2603 2048 2656 pro
2072 2588 2243 2641 omni-

679 2674 777 2729 bus
806 2688 1053 2743 passurus
1079 2683 1162 2729 est
1187 2675 1439 2729 innocens
1464 2674 1634 2729 Jesus.
1660 2675 1762 2729 Pro
1784 2678 2134 2745 serpentibus,
2152 2678 2238 2745 qui

681 2764 1014 2831 mordebant,
1046 2780 1264 2833 serpens
1296 2764 1539 2819 innoxius
1564 2764 1918 2834 cruciﬁgitur;
1954 2781 2047 2834 pro
2069 2767 2239 2834 nobis,

682 2854 771 2923 qui
801 2856 957 2908 morti
984 2854 1310 2923 subjiciatur,
1336 2856 1399 2919 is,
1418 2856 1507 2924 qui
1534 2856 1689 2908 morti
1710 2869 1813 2909 non
1841 2856 2106 2924 subjectus
2123 2855 2241 2923 fuit,

681 2942 1022 3014 cruciﬁgitur.
1055 2944 1204 3010 Quod
1235 2944 1487 3013 praeclare
1514 2959 1634 2999 cum
1674 2946 1790 2998 aliis
1812 2943 1972 2998 Isaias
2004 2945 2245 3014 praedixit

682 3037 735 3089 in
764 3035 904 3090 hunc
931 3036 1142 3091 modum
1166 3054 1177 3089 :
1204 3036 1309 3089 Pro
1337 3039 1551 3105 peccatis
1579 3038 1753 3105 populi
1777 3039 1905 3089 venit
1929 3038 1979 3089 in
2004 3047 2244 3101 mortem;

682 3137 756 3191 et,
784 3126 1029 3181 Dominus
1055 3128 1258 3181 tradidit
1285 3130 1501 3195 seipsum
1531 3146 1621 3195 pro
1648 3130 1858 3199 peccatis
1890 3131 2070 3183 nostris
2092 3129 2242 3194 (lsai.

684 3218 771 3272 55.
806 3217 889 3271 12.
935 3218 1013 3286 6).
1059 3217 1385 3271 Testimouio
1412 3217 1768 3271 conﬁrmanda
1810 3218 1999 3272 iterum
2027 3229 2107 3273 est
2132 3234 2247 3289 my-

684 3308 830 3362 stcrii
856 3308 1007 3362 ratio.
1037 3306 1490 3373 Quemadmodum
1521 3308 1627 3362 illic
1656 3309 1743 3362 alii
1770 3320 2044 3378 serpentes
2077 3322 2245 3379 erant,

686 3400 773 3468 qui
794 3398 1123 3465 mordebant,
1147 3399 1278 3454 alius
1301 3400 1387 3469 qui
1410 3399 1749 3469 suﬁigebatur
1770 3418 1781 3454 :
1803 3400 1871 3453 ita
1888 3411 1940 3455 et
1962 3400 2043 3455 hic
2064 3417 2246 3458 omnes

687 3499 1055 3561 peccaverant,
1086 3502 1141 3546 et
1160 3506 1294 3545 unus
1318 3506 1410 3560 pro
1431 3491 1673 3545 omnibus
1702 3491 2045 3562 cruciﬁgitur.
2080 3494 2250 3547 llabes

690 3583 1010 3647 secundam;
1037 3583 1129 3637 sed
1155 3594 1207 3638 et
1230 3583 1434 3638 tertiam
1454 3582 1733 3652 imaginem
1764 3584 2057 3638 considera.
2082 3584 2145 3639 In
2168 3601 2253 3638 ore

690 3674 901 3727 duorutn
940 3676 1015 3727 uel
1044 3674 1192 3727 trium
1223 3675 1439 3739 testium,
1470 3674 1616 3728 stabit
1655 3690 1797 3727 omne
1840 3675 2039 3727 verbum
2077 3673 2249 3745 (Deut.

691 3763 779 3817 i9.
810 3764 917 3833 15).
961 3765 1134 3829 Quare
1170 3764 1492 3835 cruciﬁgitur
1542 3778 1758 3831 serpens
1799 3766 2010 3819 aeneus?
2049 3765 2117 3820 Ut
2158 3768 2252 3819 ab-

695 3855 937 3911 oleantur
980 3870 1190 3911 morsus
1214 3857 1554 3924 serpentium.
1585 3855 1738 3909 Aliud
1769 3870 1892 3925 ergo
1921 3863 2005 3910 est
2029 3856 2167 3925 quod
2202 3856 2253 3909 in

694 3959 907 4000 crucem
935 3946 1149 4011 tollitur,
1180 3955 1233 4000 et
1269 3946 1371 3999 alia
1402 3960 1519 4014 quae
1548 3944 1839 3999 abolentur.
1872 3947 2059 3998 Annon
2090 3946 2254 4014 signi-

696 4036 991 4091 ﬁcationem
1024 4037 1257 4091 veritatis
1279 4035 1684 4091 animadvertis?
1701 4050 1872 4089 annon
1900 4036 2046 4105 quasi
2067 4036 2164 4090 sub
2181 4037 2259 4089 in-

697 4128 912 4183 volucro
938 4128 1221 4196 Scriptura:
1251 4128 1355 4180 vim
1374 4128 1683 4182 oeconomiae
1708 4127 1992 4197 perspicis?
2013 4127 2259 4181 Sublatus

700 4220 752 4274 in
778 4232 986 4273 crucem
1017 4226 1114 4282 est,
1147 4216 1333 4287 inquit,
1357 4232 1536 4270 aeneus
1565 4231 1801 4284 serpens,
1842 4226 1895 4269 ut
1924 4216 2261 4271 abolerentur

701 4324 911 4365 morsus
931 4308 1250 4373 draconum;
1277 4306 1559 4362 cruciﬁxus
1584 4316 1665 4361 est
1692 4306 1953 4369 Christus,
1979 4317 2031 4359 ut
2058 4306 2259 4359 daemoo

703 4417 825 4455 num
854 4399 1190 4471 operationes
1214 4406 1502 4453 cessarent.
1533 4396 1680 4451 Alius
1710 4406 1791 4450 cst
1816 4411 2035 4465 serpens
2062 4397 2147 4451 ille
2176 4398 2262 4466 qui

702 4491 943 4560 erigitur,
981 4489 1069 4545 alii
1112 4489 1199 4558 qui
1242 4488 1661 4558 comprimuntur
1698 4485 1985 4550 dracones;
2016 4486 2149 4539 alius
2176 4484 2263 4554 qui

703 4583 845 4635 cruci
872 4579 1063 4635 afﬁxus
1089 4588 1170 4634 est
1191 4577 1451 4641 Christus,
1482 4586 1535 4631 et
1555 4577 1638 4630 alii
1662 4576 1748 4646 qui
1774 4575 2051 4630 abolentur
2072 4574 2269 4628 daemo-

704 4685 820 4724 nes.
855 4670 921 4723 Et
949 4666 1391 4739 quemadmodum
1419 4666 1525 4719 illic
1554 4665 1723 4734 imago
1753 4666 2032 4733 serpentis,
2060 4664 2145 4734 qui
2172 4679 2267 4734 ap-

707 4759 944 4829 parebat,
974 4771 1181 4812 morsus
1203 4765 1529 4825 serpentium
1558 4754 1805 4820 abolevit,
1841 4755 1908 4807 ita
1931 4763 1983 4808 et
2010 4755 2094 4809 hic
2123 4769 2268 4809 mors

705 4847 901 4901 Christi
931 4854 1153 4901 mortem
1184 4844 1409 4907 sustulit,
1443 4852 1495 4898 et
1514 4843 1783 4897 dmmonas
1815 4843 2129 4913 proﬂigavit.
2161 4843 2271 4897 Me-

709 4940 811 4993 rito
834 4938 1008 5007 itaque
1034 4937 1285 4992 Servator
1309 4934 1587 5005 imaginem
1617 4933 1715 4988 sibi
1738 4933 1991 5003 adaptans
2018 4934 2181 4989 dixit:
2207 4934 2275 4987 Et

709 5033 834 5083 sicut
858 5028 1059 5099 Mor/ses
1086 5028 1321 5080 exultavit
1348 5034 1622 5094 serpentem
1650 5026 1700 5077 in
1731 5024 1942 5089 deserto,
1970 5025 2039 5076 ita
2064 5025 2275 5077 exaltari

713 5129 900 5191 Oportet
929 5117 974 5171 F
977 5119 1114 5171 ilium
1142 5118 1375 5182 hominis,
1404 5126 1458 5168 ut
1486 5116 1665 5180 omnis,
1707 5115 1790 5182 qui
1833 5116 1987 5167 credit
2012 5115 2061 5166 in
2088 5116 2272 5182 ipsum,

711 5227 811 5265 non
839 5218 1024 5279 pereat,
1055 5207 1142 5260 sed
1170 5207 1344 5258 habeat
1365 5208 1513 5259 vitam
1533 5215 1768 5259 cateruam
1791 5203 1964 5271 (Joan.
1984 5205 2035 5259 3.
2059 5204 2141 5257 Η.
2166 5204 2276 5273 15).

712 5302 907 5366 Ilabes,
939 5300 1009 5354 mi
1035 5298 1217 5361 frater,
1250 5296 1457 5350 beatum
1488 5297 1719 5367 Moysem
1749 5294 1847 5346 alia
1876 5294 2036 5362 ﬁgura
2067 5308 2278 5348 crucem

715 5376 1162 5455 sub‘indicantcm;
1211 5404 1315 5458 quo
1361 5396 1535 5441 autem
1580 5396 1754 5455 pacto,
1807 5384 1947 5439 audi.
1982 5385 2085 5438 Eos
2114 5384 2277 5449 enim,

716 5486 805 5555 qui
845 5483 911 5539 de
944 5496 1097 5537 cruce
1128 5480 1430 5549 loquuntur,
1464 5476 1657 5530 multas
1688 5474 1925 5545 mysterii
1952 5474 2280 5542 contempla-

719 5580 889 5633 tiones
921 5577 969 5629 in
999 5573 1227 5629 medium
1256 5570 1444 5625 aﬁ‘erre
1465 5577 1689 5638 oportet.
1718 5567 1965 5622 lsraelitis
1992 5567 2044 5621 in
2072 5566 2282 5621 deserto

778 5713 852 5774 (α)
882 5717 1021 5760 Juxta
1052 5706 1190 5757 savii.
1224 5702 1485 5768 legendum
1519 5710 1627 5760 est,
1662 5706 1819 5761 Petro,
1840 5709 1891 5750 et
1929 5702 2123 5762 reipsa,
2162 5685 2283 5760 apu-2

778 5781 910 5823 trum
931 5771 1080 5821 verba
1103 5768 1289 5818 laudata
1308 5765 1553 5829 leguntur.

717 5782 910 5826 Petrum
931 5782 1080 5821 verba
1104 5782 1289 5818 lauaata
1311 5782 1553 5826 leguntur.

2103 401 2465 461 SEVERIANI

3826 415 3945 472 504

2349 513 2545 569 bellum
2572 512 2797 571 intulere
2819 512 3128 585 alienigena:
3152 514 3390 587 quidam,
3430 515 3743 573 Amaleeita
3769 518 3929 573 dicti.

2342 602 2547 675 Moyses
2570 611 2746 658 autem
2771 602 2955 659 Jesum
2979 604 3141 672 Nave,
3172 606 3351 676 populi
3381 606 3593 673 ducem,
3622 618 3678 662 et
3712 622 3932 662 succeso

2343 706 2520 747 sarem
2551 708 2725 757 suum,
2766 703 3026 748 armatum
3058 695 3316 763 proﬁcisci
3338 695 3508 764 jubet,
3551 696 3667 764 ipso
3715 697 3930 749 interea

2343 781 2394 834 in
2425 790 2604 837 monte
2631 782 2873 837 manibus
2918 784 3165 851 expansis
3210 792 3475 839 manente.
3516 784 3647 838 Nam
3675 785 3754 838 ait
3780 783 3929 838 Scri-

2345 880 2493 940 ptura
2519 889 2531 925 :
2561 890 2579 923 t
2610 871 2818 942 Moyses
2835 872 3070 927 ascendit
3094 874 3146 926 in
3164 880 3419 941 montem,
3448 884 3500 928 ct
3526 874 3782 944 expandit
3808 889 3926 927 ma-

2342 975 2441 1015 nus
2463 973 2605 1014 suas.
2639 962 2703 1015 Et
2732 964 2920 1015 factum
2943 973 3043 1028 est,
3075 977 3195 1017 cum
3224 965 3531 1019 extenderet
3559 979 3772 1029 manus,
3803 966 3925 1017 vin-

2342 1050 2493 1106 cebat
2520 1051 2709 1115 Israel;
2739 1061 2935 1106 etcum
2961 1054 3247 1108 dimitteret
3288 1069 3316 1107 a
3359 1069 3613 1124 corporea
3654 1056 3926 1121 gravitate

2341 1143 2531 1209 victus,
2575 1143 2821 1197 vincebat
2848 1144 3064 1197 Amalec
3097 1164 3114 1195 ι
3145 1143 3340 1212 (Exod.
3386 1147 3471 1199 i7.
3507 1146 3619 1215 11).
3649 1145 3788 1212 Quid
3820 1146 3923 1199 sibi

2342 1232 2452 1284 vult
2482 1232 2594 1285 haec
2616 1230 2815 1300 ﬁgura?
2834 1231 3047 1285 Iudaeus
3069 1236 3241 1285 statim
3274 1243 3537 1299 metuens,
3561 1248 3629 1287 ne
3662 1248 3757 1301 per
3786 1232 3927 1286 ima-

2341 1324 2512 1393 ginem
2552 1325 2715 1393 gloria
2754 1324 2926 1378 crucis
2962 1324 3155 1377 Christi
3197 1324 3459 1392 eﬁ'ulgeat,
3493 1324 3587 1388 ait,
3636 1324 3771 1378 Nihil
3806 1324 3926 1377 haec

2342 1413 2503 1483 ﬁgura
2538 1414 2763 1483 pertinet
2788 1414 2851 1466 ad
2882 1428 2964 1479 ea,
3006 1429 3121 1483 qtae
3168 1423 3220 1467 tu
3267 1413 3537 1468 fabularis.
3588 1414 3924 1468 Precationis

2341 1501 2506 1571 ﬁgura
2535 1510 2649 1555 erat
2676 1503 2760 1554 illa
2789 1502 2976 1565 forma,
3004 1516 3108 1555 non
3141 1502 3401 1572 imaginis,
3449 1511 3606 1571 prout
3635 1511 3687 1555 tu
3720 1503 3921 1572 opina-

2342 1594 2437 1647 ris.
2470 1592 2619 1660 Quod
2654 1592 2697 1645 si
2728 1592 2795 1645 ita
2827 1602 2927 1656 est,
2955 1593 2998 1645 si
3037 1608 3159 1646 vere
3185 1593 3400 1646 victoria
3441 1590 3529 1645 illa
3560 1592 3762 1647 fructus
3791 1607 3919 1661 pre-

2342 1684 2566 1739 cationis
2610 1683 2725 1749 fuit,
2754 1698 2849 1737 cur
2874 1683 3143 1751 Scriptura
3174 1698 3278 1737 non
3314 1684 3601 1752 precationi
3638 1684 3918 1738 victoriam

2341 1774 2621 1842 adscripsit
2651 1774 2777 1840 (non
2824 1774 2964 1827 enim
3009 1773 3084 1827 ait
3123 1772 3580 1842 Scriptura:Cum
3610 1782 3920 1841 precaretur

2341 1863 2580 1934 Moyses:
2604 1862 2730 1916 illud
2752 1862 2892 1916 enim
2925 1876 3049 1917 vere
3064 1862 3344 1932 signiﬁcat,
3362 1862 3633 1917 victoriam
3659 1876 3760 1915 non
3784 1860 3918 1915 fuis-

2341 1968 2400 2009 se
2430 1953 2746 2022 precationis
2771 1949 3043 2021 fructum),
3076 1952 3168 2005 sed
3198 1951 3450 2005 adscribit
3472 1952 3682 2021 imagini
3709 1950 3917 2019 ﬁgurae

2342 2060 2444 2115 que
2472 2045 2757 2099 manuum?
2796 2044 2927 2097 Cum
2955 2044 3094 2097 enim
3126 2058 3311 2097 manus
3352 2042 3655 2097 demitteret
3686 2043 3911 2113 Moyses,

2342 2139 2686 2208 superabatur
2736 2136 2928 2198 Israel;
2970 2150 3089 2190 cum
3141 2134 3481 2203 expenderet,
3535 2133 3914 2202 proﬂigabatur

2343 2230 2575 2285 Amalec.
2604 2229 2733 2283 Nam
2766 2229 2807 2281 si
2839 2228 2889 2282 id
2919 2228 3203 2296 precationi
3229 2225 3636 2281 adscribendum
3662 2235 3794 2281 erat.
3826 2224 3911 2277 di-

2342 2336 2465 2376 cere
2490 2321 2846 2391 oportuisset:
2876 2319 2942 2371 Et
2967 2332 3085 2371 cum
3126 2316 3438 2385 precabatur
3475 2316 3702 2387 Moyses,
3732 2316 3911 2368 vince-

2342 2412 2451 2467 bat.
2479 2411 2604 2476 Sed,
2651 2419 2710 2463 ut
2747 2408 2875 2472 dixi,
2911 2407 3209 2476 precatione
3234 2406 3448 2469 omissa,
3480 2420 3582 2458 non
3614 2404 3824 2473 quidem
3858 2412 3912 2454 ut

2345 2501 2535 2565 inutili,
2560 2499 2650 2553 sed
2683 2508 2738 2552 ut
2778 2513 2896 2565 quae
2924 2496 3135 2564 imagini
3163 2494 3337 2549 crucis
3364 2494 3555 2549 cedere
3583 2492 3822 2555 deberet,
3856 2493 3913 2542 li-

2344 2606 2487 2660 gura:
2511 2600 2562 2643 et
2590 2589 2739 2657 signo
2767 2586 3036 2639 victoriam
3066 2583 3335 2638 adscribit.
3359 2582 3578 2651 Quando
3600 2585 3744 2636 enim
3765 2582 3911 2649 Moy-

2345 2694 2431 2733 ses
2455 2676 2787 2743 expandcbat
2816 2689 3020 2735 manus,
3050 2674 3288 2726 vincebat
3316 2672 3494 2727 Israel.
3524 2671 3659 2738 Quid
3684 2672 3779 2724 sibi
3805 2671 3912 2721 vnit

2346 2784 2575 2838 expansa
2624 2765 2843 2819 manus?
2893 2765 3124 2833 Depinge
3155 2763 3248 2817 tibi
3296 2778 3484 2816 manus
3527 2775 3807 2833 exprimas,
3856 2770 3913 2813 ut

2347 2858 2712 2929 splendentem
2744 2854 3027 2908 adorandae
3057 2854 3241 2907 Crucis
3273 2854 3551 2922 imaginem
3582 2852 3779 2905 videas.
3813 2849 3910 2904 Ve-

2348 2965 2464 3004 rum
2492 2947 2804 3017 defatigatus
2828 2956 2927 3011 est,
2959 2946 3124 3013 inquit
3156 2944 3447 3013 Scriptura,
3476 2943 3713 3013 Moyses;
3747 2952 3914 3009 neque

2350 3039 2487 3094 enim
2511 3052 2698 3092 manus
2726 3050 2977 3105 corporea
3001 3036 3259 3103 gravitate
3283 3034 3433 3087 victa:
3462 3034 3602 3084 illam
3631 3032 3913 3099 imaginem

2349 3129 2613 3182 sustinere
2652 3135 2914 3195 poterant.
2944 3124 3077 3190 Quid
3121 3124 3284 3193 ergo?
3330 3123 3425 3189 Ne,
3458 3124 3629 3175 soluta
3664 3120 3907 3187 imagine,

2353 3218 2566 3272 victoria
2589 3231 2797 3286 quoque
2823 3217 3173 3279 amitteretur,
3209 3214 3470 3267 sustinent
3508 3216 3686 3265 Aaron
3730 3222 3782 3263 et
3818 3208 3907 3269 Or,

2352 3308 2683 3376 allevantque
2711 3321 2898 3359 manus
2919 3306 3051 3374 ejus,
3082 3321 3169 3369 ne,
3198 3312 3544 3357 evanescente
3576 3302 3823 3369 imagine,
3844 3300 3917 3349 vi-

2353 3401 2515 3454 ctoria
2547 3413 2756 3467 quoque
2804 3398 3121 3451 elaberetur.
3169 3394 3275 3448 Cur
3322 3394 3536 3445 otnnino
3566 3393 3741 3445 Aaron
3772 3401 3823 3443 et
3850 3387 3917 3440 0r

2354 3502 2540 3543 manus
2566 3486 2904 3541 suﬁulciunt?
2927 3488 3123 3551 Aaron,
3151 3485 3358 3545 fratres,
3378 3481 3689 3535 sacerdotali
3708 3493 3921 3532 mutu-re

2355 3577 2703 3647 fungebatur;
2734 3574 2807 3630 Or
2832 3590 2961 3628 vero
2986 3574 3140 3643 regiae
3162 3574 3333 3626 tribus
3357 3572 3724 3640 cognationem
3763 3568 3917 3620 habe-

2358 3670 2465 3723 bat.
2500 3667 2678 3735 Itaque
2703 3666 2984 3733 imaginem
3011 3664 3181 3717 crucis
3210 3661 3561 3716 sacerdotium
3608 3671 3661 3712 et
3704 3671 3917 3725 regnum

2358 3756 2816 3813 instarsatellitum
2836 3755 3050 3822 stipant.
3074 3758 3145 3807 Ac
3162 3751 3608 3823 quemadmodum
3627 3764 3745 3801 cum
3766 3758 3921 3800 trans-

2361 3849 2671 3918 ﬁguraretur
2723 3846 2976 3899 Dominus
3017 3845 3067 3896 in
3114 3854 3310 3907 monte,
3346 3844 3439 3894 visi
3478 3849 3602 3894 sunt
3633 3840 3841 3909 Moyses
3874 3848 3923 3891 et

2363 3940 2503 3993 Elias
2533 3953 2562 3991 a
2588 3937 2787 3990 dextris
2821 3946 2873 3989 et
2899 3950 2926 3987 a
2958 3935 3210 3997 sinistris,
3252 3942 3309 3986 ut
3348 3931 3544 4001 regiam
3573 3930 3766 3981 Christi
3797 3928 3922 3981 inta-

2362 4030 2534 4097 ginem
2568 4028 2715 4095 quasi
2757 4026 3009 4080 satellites
3036 4024 3321 4091 stiparent:
3346 4022 3419 4075 sic
3444 4021 3604 4074 etiam
3636 4019 3723 4072 hic
3753 4021 3922 4071 Aaron

2365 4117 2640 4171 sacerdotii
2669 4116 2907 4169 ordinem
2937 4114 3182 4167 obtinens
3222 4112 3362 4165 cruci
3393 4110 3585 4173 adstat,
3615 4117 3667 4163 et
3692 4108 3926 4162 similiter

2365 4209 2438 4263 Οι-
2474 4209 2694 4276 primum
2740 4206 2896 4274 regize
2944 4203 3212 4271 dignitatis
3255 4201 3435 4254 ﬁorem
3479 4198 3681 4252 habens
3724 4211 3925 4251 crucem

2367 4303 2543 4369 stipat.
2577 4300 2745 4353 Ilmca
2775 4315 2857 4351 me
2900 4298 3035 4351 dicta
3081 4305 3224 4357 sunt,
3259 4302 3313 4345 ut
3336 4291 3634 4354 ostendam,
3668 4287 3930 4357 quomodo

2371 4392 2557 4461 priscis
2588 4389 2694 4442 illis
2720 4388 2951 4455 patribus
2978 4384 3188 4454 pietatis
3228 4384 3398 4449 imago
3442 4379 3599 4432 fuerit
3640 4378 3927 4445 proposita,

2371 4494 2575 4535 necnon
2607 4493 2760 4547 quam
2792 4476 3045 4527 honorata
3075 4474 3139 4525 ab
3169 4471 3272 4523 illis
3290 4469 3445 4523 fuerit
3472 4468 3784 4522 teconomize
3810 4466 3931 4533 ﬁgu-

2372 4585 2449 4623 ra.
2479 4568 2536 4622 Si
2566 4577 2739 4621 autem
2774 4565 2843 4617 illi
2871 4563 2959 4632 qui
2988 4559 3431 4630 praenuntiabant,
3462 4565 3605 4610 tanta
3630 4570 3752 4610 cum
3785 4554 3931 4606 laude

2376 4660 2514 4712 illam
2538 4656 2912 4726 praedicarunt,
2940 4664 2994 4706 et
3021 4668 3141 4705 cum
3163 4657 3311 4703 tanto
3338 4648 3538 4700 honore
3571 4642 3932 4714 pra‘siguiﬁca-

2377 4756 2501 4803 runt
2528 4765 2540 4800 :
2568 4762 2671 4815 quo
2700 4759 2792 4798 ore
2821 4758 2916 4796 nos
2948 4741 3153 4795 Domini
3182 4753 3392 4793 crucem
3425 4730 3763 4802 divinamque
3801 4733 3930 4786 illam

2378 4838 2725 4894 oeconomiam
2754 4834 3006 4889 convenit
3033 4830 3337 4885 celebrare?
3358 4828 3469 4881 Non
3500 4826 3687 4896 ignoro
3715 4839 3809 4878 vos
3830 4839 3931 4876 ma-

2380 4945 2483 4999 gno
2510 4928 2772 4983 desiderio
2803 4926 2965 4978 teneri
2998 4924 3176 4976 talium
3214 4921 3535 4983 orationum,
3566 4919 3757 4987 quibus
3781 4929 3930 4969 sacra

2382 5020 2659 5089 theologia:
2698 5018 2940 5086 dogmata
2986 5016 3345 5081 explicantur:
3373 5021 3428 5063 at
3467 5027 3585 5080 quia
3633 5025 3769 5064 nunc
3806 5009 3928 5062 dicta

2384 5119 2505 5166 sunt
2536 5111 2639 5164 illis
2669 5118 2790 5163 sunt
2818 5106 3013 5159 al’ﬁnia.
3049 5104 3292 5172 Ejusdem
3320 5104 3458 5155 enim
3482 5102 3643 5154 animi
3665 5110 3745 5155 est
3762 5109 3930 5153 etern-

2385 5218 2498 5256 cem
2532 5199 2838 5267 prtedicare,
2867 5204 2920 5248 et
2952 5193 3275 5261 unigenitum
3311 5192 3474 5244 Deum
3519 5188 3749 5243 Verbum
3777 5187 3927 5241 laodi-

2390 5293 2485 5345 bus
2511 5289 2782 5343 extollere.
2811 5283 3165 5350 Quamobrem
3194 5282 3305 5335 sive
3333 5279 3661 5333 divinitatem
3687 5273 3923 5343 Unigeniti

2388 5382 2640 5442 celebres,
2672 5378 2783 5431 sive
2807 5376 2920 5442 ejus
2946 5372 3294 5427 oeconomiam
3326 5372 3577 5434 honores,
3609 5382 3711 5420 una
3734 5364 3923 5419 eadem-

2390 5486 2490 5540 que
2512 5478 2592 5523 est
2612 5466 2818 5536 pietatis
2843 5461 3245 5516 demonstratio.

2462 5563 2513 5615 ι.
2553 5560 2811 5613 Czeterum
2834 5554 3042 5623 quando
3069 5566 3303 5615 crucem,
3326 5547 3532 5618 quando
3552 5545 3785 5615 corporis
3803 5555 3923 5596 ceco-

2393 5651 2619 5707 nomiam
2648 5648 2820 5709 audis,
2866 5654 3096 5697 mentem
3128 5645 3273 5711 erige
3299 5640 3362 5693 ad
3392 5638 3768 5693 sublimitatem
3798 5643 3923 5702 p0te-

2396 5742 2545 5798 statis
2570 5737 2853 5808 Unigeniti.
2886 5736 2961 5790 Ne
2993 5737 3083 5789 illa
3115 5736 3299 5805 ﬁgura,
3327 5745 3445 5803 qua:
3469 5728 3556 5783 hic
3588 5728 3662 5784 tui
3698 5739 3840 5782 causa
3860 5721 3923 5774 ia-
