4102 6528
264 430 380 486 505

266 543 354 586 eta
395 538 499 595 est,
542 541 733 584 sensus
783 536 901 583 tuos
944 527 1230 598 deprimat,
1277 525 1372 582 sed
1416 526 1712 595 benignitas
1758 526 1848 579 illa

267 621 493 687 Christi,
521 621 611 691 qui
643 631 694 674 te
724 620 974 685 servavit,
1007 628 1238 673 mentem
1272 627 1413 672 tuam
1444 617 1681 671 extollat.
1702 615 1848 671 Crux

265 711 484 780 quidem
509 720 727 777 propter
752 719 823 773 te,
856 709 1109 777 majestas
1139 723 1265 762 vero
1296 706 1387 761 Dei
1419 717 1635 776 propter
1654 707 1847 776 ipsum.

269 804 516 872 Majestas
545 802 719 855 divina
748 802 888 856 nulla
914 802 1156 855 oratione
1178 799 1508 869 ampliticari,
1535 798 1675 852 nulla
1693 798 1849 852 etiam

266 896 428 963 dejici
467 904 675 964 potest:
705 893 801 949 sed
842 894 928 963 qui
960 894 1189 962 dejicere
1215 892 1450 957 student,
1483 892 1690 960 seipsos
1715 890 1853 959 deji-

266 1010 279 1036 ι
301 989 452 1051 ἰιιιιι;
482 988 568 1055 qui
602 1001 727 1041 vero
756 986 921 1041 Deum
954 986 1197 1040 laudibus
1222 985 1474 1051 evehunt,
1515 999 1574 1039 se
1605 984 1725 1037 licet
1765 983 1852 1037 in-

264 1078 457 1147 dignos
500 1078 551 1134 iu
580 1078 740 1133 altum
771 1078 1049 1133 extollunt.
1091 1076 1469 1144 Quamobrem,
1509 1084 1566 1128 ut
1598 1075 1740 1142 prius
1766 1074 1849 1128 di-

267 1173 542 1236 cebamus,
574 1171 661 1239 qui
691 1171 1137 1236 incarnationem,
1179 1171 1270 1239 qui
1301 1168 1619 1237 theologiam
1648 1166 1848 1233 laudat,

266 1267 319 1320 in
354 1267 452 1320 hac
482 1267 741 1320 sententia
772 1274 1044 1320 versatur:
1077 1264 1328 1334 quoniam
1371 1277 1501 1316 vero
1529 1260 1725 1331 aliquid
1753 1259 1847 1314 de-

264 1368 384 1411 erat
408 1358 490 1423 iis,
516 1374 632 1426 qua:
662 1359 774 1412 heri
806 1357 1169 1422 tractavimus,
1198 1355 1338 1409 circa
1370 1353 1498 1407 illud
1528 1352 1760 1422 quidem,
1784 1351 1851 1406 Ut

263 1458 572 1518 cognoscant
608 1458 656 1501 te
695 1449 857 1501 solum
885 1465 1057 1501 verum
1086 1446 1245 1500 Deum
1276 1456 1322 1501 et
1368 1445 1639 1499 Dominum
1675 1443 1851 1498 Iesum

265 1539 523 1592 Clu-istum
554 1538 731 1611 (Joan.
764 1540 851 1592 17.
882 1540 969 1607 5);
1002 1554 1062 1592 ac
1088 1539 1229 1592 circa
1260 1537 1383 1590 illud
1405 1537 1641 1606 quidem,
1671 1535 1851 1590 Solum

264 1648 437 1685 rerum
484 1631 665 1695 Deum,
702 1632 919 1699 prolata:
968 1641 1089 1684 sunt
1133 1629 1424 1698 prophetiae
1468 1637 1521 1682 et
1551 1627 1849 1681 testimonia

264 1724 407 1793 quod
440 1723 603 1776 Filius
632 1723 778 1776 solus
806 1738 965 1775 verus
994 1722 1129 1776 Deus
1160 1722 1255 1784 sit;
1284 1720 1639 1774 necessarium
1666 1719 1848 1773 existi—

264 1830 357 1869 mo
391 1815 531 1867 illius
571 1815 696 1868 dicti
742 1816 846 1867 vim
894 1815 1191 1882 explorare.
1226 1813 1406 1881 Atqui,
1439 1813 1513 1865 ait
1544 1811 1849 1877 haereticus,

263 1906 394 1974 quid
422 1916 569 1974 potes
592 1905 658 1959 de
686 1906 939 1959 missione
975 1905 1061 1957 illa
1096 1904 1309 1958 dicere?
1341 1904 1544 1957 Diserte
1563 1904 1704 1957 enim
1722 1902 1852 1956 scri-

266 2004 416 2065 ptum
448 2005 549 2061 est,
583 1994 645 2047 Et
674 2011 820 2063 quem
846 1995 1022 2047 misisti
1043 1993 1218 2047 Jcsum
1241 1994 1512 2047 Christum.
1545 1994 1625 2046 An
1649 1993 1735 2062 qui
1757 1993 1850 2046 mi-

266 2088 337 2139 sit
378 2101 555 2153 parem
583 2100 702 2139 eum
735 2086 901 2139 misso
930 2087 1149 2139 sortitur
1192 2085 1484 2138 honorem?
1531 2084 1654 2139 llaec
1696 2087 1739 2140 si
1784 2086 1848 2138 ita

269 2179 435 2245 legas,
470 2187 525 2231 ut
552 2178 718 2232 literm
739 2178 958 2242 servias,
990 2187 1045 2230 ut
1072 2193 1225 2245 supra
1256 2178 1506 2243 diximus,
1532 2193 1672 2246 saepe
1693 2178 1849 2232 dissi-

266 2272 422 2325 debis
445 2286 471 2321 a
497 2271 671 2335 nobis,
694 2285 865 2339 neque
893 2271 1082 2323 rationi
1112 2271 1457 2340 congruentia
1486 2270 1853 2339 deprehendes

265 2379 351 2427 ea,
375 2378 491 2430 qua:
512 2362 644 2415 bene
660 2360 873 2429 quidem
893 2361 1109 2430 scripta,
1135 2361 1225 2415 sed
1258 2362 1396 2414 male
1415 2362 1677 2415 intellecta
1697 2372 1850 2426 sunt;

267 2455 311 2505 si
342 2468 472 2504 vero
523 2452 842 2504 sententiam
872 2452 1163 2506 secundum
1192 2453 1266 2505 rei
1295 2453 1568 2506 veritatem
1602 2454 1851 2521 accipias,

267 2558 531 2611 nusquam
567 2542 656 2595 tibi
691 2543 743 2596 in
772 2544 1096 2596 contrarium
1145 2552 1381 2597 vertetur
1428 2545 1619 2598 mentis
1668 2545 1853 2597 oculus

265 2637 331 2690 ad
356 2645 656 2689 accuratam
683 2635 1080 2704 intelligentiam
1113 2650 1141 2688 a
1164 2634 1358 2704 Spiritu
1384 2646 1566 2689 sancto
1601 2636 1851 2690 directus.

266 2726 444 2781 Verba
474 2727 615 2780 enim
662 2727 795 2792 haec,
843 2726 1029 2779 Missus
1060 2735 1151 2791 est,
1181 2735 1253 2792 et,
1286 2726 1446 2789 Misit,
1482 2727 1708 2780 humana
1734 2728 1855 2796 qui-

265 2817 390 2871 dem
418 2824 557 2877 sunt,
580 2826 632 2867 at
648 2815 854 2868 divinos
874 2816 1127 2884 quosdam
1159 2831 1345 2870 sensus
1365 2816 1656 2870 declarant.
1674 2816 1855 2888 Neque

267 2911 413 2964 enim
437 2920 489 2962 et
519 2911 606 2978 qui
640 2909 799 2971 misit,
832 2925 896 2963 ex
924 2909 1055 2963 locis
1085 2911 1135 2962 in
1165 2910 1278 2963 loca
1307 2910 1467 2973 misit,
1501 2924 1672 2978 neque
1694 2909 1737 2963 is
1766 2912 1853 2978 qui

269 3006 465 3058 missus
487 3011 587 3069 est,
612 3017 674 3055 ex
696 3002 826 3055 locis
848 3003 897 3055 in
929 3002 1040 3056 loca
1064 3004 1225 3056 venit.
1252 3004 1428 3073 Atqui,
1454 3003 1527 3056 ait
1553 3003 1852 3069 haereticus,

270 3096 429 3151 Pater
459 3094 647 3147 Filium
688 3094 832 3148 misit
876 3094 928 3147 in
973 3095 1249 3158 mundum,
1283 3095 1431 3164 quasi
1459 3094 1545 3165 qui
1577 3096 1624 3147 iu
1657 3096 1855 3150 mundo

270 3202 509 3255 prmsens
549 3202 653 3239 non
700 3196 865 3252 esset,
897 3187 961 3239 ad
1002 3202 1159 3256 quem
1204 3188 1529 3241 mittebatur.
1577 3188 1857 3254 Quomodo

268 3278 539 3347 Scriptura
570 3276 635 3329 de
661 3276 775 3343 ipso
806 3276 1028 3330 Domino
1054 3278 1145 3342 ait,
1181 3276 1245 3330 In
1268 3278 1457 3330 mundo
1480 3288 1608 3343 erat,
1634 3288 1679 3331 et
1708 3295 1855 3330 mun-

269 3370 366 3422 dus
390 3385 479 3438 per
504 3368 671 3437 ipsum
699 3369 864 3438 factus
885 3379 954 3420 est
979 3367 1156 3437 (Joan.
1190 3370 1238 3421 1.
1276 3368 1398 3435 10)?
1425 3367 1701 3435 Quomodo
1728 3383 1856 3437 ergo

270 3462 416 3514 venit
456 3459 542 3528 qui
572 3458 771 3520 aderat,
805 3460 1045 3527 apparuit
1088 3460 1176 3527 qui
1217 3459 1445 3514 latebat?
1470 3460 1621 3527 Quod
1663 3461 1708 3514 si
1734 3476 1859 3515 vere

270 3550 422 3613 illud,
452 3549 612 3613 Misit,
641 3548 707 3602 ita
740 3550 985 3619 intelligis
1015 3560 1068 3604 ut
1094 3550 1264 3616 audis,
1284 3565 1502 3605 necesse
1524 3553 1737 3606 omnino
1754 3562 1856 3621 est,

269 3657 393 3696 eum
425 3642 513 3710 qui
562 3641 755 3695 missus
800 3642 914 3705 fuit,
947 3642 999 3694 in
1032 3642 1094 3694 iis
1122 3643 1366 3696 constitui
1397 3641 1546 3708 locis,
1586 3643 1642 3696 in
1670 3643 1859 3714 quibus
1890 3634 1901 3649 ί

270 3734 509 3787 nondum
545 3747 779 3801 praesens
820 3742 953 3798 erat,
996 3742 1049 3787 et
1079 3735 1373 3787 mittentem
1418 3749 1482 3787 eo
1508 3735 1739 3797 mittere,
1772 3735 1858 3788 ubi

270 3840 378 3878 non
398 3825 603 3877 aderat.
622 3823 899 3889 Quomodo
918 3824 1075 3893 igitur
1090 3824 1410 3893 evangelista
1426 3825 1651 3888 dicebat,
1677 3824 1861 3878 Omnia

270 3932 364 3987 per
393 3916 557 3983 ipsum
594 3914 732 3981 facta
761 3925 896 3978 sunt,
925 3923 970 3965 et
1011 3914 1117 3967 sine
1141 3915 1251 3981 ipso
1294 3917 1482 3982 factum
1509 3924 1579 3967 est
1609 3915 1773 3967 nihil?
1793 3915 1861 3968 In

270 4008 465 4060 mundo
484 4015 607 4067 erat,
633 4017 675 4058 et
696 4006 910 4058 mundus
934 4022 1020 4073 per
1043 4006 1203 4073 ipsum
1227 4005 1387 4071 [actus
1411 4015 1482 4057 est
1510 4004 1687 4074 (Joan.
1709 4007 1756 4059 1.
1779 4006 1857 4075 ὃ).

269 4102 330 4153 Si
363 4101 538 4167 itaque
583 4098 632 4150 in
664 4097 860 4150 mundo
888 4106 1018 4159 erat,
1058 4097 1321 4165 quomodo
1355 4097 1577 4149 mittitur
1607 4097 1658 4150 iu
1703 4113 1859 4150 mun-

269 4191 437 4245 dum?
463 4188 578 4242 Non
605 4187 794 4240 audisti
821 4202 940 4241 eum
971 4186 1255 4251 dicentem,
1284 4185 1474 4240 (Icelum
1500 4195 1544 4239 et
1567 4196 1749 4240 terram
1770 4205 1860 4257 ego

268 4279 484 4347 impleo,
514 4278 633 4330 dicit
667 4276 911 4329 Dominus
943 4274 1073 4345 (Jer.
1122 4275 1212 4328 23.
1255 4275 1385 4345 24)?
1434 4275 1571 4342 Quid
1608 4291 1733 4346 ergo
1762 4276 1861 4331 sibi

272 4371 387 4424 vult
417 4367 563 4431 illud,
599 4367 785 4420 Missus
816 4367 923 4419 est?
964 4366 1017 4419 ld
1059 4376 1159 4429 est,
1190 4368 1333 4421 visus
1374 4380 1480 4430 est;
1530 4382 1621 4436 per
1647 4383 1860 4423 carnem

272 4461 472 4516 illuxit.
502 4460 680 4513 Missio
709 4459 849 4511 enim
897 4459 1093 4511 nullam
1134 4458 1200 4512 de
1249 4459 1364 4513 loco
1394 4460 1442 4511 in
1477 4460 1647 4513 locum
1682 4462 1861 4529 profe-

270 4550 507 4604 ctionem
538 4547 760 4611 indicat;
793 4547 885 4601 sed
917 4562 979 4601 ex
1029 4547 1277 4601 invisibili
1330 4547 1604 4603 divinitate
1640 4549 1689 4603 in
1733 4565 1861 4604 con-

272 4641 516 4712 spicuam
550 4638 908 4707 prtcsentiam.
940 4638 1123 4706 Neque
1149 4640 1289 4693 enim
1319 4655 1438 4693 cum
1471 4641 1521 4693 in
1552 4649 1746 4694 terram
1777 4656 1862 4697 se-

270 4731 508 4785 cundum
533 4727 814 4780 humanam
844 4736 1085 4780 naturam
1118 4739 1167 4780 et
1203 4744 1295 4795 per
1319 4734 1667 4784 oeconomiam
1697 4731 1857 4796 venit,

270 4822 444 4877 caelos
474 4834 568 4875 sua
592 4818 864 4888 majestate
894 4833 1089 4871 vacuos
1118 4819 1344 4887 reliquit,
1378 4835 1551 4889 neque
1576 4836 1713 4876 nunc
1743 4833 1864 4893 post

271 4913 457 4966 carnis
485 4911 923 4978 assumptionem,
948 4918 1141 4963 terram
1166 4909 1380 4979 reliquit
1408 4925 1500 4962 sua
1523 4911 1864 4967 administra-

272 5005 425 5058 tione
454 5015 690 5053 vacuam.
727 5000 921 5055 lterum
950 5016 1062 5055 rem
1096 5001 1199 5054 alio
1227 5000 1383 5053 modo
1419 5002 1768 5056 excutiamus.
1807 5005 1860 5058 Si

272 5089 571 5146 secundum
598 5089 825 5154 literam,
857 5089 1066 5153 fratres,
1096 5090 1248 5145 Pater
1266 5090 1405 5143 misit
1427 5090 1614 5144 Filium
1639 5093 1691 5144 in
1710 5109 1862 5147 mun-

272 5186 429 5247 dum,
462 5180 632 5250 palam
681 5190 764 5233 est
806 5181 1100 5235 mittentem
1146 5196 1175 5234 a
1226 5183 1389 5236 misso
1418 5182 1705 5235 secundum
1736 5198 1860 5251 pro-

269 5275 451 5346 priam
498 5271 778 5323 station‘nt
827 5280 1126 5340 separatum
1169 5288 1307 5327 esse.
1351 5272 1482 5327 Nam
1526 5273 1567 5325 si
1597 5289 1713 5327 cum
1748 5275 1861 5343 ipso

271 5377 383 5431 est,
423 5378 873 5433 supervacaneum
906 5373 985 5416 est
1027 5364 1173 5431 illud,
1223 5364 1396 5418 Misit:
1417 5366 1496 5419 sin
1529 5380 1653 5419 vero
1697 5365 1856 5431 misit,

272 5472 501 5515 necesse
527 5466 608 5510 est
634 5467 933 5525 separatum
962 5470 1101 5520 esse,
1131 5458 1173 5509 si
1213 5458 1423 5526 quidem
1456 5457 1600 5510 verbi
1640 5458 1742 5510 vim
1772 5472 1859 5511 re-

272 5551 491 5621 spicias.
542 5551 610 5601 At
648 5562 976 5617 nequaquam
1002 5547 1266 5602 serviliter
1309 5557 1516 5617 oportet
1549 5547 1723 5603 verbis
1753 5548 1862 5602 Ιιξυ-

277 5658 420 5707 rcre,
451 5640 544 5695 sed
570 5654 689 5692 cum
719 5639 818 5693 lide
849 5638 1158 5707 procedere.
1194 5639 1259 5693 Et
1287 5641 1406 5708 quis
1435 5639 1587 5693 nobis
1616 5641 1863 5693 testifica-

279 5734 443 5794 hitur.
476 5745 623 5792 eum,
652 5729 740 5798 qui
764 5727 815 5782 in
841 5738 978 5783 terra
1000 5729 1266 5797 apparuit,
1293 5729 1453 5783 etiam
1477 5731 1527 5783 in
1559 5729 1703 5785 cadis
1732 5729 1861 5785 fuis-

278 5827 372 5884 se?
398 5823 523 5895 quis
551 5836 733 5879 sermo
764 5821 1147 5888 testiﬁcabitur,
1178 5838 1297 5877 cum
1330 5838 1359 5877 a
1388 5823 1541 5878 Patre
1580 5821 1797 5877 missum
1829 5837 1859 5877 a

1472 412 1559 469 DE
1597 412 1955 470 SERPENTE
1995 413 2275 472 HOMILIA

1962 526 2117 583 Patre
2156 538 2458 599 separatum
2487 544 2593 587 non
2635 532 2835 589 fuisse?
2862 533 2919 590 Si
2949 535 3145 591 missus
3174 545 3256 591 est
3295 537 3349 592 in
3376 553 3502 592 mun

1957 618 2107 684 dum,
2137 631 2195 675 ut
2221 622 2477 692 scriptum
2502 632 2602 691 est,
2636 625 2680 678 si
2708 625 2798 695 qui
2828 626 2975 681 misit
2997 642 3026 681 a
3048 628 3215 683 misso
3235 641 3536 699 separatur,

1958 712 2225 779 quomodo
2251 712 2479 779 dicebat,
2518 712 2629 784 Ego
2667 715 2719 768 in
2748 714 2926 783 Patre,
2971 726 3018 771 et
3055 716 3214 771 Pater
3253 719 3307 773 in
3335 720 3450 773 me!
3474 734 3538 775 ac

1959 815 2143 856 rursus
2187 804 2453 871 quomodo
2482 804 2710 871 dicebat,
2746 804 2811 859 Et
2838 807 2924 873 qui
2951 808 3085 861 misit
3114 825 3193 863 me
3217 808 3393 876 Pater,
3429 827 3538 865 me-

1958 909 2070 945 cum
2094 903 2165 946 est
2195 892 2371 963 (Joan.
2407 895 2492 949 14.
2527 897 2613 950 11.
2644 906 2689 949 ει
2716 896 2767 951 8.
2801 897 2925 967 16)?
2958 898 3115 954 Vides
3152 910 3391 956 naturam
3423 918 3529 958 non

1959 985 2227 1051 separari:
2259 988 2556 1041 oeconomia
2587 998 2761 1042 autem
2789 989 2903 1043 sive
2936 989 3228 1046 inearuatio
3268 994 3539 1049 missionis

1959 1077 2189 1145 speciem
2234 1079 2487 1133 ostendit.
2532 1080 2669 1146 Quid
2708 1096 2835 1151 ergo
2868 1083 2968 1137 sibi
2997 1084 3107 1139 vult
3132 1084 3279 1153 illud,
3309 1087 3538 1141 Ascendo

1958 1169 2026 1220 ad
2073 1168 2277 1222 Patrem
2318 1188 2483 1223 meum
2514 1171 2692 1241 (Joan.
2724 1173 2813 1228 9.0.
2857 1173 2986 1245 i7)?
3011 1175 3065 1230 Si
3093 1191 3211 1230 cum
3245 1177 3358 1245 ipso
3383 1178 3539 1232 Pater

1959 1267 2059 1325 est,
2087 1273 2181 1312 cur
2196 1260 2467 1315 ascendit?
2495 1263 2749 1318 Ascensio
2766 1264 2853 1318 illa
2872 1263 3154 1322 humanam
3175 1266 3374 1323 Christi
3394 1284 3538 1323 meo-

1959 1351 2189 1404 nomiam
2231 1351 2631 1421 interpretatur,
2678 1358 2918 1425 corporis
2963 1360 3399 1429 assumptionem,
3433 1376 3536 1417 non

1959 1442 2345 1509 scparationem
2385 1458 2413 1496 a
2453 1443 2744 1500 divinitate.
2782 1447 2942 1502 Visne
2983 1448 3209 1514 discere,
3253 1465 3372 1504 eum
3404 1457 3541 1506 sicut.

1959 1549 2077 1586 cum
2109 1535 2160 1587 in
2191 1544 2386 1589 terram
2414 1537 2576 1599 venit,
2600 1538 2760 1591 caelos
2788 1554 2890 1592 non
2920 1539 3153 1610 reliquit,
3187 1557 3360 1611 neque
3382 1558 3410 1595 a
3436 1543 3536 1596 Pa—

1960 1632 2039 1676 tre
2064 1634 2337 1692 separatus
2366 1633 2470 1691 est,
2500 1626 2578 1681 sic
2607 1628 2788 1691 etiam,
2818 1642 2939 1682 eum
2971 1630 3021 1682 in
3048 1631 3207 1685 caelos
3236 1644 3540 1703 assumptus

1958 1724 2059 1774 est,
2092 1724 2286 1769 terram
2323 1730 2427 1770 non
2461 1717 2781 1785 reliquisse?
2804 1717 2902 1785 Qui
2942 1718 3077 1773 dixit
3104 1720 3379 1790 discipulis
3405 1724 3535 1787 suis,

1963 1804 2025 1857 lit
2053 1822 2162 1858 cccc
2187 1823 2275 1875 ego
2303 1807 2551 1861 vobiscum
2580 1825 2711 1873 sum,
2745 1808 2857 1874 sed,
2886 1812 3119 1873 ascendo,
3152 1812 3291 1867 unde
3319 1812 3541 1867 descen—

1958 1897 2032 1961 di,
2066 1898 2131 1950 ml
2163 1897 2365 1951 Patrem
2392 1915 2596 1953 nteant:
2625 1900 2763 1954 idem
2810 1900 2922 1970 ipse
2946 1901 3020 1955 ait
3049 1901 3175 1966 illis,
3224 1902 3291 1957 Et
3317 1919 3427 1957 ecce
3450 1921 3541 1974 ego

1958 1987 2207 2040 vobiscum
2231 2006 2338 2042 sum
2367 1990 2593 2043 omnibus
2620 1990 2792 2044 diebus
2814 2007 2969 2060 usque
2984 1992 3051 2045 ad
3066 1995 3540 2048 consummationem

1959 2082 2132 2134 swuli
2164 2082 2374 2152 (Mattlt.
2408 2083 2497 2138 ‘28.
2526 2084 2640 2155 20).
2686 2084 2817 2139 Illud
2848 2085 3023 2154 igitur,
3060 2085 3127 2140 Ut
3166 2098 3468 2157 cognoscant
3496 2097 3541 2140 te

1959 2173 2120 2225 solum
2146 2188 2313 2226 verum
2340 2173 2524 2240 Deum,
2567 2186 2614 2228 et
2650 2192 2795 2244 quem
2824 2176 3005 2229 misisti
3043 2174 3220 2230 Iesum
3264 2176 3536 2243 Clu-istum,

1960 2279 2175 2320 sensum
2205 2265 2363 2319 habet
2389 2265 2675 2336 duplicem,
2705 2268 3076 2344 duplicemque
3104 2268 3369 2337 gladium:
3395 2268 3537 2323 aliud

1960 2366 2143 2408 contra
2189 2356 2538 2410 idololatriatn
2569 2366 2852 2423 armatum,
2883 2357 3031 2411 aliud
3053 2368 3237 2413 contra
3262 2358 3536 2414 Judaicam

1961 2446 2384 2500 incredulitatem
2410 2457 2791 2517 comparatum.
2811 2448 2991 2502 Solum
3010 2450 3149 2503 enim
3177 2465 3357 2504 verum
3374 2451 3536 2503 Deum

1960 2534 2108 2599 dicit,
2140 2547 2192 2588 ut
2218 2545 2421 2589 mortua
2451 2537 2587 2590 idola
2622 2539 2888 2602 traducat;
2918 2539 3137 2592 missum
3157 2548 3333 2593 autem
3355 2539 3537 2594 Jesum

1958 2627 2262 2691 Christum,
2296 2636 2353 2681 ut
2399 2628 2462 2682 iis
2505 2630 2594 2698 qui
2626 2630 3040 2686 incarnationem
3082 2643 3295 2701 negant,
3337 2647 3398 2686 os
3437 2637 3534 2687 oh-

1961 2728 2150 2772 struat.
2188 2720 2354 2773 Verba
2391 2720 2549 2790 igitur
2574 2721 2863 2775 secundum
2891 2737 3108 2777 sensum
3152 2725 3353 2793 accipe,
3384 2738 3447 2779 ac
3475 2742 3539 2780 ne

1964 2819 2179 2879 propter
2207 2810 2414 2865 literam
2446 2811 2711 2881 majestati
2743 2811 3119 2868 contumeliam
3149 2815 3362 2870 inferas.

2033 2902 2082 2955 5.
2117 2901 2181 2955 Ut
2208 2911 2382 2955 autem
2414 2910 2658 2956 accurate
2683 2903 2874 2965 discas,
2907 2904 3212 2959 missionem
3246 2920 3274 2958 a
3301 2906 3410 2960 Deo
3436 2922 3539 2960 non

1964 2993 2309 3046 mutationem
2337 3008 2365 3045 a
2399 2994 2515 3046 loco
2547 2994 2597 3046 in
2621 2993 2792 3048 locum
2819 2994 3137 3063 significare,
3169 2996 3263 3050 sed
3294 2996 3537 3051 incarna-

1966 3083 2159 3137 tionem
2192 3082 2462 3137 declarare
2492 3101 2503 3137 :
2537 3083 2603 3137 de
2628 3082 2831 3138 Joanne
2866 3084 3099 3154 Baptista
3124 3126 3138 3148 ,
3172 3086 3257 3155 qui
3299 3087 3365 3142 de
3399 3095 3540 3144 terra

1965 3184 2081 3229 erat
2121 3183 2174 3229 et
2216 3175 2267 3228 in
2313 3185 2450 3227 terra
2495 3183 2831 3243 apparuerat,
2877 3175 2951 3229 ait
3000 3175 3340 3247 Evangelium
3373 3195 3385 3231 :
3418 3177 3543 3231 Fuit

1966 3265 2113 3317 homo
2142 3265 2321 3318 missus
2346 3281 2377 3317 a
2400 3264 2505 3318 Deo
2526 3265 2703 3334 (Joan.
2730 3266 2779 3319 1.
2802 3266 2880 3335 ti).
2910 3264 3044 3319 Num
3070 3266 3300 3322 Joannes
3326 3267 3391 3323 de
3410 3270 3542 3323 Caelo

1968 3357 2160 3410 missus
2188 3356 2303 3409 est?
2344 3372 2468 3409 num
2506 3356 2572 3410 de
2610 3357 2851 3425 supernis
2887 3357 3071 3411 venit?
3109 3358 3385 3423 Quomodo
3418 3374 3545 3429 ergo

1968 3444 2145 3499 venit?
2172 3446 2329 3514 Atqui
2354 3446 2511 3499 homo
2533 3450 2748 3519 missus,
2774 3460 2877 3499 non
2906 3460 2935 3498 a
2964 3446 3079 3500 loco
3106 3445 3155 3499 in
3184 3447 3356 3500 locum
3381 3456 3545 3501 trans-

1968 3537 2103 3592 latus
2125 3546 2225 3603 est,
2258 3538 2349 3593 sed
2380 3539 2452 3592 illi
2475 3538 2674 3609 aliquid
2696 3538 3169 3593 administrandum
3198 3540 3543 3595 commissum

1968 3631 2096 3697 fuit;
2126 3641 2179 3686 et
2210 3632 2349 3686 Deus
2375 3631 2601 3686 Verbum
2629 3673 2643 3698 ,
2674 3632 2762 3701 qui
2791 3631 2968 3686 omnia
2997 3631 3200 3700 implet,
3231 3633 3276 3687 si
3314 3632 3455 3687 dicat
3487 3647 3545 3687 se

1968 3724 2187 3777 missum
2218 3738 2358 3789 esse,
2391 3732 2632 3777 naturam
2664 3739 2812 3777 suam
2837 3724 3155 3777 contumelia
3187 3724 3417 3788 afficiet,
3446 3740 3543 3779 ne-

1968 3833 2072 3884 que
2105 3817 2174 3871 ita
2206 3816 2623 3871 incarnationem
2648 3832 2800 3872 suam
2824 3817 2936 3871 sive
2959 3818 3310 3871 meonomiam
3341 3816 3544 3871 indica-

1969 3907 2082 3961 bit?
2115 3907 2242 3962 Vide
2268 3909 2437 3974 illum,
2463 3908 2644 3977 frater,
2670 3918 2721 3963 ct
2742 3910 2917 3963 carnis
2940 3910 3291 3963 oeconomiam
3321 3908 3548 3977 implen-

1972 4008 2097 4063 tem,
2124 4007 2178 4051 et
2203 3998 2393 4053 divinae
2418 4000 2694 4067 potestatis
2714 4000 3023 4069 dignitatem
3053 4015 3156 4053 non
3186 4000 3456 4055 tollentem
3480 4001 3547 4055 de

1969 4089 2165 4143 medio.
2200 4089 2267 4142 Et
2294 4090 2623 4144 sacerdotale
2650 4104 2840 4143 munus
2863 4090 2940 4142 sic
2966 4089 3284 4155 declaratur,
3318 4091 3545 4143 Ascendo

1969 4182 2036 4233 ad
2063 4180 2268 4235 Patrem
2296 4198 2479 4246 meum,
2513 4191 2558 4235 et
2582 4182 2770 4251 rogabo
2799 4197 2931 4246 eum,
2963 4190 3008 4234 et
3032 4179 3359 4234 Paracletum
3390 4183 3548 4235 mittet

1970 4274 2104 4326 vobis
2134 4273 2381 4342 Spiritum
2415 4274 2634 4326 veritatis
2659 4272 2675 4341 (
2696 4271 2849 4325 Joan.
2878 4271 2967 4325 20.
2998 4272 3085 4325 17.
3112 4282 3156 4324 ει
3188 4273 3273 4326 14.
3305 4271 3391 4326 16.
3421 4273 3485 4325 17
3505 4272 3544 4341 ).

1969 4365 2021 4419 Si
2051 4365 2291 4418 ascendis
2312 4380 2528 4417 sursum
2554 4406 2567 4430 ,
2598 4372 2652 4418 et
2682 4378 2857 4433 rogas,
2887 4372 2941 4418 et
2966 4378 3158 4433 rogans
3184 4363 3455 4431 impetras,
3487 4378 3549 4417 ac

1971 4466 2090 4525 post
2135 4457 2463 4525 rogationem
2503 4456 2667 4510 mittis
2704 4454 2957 4524 Spiritum
2985 4456 3144 4525 (nam
3176 4469 3325 4524 rogo,
3354 4456 3430 4509 ais
3452 4497 3465 4521 ,
3497 4467 3549 4510 et

1972 4550 2169 4617 mitto),
2202 4563 2295 4601 cur
2315 4557 2437 4601 ante
2464 4548 2831 4602 ascensionem
2860 4547 3031 4602 Patris
3051 4548 3419 4601 auctoritatem
3449 4548 3550 4600 tol-

1972 4642 2074 4696 lis?
2103 4642 2155 4696 Si
2184 4657 2287 4695 uon
2316 4656 2439 4696 cum
2467 4641 2780 4695 auctoritate
2805 4640 3094 4695 secundum
3118 4639 3347 4692 divinam
3378 4638 3548 4708 digni-

1973 4746 2130 4789 tatem
2157 4736 2288 4803 agis,
2313 4734 2402 4789 sed
2434 4742 2709 4803 exspectas
2732 4733 2901 4787 donec
2920 4731 3225 4786 ascenderis
3245 4730 3310 4785 ad
3337 4731 3543 4785 Patrem

1972 4828 2024 4881 in
2053 4827 2261 4887 cadum,
2290 4836 2344 4878 ut
2372 4838 2562 4895 preces
2588 4822 3107 4892 supplicationesque
3136 4820 3325 4875 offeras
3346 4861 3361 4887 ,
3391 4830 3445 4876 et
3474 4822 3550 4875 sie

1971 4924 2239 4984 acceptam
2261 4914 2486 4983 Spiritus
2505 4912 2725 4983 gratiam
2755 4912 2808 4965 in
2835 4920 3002 4965 totum
3024 4912 3207 4967 orbem
3232 4913 3430 4977 mittas,
3454 4926 3549 4964 cur

1970 5016 2251 5074 antequam
2288 5005 2604 5058 ascenderes
2628 5045 2640 5069 ,
2675 5013 2956 5074 antequam
2996 5018 3247 5075 rogares,
3280 5004 3546 5074 prepriam

1969 5097 2245 5151 os:cndisti
2276 5096 2682 5150 auctoritatem?
2722 5110 2815 5149 cur
2852 5105 2975 5150 ante
3010 5097 3397 5161 ascensionem,
3426 5110 3544 5149 cum

1970 5188 2356 5241 resurrexisses
2383 5202 2448 5240 ex
2478 5187 2719 5250 mortuis,
2752 5184 3035 5240 insufflasti
3064 5187 3115 5240 in
3145 5186 3306 5241 facies
3334 5195 3548 5255 aposto-

1970 5278 2161 5345 lorum,
2195 5287 2247 5332 et
2289 5278 2502 5343 dixisti,
2537 5279 2759 5347 Accipite
2801 5277 3055 5347 Spiritum
3097 5288 3322 5331 sanctum
3366 5276 3542 5347 (Joan.

1971 5368 2055 5422 10.
2086 5368 2214 5436 22)?
2241 5369 2389 5435 Quod
2419 5370 2552 5437 petis
2580 5384 2609 5422 a
2638 5370 2813 5433 Patre,
2844 5368 2896 5423 id
2926 5368 3042 5435 das,
3071 5378 3352 5439 antequam
3384 5369 3451 5423 ab
3477 5384 3545 5424 eo

1969 5471 2138 5531 petas.
2171 5461 2310 5531 Ergo
2341 5463 2577 5524 simulas,
2604 5462 2726 5515 dum
2759 5460 2931 5530 petis:
2964 5460 3078 5514 Non
3106 5460 3315 5524 simulo,
3345 5460 3543 5529 inquit;

1970 5552 2111 5605 nulla
2140 5553 2280 5605 enim
2304 5552 2441 5621 apud
2468 5549 2741 5606 veritatem
2767 5550 3067 5616 simulatio;
3095 5550 3187 5604 sed
3212 5548 3352 5603 aliud
3374 5549 3547 5619 digni-

1972 5643 2061 5695 tati
2092 5644 2358 5706 convenit,
2392 5642 2533 5697 aliud
2565 5644 2894 5696 incarnatum
2917 5640 3091 5696 decet.
3138 5638 3248 5694 Cur
3288 5654 3414 5709 ergo
3458 5640 3542 5695 in-

1970 5731 2187 5786 sut‘llasti
2218 5734 2267 5786 in
2294 5734 2458 5789 facies
2484 5732 2885 5803 apostolorum?
2932 5731 3014 5786 Me
3041 5732 3338 5801 oportebat,
3371 5732 3547 5803 inquit

1970 5822 2238 5889 Servator,
2270 5834 2544 5895 postquam
2573 5840 2639 5881 ex
2667 5823 2888 5879 mortuis
2914 5836 3329 5890 resurrexeram,
3358 5825 3546 5895 primi-
