4102 6464
660 357 772 412 507

657 461 757 513 tias
783 459 902 514 vitae
941 457 1136 514 mundo
1161 459 1361 531 largiri.
1407 459 1538 526 Quia
1578 459 1720 517 enim
1758 459 1922 514 Adam
1964 457 2218 512 formatus

652 559 928 622 acceperat
969 551 1288 620 spiraculum
1324 552 1446 605 vitae
1489 551 1785 623 (lnspiravit
1827 551 1958 604 enim
1992 549 2128 602 Deus
2166 549 2218 602 in

653 643 832 712 facient
860 642 1042 698 Adami
1059 683 1073 708 ,
1103 655 1149 697 et
1176 647 1337 716 factus
1365 653 1435 698 est
1463 645 1516 698 in
1543 646 1763 697 animam
1801 645 2038 698 viventem
2067 639 2215 714 [Gem

651 733 705 784 2.
733 732 787 805 τι
808 729 848 804 ),
881 731 931 786 id
960 733 1101 802 quod
1131 731 1218 786 ille
1245 742 1517 802 acceptum
1548 732 1796 802 perdidit,
1826 732 1926 786 hoc
1952 746 2050 800 ego
2081 745 2218 799 pra:-

653 838 775 878 sens
801 839 1012 880 revoco.
1047 825 1275 892 Lapsum
1304 826 1468 894 erigo,
1498 833 1800 891 corruptum
1830 837 2047 884 renovo,
2076 836 2219 873 mor-

656 926 804 970 tuum
836 915 1062 969 viviﬁco.
1109 915 1282 970 Testis
1308 925 1388 968 est
1418 914 1794 968 incarnationis
1832 911 2090 982 prOpheta
2135 909 2220 964 ille

652 1005 741 1072 qui
768 1019 936 1060 meam
970 1004 1378 1059 iusul’ﬁationem
1399 1002 1720 1072 prmdicavit.
1746 1003 1812 1056 Et
1831 1002 1946 1070 quis
1966 998 2218 1067 propheta

655 1093 998 1147 exclamando
1021 1094 1154 1150 hanc
1175 1105 1407 1147 sanetam
1437 1092 1842 1147 insumationetu
1872 1090 2221 1160 praenuntiat?

657 1181 814 1248 Audi,
848 1183 1032 1251 inquit,
1063 1182 1374 1251 prOphetam
1403 1198 1467 1238 ex
1498 1182 1601 1236 illis
1621 1181 1900 1236 duodecim
1921 1180 2004 1233 cui
2029 1194 2218 1232 nomen

655 1267 1162 1328 Nahum,dieentem
1180 1287 1194 1322 :
1212 1270 1450 1333 Cclebra,
1468 1269 1632 1339 Iuda,
1655 1275 1781 1341 festa
1805 1278 1913 1334 tua,
1938 1269 2090 1322 redde
2115 1268 2220 1321 Deo

657 1370 769 1412 vota
794 1369 903 1416 tua.
942 1357 1062 1412 Non
1103 1361 1321 1426 amplius
1359 1363 1595 1434 adjicient
1634 1363 1799 1413 venire
1833 1360 1902 1413 ad
1933 1369 2221 1414 vetustatem

657 1448 910 1517 (Nolunt.
939 1451 989 1505 Ι.
1023 1451 1131 1520 15).
1159 1450 1333 1504 Prima
1365 1452 1452 1504 illa
1481 1450 1834 1504 Consummata
1857 1460 1995 1516 sunt,
2021 1452 2217 1520 inquit;

659 1538 778 1592 Non
797 1541 1010 1608 amplius
1037 1539 1273 1609 adjicient
1302 1540 1466 1594 venire
1483 1541 1550 1592 ad
1571 1551 1874 1595 vetustatem.
1907 1542 2103 1596 Novam
2133 1543 2221 1596 illo

656 1629 878 1698 gratiam
920 1631 1226 1695 annuntiat,
1251 1631 1369 1702 quia
1401 1640 1577 1685 vetera
1603 1631 1873 1685 desierunt
1901 1649 1913 1683 :
1947 1648 2081 1686 nova
2119 1632 2221 1687 llo-

658 1731 796 1773 rent.
825 1720 1028 1774 Celebra
1058 1723 1185 1791 festa
1205 1731 1308 1776 tua.
1337 1720 1442 1776 Cur
1470 1722 1616 1780 dicit.
1643 1721 1885 1776 Celebra.’
1907 1722 2038 1790 Quia
2066 1723 2117 1776 itt
2142 1725 2219 1776 ie-

658 1820 742 1866 sto
772 1811 986 1866 Paschae
1016 1815 1330 1868 resurrectio
1361 1812 1532 1868 futura
1564 1823 1694 1868 erat.
1743 1813 1974 1876 Celebra,
2016 1815 2181 1884 inquit
2202 1856 2216 1880 ,

657 1903 815 1967 Juda,
846 1905 972 1972 festa
999 1913 1103 1968 tua,
1133 1905 1284 1958 redde
1321 1905 1428 1959 Deo
1454 1916 1566 1960 vota
1595 1916 1701 1959 tua.
1735 1905 1856 1960 Non
1885 1907 2102 1976 amplius
2126 1908 2220 1958 ad-

649 1993 827 2062 jicient
852 1995 1014 2046 venire
1036 1993 1103 2046 ad
1126 2003 1449 2055 vetustatem;
1488 2005 1826 2048 consummata
1850 2006 2001 2060 sunt,
2025 1996 2222 2049 sublata

658 2092 795 2147 sunt,
829 2083 878 2138 id
908 2093 1013 2148 est,
1039 2085 1205 2152 prima
1245 2085 1404 2138 ﬁnem
1447 2085 1658 2139 habent.
1703 2085 1810 2140 Cur
1851 2087 2014 2155 prima
2062 2088 2218 2140 linem

663 2170 893 2225 habent?
921 2172 1154 2226 Ascendit
1180 2174 1319 2236 enim
1347 2175 1409 2227 de
1436 2183 1567 2228 terra
1583 2177 1671 2244 qui
1691 2173 1950 2245 iuntﬁlavit
1971 2177 2020 2228 in
2044 2177 2221 2246 facient

659 2271 816 2326 tuam,
849 2272 899 2316 et
920 2279 982 2316 ea:
1007 2265 1143 2317 omni
1171 2265 1434 2334 afﬂictione
1463 2266 1683 2322 liberavit
1707 2269 1724 2334 (
1748 2265 1890 2321 Nalt.
1914 2267 1969 2320 2.
1995 2269 2016 2320 l
2043 2267 2085 2336 ).
2115 2267 2220 2322 Sed

659 2350 725 2404 ad
767 2367 878 2405 rem
923 2352 1110 2406 iterum
1153 2355 1451 2420 redeamus,
1493 2353 1730 2421 Celebra,
1755 2354 1929 2421 Iuda,
1958 2357 2086 2425 festa
2111 2367 2218 2421 tua,

659 2443 811 2494 redde
839 2441 947 2494 Deo
979 2453 1091 2495 tota
1128 2453 1235 2499 ttta.
1279 2443 1401 2497 Non
1441 2446 1658 2512 amplius
1698 2447 1934 2514 adjicient
1969 2447 2133 2498 venire
2155 2447 2222 2497 ad

659 2542 963 2586 vetustatem.
994 2533 1244 2599 Quaenam
1272 2532 1442 2587 festa?
1471 2535 1560 2588 llla
1591 2535 1733 2588 enim
1758 2543 1932 2588 vetera
1965 2550 2219 2588 novorum

661 2623 937 2692 imaginem
967 2624 1220 2678 ferebant.
1237 2624 1408 2678 Prima
1434 2623 1547 2679 dies
1562 2625 1903 2695 Azymorum,
1925 2641 2042 2694 qua:
2068 2639 2221 2679 accu-

661 2726 773 2770 rate
793 2715 1183 2784 explorantibus
1203 2717 1373 2785 imago
1392 2717 1654 2785 passionis
1675 2729 1775 2772 εει.
1801 2716 1928 2770 Post
1947 2717 2084 2770 hanc
2107 2716 2220 2770 dies

663 2805 1019 2867 Pentecostes,
1049 2821 1164 2872 qua:
1186 2805 1358 2874 imago
1378 2814 1432 2860 et
1452 2807 1563 2874 ipsa
1586 2807 1681 2858 fuit
1701 2806 1959 2860 adventus
1985 2807 2149 2860 sancti
2169 2817 2222 2860 et

659 2893 910 2948 adorandi
963 2892 1208 2961 Spiritus.
1256 2893 1470 2947 Festum
1523 2895 2036 2959 Tabernaculorum,
2081 2894 2220 2962 quod

662 2985 833 3054 imago
855 2985 1307 3039 tabernaculorum
1335 2985 1626 3040 ctelestium
1652 2993 1784 3038 erat.
1819 2984 1949 3038 llinc
1971 2985 2227 3038 Dominus

660 3073 1026 3129 demonstrare
1049 3075 1268 3140 volens,
1296 3074 1717 3144 quandoquidem
1760 3075 1847 3128 illa
1886 3074 2222 3129 tabernacula

662 3171 997 3232 tctnporanea
1025 3173 1143 3217 sunt
1167 3204 1181 3226 ,
1222 3179 1340 3219 esse
1367 3165 1454 3219 illa
1483 3164 1696 3234 ﬁguram
1724 3165 2011 3218 futurorum
2045 3165 2221 3219 taber-

661 3254 988 3318 naculorum,
1015 3254 1220 3308 dicebat
1240 3253 1487 3308 divitibus
1507 3254 1661 3322 hujus
1686 3254 1865 3308 tnundi
1898 3271 1914 3307 τ
1939 3252 2110 3306 Facite
2133 3269 2222 3306 vo-

658 3343 732 3395 bis
757 3342 942 3395 amicos
965 3358 1027 3394 ea:
1053 3358 1334 3395 mammona
1360 3343 1654 3410 iniquitatis,
1684 3352 1737 3394 ut
1763 3359 1876 3394 cum
1906 3343 2182 3410 defeceritis
2204 3384 2220 3407 ,

658 3435 900 3502 recipiant
921 3450 1006 3486 vos
1026 3435 1076 3485 in
1100 3444 1287 3486 (eterna
1315 3434 1634 3486 tabernacula
1663 3432 1808 3500 (Luc.
1840 3434 1924 3487 16.
1952 3433 2032 3503 9).
2061 3433 2221 3487 Tem-

659 3534 888 3589 poranea
937 3519 1094 3587 igitur
1140 3518 1477 3573 tabernacula
1517 3529 1834 3573 :rteruorum
1863 3519 2024 3588 ﬁgura
2053 3519 2223 3572 taber-

659 3610 966 3664 naculorum
1015 3619 1184 3662 erant.
1231 3609 1486 3674 Quoniam
1531 3625 1658 3678 ergo
1696 3608 1892 3663 Christi
1927 3609 2220 3665 mconomia

659 3714 754 3753 seu
803 3698 1090 3752 incarnatio
1133 3710 1338 3755 veteres
1384 3700 1576 3767 ﬁguras
1621 3699 1887 3767 implebat,
1927 3713 2222 3768 novamque

660 3789 802 3841 illam
841 3789 1060 3856 gratiam
1101 3788 1378 3843 ﬂorentem
1425 3789 1710 3853 reddebat,
1759 3790 1920 3858 probe
1965 3791 2218 3860 propheta

659 3878 973 3947 praenuntiat
1001 3879 1180 3932 dicens
1205 3878 1461 3943 :Celebra,
1485 3879 1642 3944 Juda,
1666 3880 1792 3949 festa
1811 3891 1916 3944 tua,
1944 3881 2094 3933 redde
2115 3879 2220 3933 Deo

657 3977 769 4018 vota
795 3976 916 4028 tua;
955 3966 1004 4019 id
1043 3968 1302 4035 signiﬁcat
1333 3968 1478 4029 illud,
1505 3967 1625 4020 Non
1659 3970 1877 4037 amplius
1905 3971 2140 4039 adjicient
2169 3980 2220 4021 ut

657 4056 849 4111 veniunt
889 4056 956 4107 ad
989 4065 1294 4111 vetustatem.
1322 4057 1589 4112 Renovata
1617 4067 1737 4110 sunt
1757 4059 1895 4112 enim
1923 4067 2098 4113 Vetera
2127 4075 2220 4128 per

654 4149 896 4218 gratiam,
921 4146 1272 4200 Consummata
1296 4157 1429 4211 sunt,
1451 4148 1644 4201 sublata
1663 4157 1797 4203 sunt.
1821 4150 2055 4202 Ascendit
2075 4151 2216 4204 enim

654 4253 717 4290 ea:
741 4246 869 4288 terra
894 4236 976 4304 qui
997 4237 1206 4304 insufﬂat
1247 4236 1300 4288 in
1325 4236 1504 4305 [aciem
1549 4247 1704 4300 luant,
1729 4247 1774 4290 et
1800 4239 1883 4308 qui
1913 4249 1959 4291 te
1983 4255 2044 4292 ea:
2081 4256 2215 4294 aru-

657 4329 786 4380 mnis
811 4328 975 4394 eripit.
1000 4327 1287 4381 AtNahum
1313 4328 1564 4395 praplteta
1593 4329 1872 4381 Dominum
1899 4331 2119 4398 gratiam
2141 4331 2220 4383 in-

655 4419 942 4486 spirantem
967 4417 1060 4472 tibi
1087 4417 1226 4471 unde
1252 4417 1520 4482 exhibuit;
1553 4418 1712 4473 lsaias
1733 4427 1909 4473 autem
1937 4419 2040 4474 alio
2061 4419 2219 4475 modo

657 4525 776 4563 eum
803 4509 889 4577 qui
918 4524 982 4562 ex
1006 4510 1228 4562 mortuis
1245 4510 1474 4563 surrexit
1497 4519 1551 4564 et
1577 4510 1827 4579 Spiritum
1848 4520 2089 4564 sanctum
2109 4514 2218 4568 suis

653 4599 920 4667 elargitur,
949 4599 1266 4668 praenuntiat
1298 4598 1379 4651 ltis
1407 4599 1584 4652 verbis
1612 4617 1624 4651 :
1658 4599 1970 4653 Recordatus
2004 4611 2075 4653 est
2108 4603 2217 4654 die-

653 4705 765 4741 rum
790 4698 1087 4741 internarum
1133 4690 1217 4757 qui
1271 4688 1442 4742 eduxit
1475 4690 1536 4742 de
1574 4699 1705 4742 terra
1742 4700 1990 4758 pastorem
2025 4692 2212 4746 ovium.

651 4779 719 4832 Et
743 4779 858 4832 loco
881 4777 1039 4845 illius,
1069 4777 1344 4848 lusu/ﬂavit
1364 4780 1416 4831 in
1439 4780 1618 4847 {aciem
1657 4797 1847 4845 eorum,
1874 4781 2049 4834 statim
2081 4782 2212 4835 sub-

647 4868 859 4934 junsit:
889 4867 985 4932 Qui
1013 4869 1178 4934 posuit
1203 4868 1255 4919 in
1282 4869 1348 4921 eis
1378 4867 1624 4936 Spiritum
1648 4880 1876 4922 sanctum
1904 4870 1922 4941 (
1955 4870 2079 4924 1δαὶ.
2125 4872 2213 4926 65.

650 4958 712 5011 ll
741 4954 781 5026 ).
817 4955 1001 5008 Divina
1044 4956 1290 5025 dignitas,
1321 4956 1495 5010 divina
1523 4959 1858 5026 nuncupatio,
1889 4961 2028 5029 regia
2056 4961 2215 5029 maje-

648 5058 794 5110 stas,
841 5047 1148 5101 intemerata
1194 5047 1394 5117 gloria,
1437 5047 1982 5116 incomprehensibilis
2029 5053 2212 5119 virtus,

649 5139 738 5207 qui
767 5153 884 5191 cum
917 5136 1068 5191 Patre
1090 5137 1514 5206 congloriﬁcatur
1534 5180 1548 5204 ,
1579 5154 1696 5192 cum
1724 5138 1856 5192 Filio
1881 5151 2096 5210 regnat,
2125 5143 2212 5210 qui

649 5237 900 5295 operatur
936 5227 1132 5292 omnia,
1176 5238 1228 5281 et
1268 5227 1442 5280 divina
1488 5243 1704 5282 munera
1747 5230 1964 5298 singulis
2002 5230 2210 5297 dividit,

649 5325 806 5386 prout
833 5317 964 5369 vult.
987 5316 1112 5371 Hazc
1136 5317 1272 5372 bene
1294 5317 1418 5371 novi
1445 5317 1692 5372 Ecclesia:
1719 5317 2037 5374 domesticos
2058 5321 2213 5374 robo-

649 5423 790 5472 rare,
823 5408 1170 5477 mordereque
1196 5424 1258 5463 ac
1283 5408 1614 5477 disrumpere
1634 5410 1871 5463 inimicos
1893 5410 2028 5478 ejus,
2047 5413 2213 5465 maxi-

647 5513 836 5567 meque
883 5500 980 5567 pia:
1021 5500 1292 5570 religionis
1329 5500 1523 5562 hostes,
1557 5503 1644 5571 qui
1673 5516 1794 5555 cum
1820 5501 1973 5556 Patre
1998 5512 2050 5556 et
2079 5503 2210 5557 Filio

647 5589 1043 5656 conglorilicare
1079 5589 1332 5660 Spiritum
1381 5600 1619 5645 sanctum
1668 5601 1932 5647 recusant.
1972 5591 2018 5647 Ο
2048 5595 2211 5648 mise-

651 5679 816 5735 riam!
847 5679 920 5735 Ne
949 5694 1008 5735 ea
1036 5679 1247 5750 quidem
1274 5694 1391 5745 quae
1416 5679 1589 5735 sortiti
1617 5690 1736 5735 sunt
1765 5680 1883 5750 ipsi,
1908 5681 2086 5736 volunt
2118 5683 2210 5737 tri-

2085 340 2446 402 SEVERIANI

3798 354 3904 409 508

2328 455 2489 510 buere
2513 454 2731 522 Spiritui
2762 466 2964 512 saneto.
2995 457 3278 527 Apostolus
3307 467 3479 513 autem
3505 458 3572 515 de
3597 475 3659 515 se
3679 501 3693 524 ,
3724 460 3896 528 deque

2326 545 2406 599 sui
2433 546 2690 601 similibus
2719 547 2947 611 dicebat,
2979 547 3041 602 Si
3059 551 3409 617 compatimur,
3431 552 3579 602 etiam
3604 553 3891 622 congloriﬂ-

2327 637 2550 689 cabimur
2594 637 2780 706 (Rom.
2818 638 2872 692 8.
2903 638 3026 707 l7).
3076 639 3269 692 Paulus
3304 638 3730 706 conglorilicatur
3773 655 3889 694 cum

2330 725 2439 778 Deo
2458 766 2473 790 ,
2502 736 2554 778 et
2580 726 2802 794 Spiritus
2829 743 2933 780 non
2961 728 3420 796 congloriﬁattur‘l
3445 730 3678 782 Mortalis
3707 742 3888 784 natura

2328 814 2379 866 in
2405 822 2604 867 tantam
2631 817 3002 870 sublimitatem
3029 818 3288 882 evehitur,
3323 828 3378 871 ut
3398 834 3516 871 cum
3544 820 3758 872 Christo
3777 824 3888 889 glo-

2328 902 2578 961 riﬁcetur.
2609 913 2663 957 et
2687 904 2986 958 adorandus
3013 905 3258 974 Spiritus,
3285 923 3380 960 nec
3403 908 3586 960 iisdem
3617 909 3888 962 nobiscum

2327 993 2632 1048 muneribus
2670 994 2911 1049 fruetur?
2953 997 3027 1051 De
3066 998 3250 1053 iisdem
3295 999 3597 1053 hominibus
3637 1002 3711 1052 ait
3756 1002 3888 1056 idem

2328 1082 2614 1150 apostolus.
2642 1083 2701 1137 Si
2730 1087 3062 1154 compatimur
3080 1126 3094 1150 ,
3127 1097 3173 1139 et
3195 1091 3605 1158 conregnabimus
3637 1090 3655 1160 (
3672 1091 3725 1142 Ξ.
3756 1091 3886 1147 Tim.

2326 1169 2378 1222 Ξ.
2403 1168 2526 1238 12);
2559 1179 2610 1224 et
2630 1170 2854 1240 Spiritus
2874 1185 3086 1230 sanctus
3109 1192 3212 1230 non
3241 1179 3477 1246 regnabit
3501 1194 3621 1232 cum
3647 1181 3890 1234 Christo?

2327 1260 2370 1313 Ο
2394 1261 2648 1329 ingratum
2673 1267 2901 1318 animum
2923 1267 2936 1318 l
2961 1283 2992 1319 ο
3015 1269 3269 1320 insaniam
3292 1270 3704 1324 intolerandam!
3729 1287 3893 1326 oseno

2329 1353 2542 1405 tentiam
2571 1355 2802 1421 impiam,
2816 1367 2869 1409 et
2887 1359 3146 1426 ingentem
3170 1359 3568 1427 blasphemiam,
3586 1363 3891 1430 plagamque

2328 1440 2702 1496 incurabiletn!
2755 1443 2860 1500 Nos
2913 1458 3280 1516 exspectamus
3328 1463 3745 1519 conreguaturos
3801 1470 3892 1507 nos

2327 1545 2472 1595 esse;
2495 1541 2546 1584 et
2566 1531 2816 1600 Spiritum
2837 1546 3070 1590 sanctum
3086 1539 3136 1592 in
3158 1540 3543 1596 serviordinem
3562 1542 3891 1611 redigemusl

2399 1621 2450 1676 6.
2496 1623 2619 1678 Hzec
2665 1640 2821 1692 porro
2858 1629 3102 1687 dicimus.
3131 1630 3341 1698 fratres,
3369 1649 3471 1686 non
3500 1635 3642 1702 quod
3671 1636 3893 1703 Spiritus

2327 1721 2541 1766 sanctus
2571 1712 2639 1767 ita
2670 1715 2857 1770 debeat
2882 1733 3000 1772 cum
3030 1721 3238 1775 Christo
3265 1724 3673 1791 eongloriﬁcari,
3709 1738 3763 1779 ut
3801 1743 3894 1781 nos

2327 1802 2820 1872 eougloriﬁcantur,
2859 1809 2950 1862 sed
2984 1821 3037 1862 ut
3071 1811 3391 1878 impietatem
3432 1829 3617 1868 eorum
3651 1817 3893 1871 confute-

2329 1904 2466 1952 tnus,
2494 1891 2583 1958 qtti
2615 1909 2712 1947 nec
2742 1902 2942 1949 tantum
2973 1899 3182 1965 quidem
3211 1901 3306 1968 ipsi
3337 1903 3567 1956 tribuere
3593 1905 3891 1972 dignantur.

2329 1979 2589 2052 Propitius
2633 1984 2706 2038 sis
2754 1987 2935 2052 nobis,
2983 1989 3221 2055 Domine,
3250 1994 3385 2046 circa
3410 2010 3470 2048 ea
3497 2011 3616 2063 qua:
3643 1999 3890 2054 diximus.

2327 2070 2474 2125 Licet
2507 2077 2646 2127 enim
2678 2075 2958 2144 itnpiorum
2998 2081 3134 2134 dicta
3171 2082 3480 2150 simpliciter
3521 2095 3572 2139 et
3612 2089 3892 2142 verborum

2328 2169 2481 2215 tenus
2509 2171 2708 2216 tantum
2739 2179 3058 2234 repetamus,
3087 2180 3316 2226 attamen
3346 2189 3522 2238 nemo,
3553 2176 3764 2238 fratres.
3794 2195 3892 2245 pu-

2328 2257 2401 2303 tet
2442 2249 2565 2304 hinc
2608 2256 2978 2310 contumeliam
3009 2257 3222 2328 Spiritui
3265 2273 3446 2314 sancto
3490 2263 3707 2328 inferri,
3754 2269 3894 2335 quod

2325 2355 2508 2394 eorum
2531 2347 2864 2401 contumelia:
2904 2360 3230 2416 repetantur.
3264 2354 3382 2406 illas
3407 2357 3548 2408 enim
3580 2359 3630 2409 iu
3663 2359 3894 2411 medium

2329 2430 2646 2497 proferimus
2669 2475 2684 2498 ,
2719 2451 2822 2488 non
2847 2448 2904 2490 ut
2929 2439 3180 2505 impietati
3203 2444 3572 2507 assentiamur,
3607 2448 3697 2498 sed
3730 2457 3786 2499 ut
3810 2464 3896 2502 cr-

2329 2530 2502 2571 rorem
2547 2521 2904 2590 traducamus,
2946 2536 2998 2580 et
3040 2529 3246 2596 pictatis
3285 2533 3529 2587 alumnos
3554 2551 3581 2586 a
3615 2551 3771 2601 prava
3807 2539 3894 2592 illa

2327 2607 2565 2661 doctrina
2605 2621 2921 2666 avertatnus.
2967 2616 3168 2669 Etenim
3207 2621 3461 2686 apostoli,
3495 2625 3580 2690 qui
3611 2624 3893 2679 Dominum

2327 2697 2592 2760 amabant,
2638 2707 2692 2753 et
2737 2701 2852 2768 ejus
2897 2704 3222 2772 majestatem
3269 2708 3544 2774 viderant,
3589 2711 3894 2766 Judaeorum

2327 2787 2671 2840 contumelias
2713 2789 2764 2842 in
2811 2792 2974 2845 sacris
3003 2792 3297 2862 Evangeliis
3338 2797 3532 2852 referre
3559 2816 3662 2852 non
3689 2802 3898 2855 dubita—

2327 2885 2467 2928 runt.
2501 2876 2677 2943 Itaque
2706 2879 2897 2948 scripla
2922 2883 2988 2935 ibi
3015 2894 3136 2937 sunt
3161 2902 3502 2956 qutecuntque
3533 2893 3647 2944 ausi
3674 2906 3793 2946 sunt
3820 2897 3894 2948 illi

2327 2963 2393 3016 de
2423 2963 2635 3020 Christo
2661 2968 2858 3031 dicere,
2883 2973 3020 3039 quod
3055 2986 3299 3041 peccator
3326 2988 3497 3041 esset,
3527 2981 3664 3046 quod
3696 2997 3758 3034 ex
3790 2984 3896 3034 Deo

2327 3071 2430 3109 non
2457 3069 2618 3124 esset,
2647 3061 2887 3129 quodque
2914 3078 3089 3116 coram
3118 3080 3182 3118 eo
3205 3071 3313 3119 ausi
3347 3072 3452 3120 sint
3477 3069 3676 3135 dicere,
3709 3072 3896 3125 Sama-

2326 3149 2518 3198 ritanus
2544 3164 2595 3202 es
2619 3159 2691 3212 tu,
2715 3160 2761 3202 et
2782 3151 3078 3206 dwmonium
3104 3155 3251 3209 habes
3279 3156 3453 3226 (Joan.
3479 3160 3529 3212 8.
3559 3161 3672 3228 48).
3701 3162 3894 3216 Verum

2328 3237 2594 3307 Scriptura
2646 3257 2748 3294 non
2800 3245 3084 3312 scriptores
3122 3260 3352 3313 accusat,
3399 3251 3491 3303 sed
3533 3252 3891 3322 blasphemus.

2327 3327 2460 3379 Audi
2509 3327 2734 3396 Spiritus
2780 3331 2885 3383 vim
2936 3342 2986 3386 et
3027 3333 3332 3400 efﬁcaciam,
3375 3339 3495 3392 audi
3531 3344 3892 3408 apostolorum

2328 3418 2528 3480 laudes,
2575 3435 2757 3475 eorum
2807 3438 3029 3491 sequere
3077 3427 3392 3494 doctrinam,
3438 3443 3644 3488 sectare
3687 3449 3892 3503 patrum

2329 3511 2582 3581 vestigia;
2615 3529 2681 3567 ne
2710 3528 2773 3567 ex
2805 3515 3143 3583 profanorum
3176 3523 3405 3590 vestigiis
3444 3525 3495 3576 in
3539 3542 3776 3582 errorem
3802 3531 3896 3585 de-

2327 3599 2573 3656 ducaris:
2606 3603 2915 3662 Trinitatem
2939 3609 3120 3676 adora,
3155 3611 3459 3668 Trinitatem
3488 3617 3749 3685 gloriﬁca,
3779 3621 3898 3675 Tri-

2328 3691 2541 3745 nitatem
2575 3695 2818 3765 pra'dica.
2852 3697 2924 3750 lta
2944 3699 3176 3753 sentiunt
3200 3704 3486 3770 prophetae,
3513 3707 3581 3758 ita
3607 3710 3896 3775 praedicant

2327 3785 2568 3851 apostoli,
2600 3786 2666 3838 ita
2695 3787 2915 3842 credunt
2941 3800 3220 3862 martyres.
3251 3796 3384 3848 Audi
3416 3796 3637 3852 Paulum
3667 3800 3898 3854 Trinita-

2329 3886 2430 3930 tem
2479 3878 2851 3945 prmdicantem
2881 3899 2892 3932 :
2926 3881 3207 3939 Divisiones
3253 3890 3528 3956 gratiarum
3565 3902 3715 3956 sunt,
3764 3895 3898 3948 idem

2326 3975 2491 4018 autem
2530 3967 2787 4034 Spiritus;
2833 3970 3097 4025 divisiones
3137 3975 3554 4029 ministrationum
3594 3991 3728 4042 sunt,
3763 3984 3898 4035 idem

2325 4066 2490 4109 autem
2517 4056 2796 4117 Dominus:
2822 4060 3084 4115 divisiones
3109 4066 3450 4130 operationum
3472 4079 3606 4129 sunt,
3629 4070 3757 4121 ident
3781 4087 3896 4125 vero

2325 4144 2482 4207 Deus,
2517 4147 2600 4214 qui
2643 4157 2878 4215 aperatur
2920 4151 3085 4202 omnia
3131 4152 3182 4203 in
3224 4154 3448 4206 omnibus
3481 4155 3552 4223 (l.
3580 4156 3695 4210 Cor.
3725 4160 3806 4212 l2.
3837 4162 3900 4214 ι-

2325 4234 2400 4302 6).
2447 4235 2554 4288 Cur
2595 4251 2697 4287 non
2747 4238 2928 4304 incipit
2957 4254 2984 4290 a
3015 4238 3207 4293 Patre?
3246 4257 3340 4294 cur
3381 4257 3484 4296 non
3534 4247 3702 4310 primo
3747 4249 3897 4302 illum

2329 4325 2593 4392 praedicat,
2624 4325 2814 4379 deinde
2842 4326 3053 4392 Filium,
3086 4331 3296 4383 demunt
3329 4331 3581 4400 Spiritum
3614 4348 3852 4389 sanctum
3874 4343 3899 4390 ?

2327 4415 2615 4470 lnrertisne
2656 4417 2930 4486 ordinem,
2967 4420 3158 4475 Paule?
3198 4432 3439 4477 mutasne
3481 4426 3714 4479 seriem?
3764 4428 3902 4481 Dum

2324 4507 2571 4561 Servatur
2611 4508 2680 4561 ita
2728 4509 3018 4573 tradiderit,
3052 4509 3115 4563 In
3144 4513 3342 4565 nomine
3368 4513 3559 4574 Patris,
3585 4526 3629 4568 et
3661 4514 3820 4580 Filii,
3849 4532 3900 4570 et

2327 4597 2546 4665 Spiritus
2573 4599 2731 4650 sancti
2761 4596 2971 4669 (Matth.
3000 4599 3088 4654 9.8.
3118 4599 3240 4670 l9).
3272 4611 3395 4656 tune
3423 4604 3584 4658 solvis
3617 4607 3899 4675 theologia:

2326 4679 2533 4747 legem?
2579 4680 2770 4733 Verum
2810 4680 2947 4734 absit
2980 4698 3047 4736 ne
3082 4683 3203 4751 qttid
3234 4685 3334 4738 tale
3363 4702 3606 4754 umquam
3637 4688 3702 4741 de
3730 4688 3900 4742 Paulo

2324 4771 2634 4839 cogitemus.
2683 4770 2906 4825 Sanctus
2948 4773 3088 4826 enim
3133 4773 3220 4829 ille
3259 4785 3312 4829 et
3344 4777 3668 4832 admirabilis
3694 4797 3896 4849 pra‘co.

2326 4859 2426 4913 hoc
2453 4860 2615 4928 probe
2642 4871 2892 4925 noverat,
2926 4877 2983 4915 se
3013 4863 3216 4916 etiamsi
3244 4864 3468 4931 Spiritus
3501 4869 3671 4934 primo
3702 4873 3897 4923 menti-

2324 4950 2482 5003 uisset
2508 4989 2522 5013 ,
2553 4949 2893 5003 nihilominus
2923 4951 3235 5021 theologiam
3264 4953 3480 5007 ilhcsam
3512 4970 3725 5010 servare
3747 4998 3762 5020 ,
3798 4975 3897 5012 ne-

2322 5056 2424 5108 que
2461 5040 2786 5094 inconfusam
2829 5049 3067 5094 naturam
3106 5043 3422 5095 contumelia
3463 5043 3676 5098 afﬁcere
3720 5063 3898 5116 neque

2322 5131 2557 5184 dividere
2611 5129 2980 5184 indivisibilem
3029 5132 3358 5199 dignitatem.
3418 5131 3670 5200 Spiritutn
3722 5137 3899 5202 primo

2323 5231 2620 5285 memorat,
2670 5232 2728 5274 ut
2781 5222 3052 5286 ostendat,
3098 5221 3348 5291 Spiritum
3377 5265 3389 5285 ,
3441 5224 3541 5277 etsi
3594 5236 3899 5293 postremus

2321 5313 2615 5383 scribatur,
2671 5325 2776 5363 non
2824 5310 2945 5364 hinc
2995 5311 3237 5364 ultimum
3270 5319 3322 5364 et
3364 5326 3683 5379 pOSII'etItUIII
3728 5315 3895 5369 efﬁci.

2319 5404 2450 5470 Quia
2494 5403 2631 5456 enim
2676 5401 2746 5454 illi
2793 5417 2948 5469 prave
2999 5401 3411 5468 interpretantur
3451 5417 3554 5457 non
3600 5419 3898 5457 connume-

2320 5503 2514 5555 rantes,
2546 5492 2636 5545 sed
2694 5491 2973 5561 posteriori
3020 5491 3204 5543 ordine
3249 5504 3586 5544 numerantes
3627 5503 3744 5560 post
3797 5495 3897 5546 Pa-

2319 5596 2449 5638 trem
2500 5583 2685 5637 Filium
2715 5625 2727 5643 ,
2781 5592 2899 5651 post
2943 5581 3129 5635 Filium
3167 5581 3417 5660 Spiritum
3453 5593 3693 5640 sanctum
3744 5586 3896 5652 (pri-

2319 5694 2434 5732 mus
2460 5676 2620 5742 enim.
2653 5683 2818 5742 alunt,
2849 5673 3023 5741 Pater,
3052 5673 3312 5728 secundus
3343 5673 3528 5739 Filius,
3562 5675 3750 5729 tertius
3776 5674 3900 5752 Sp...
