4158 6500
310 390 428 444 507

303 499 412 567 γάρ
443 495 616 565 Ἀδὰμ
638 493 890 557 πλασθεὶς
909 495 1097 548 ἔλασεν
1118 495 1414 566 ἐμφύσημα
1429 497 1570 565 ζωῆς
1596 497 1869 566 (Ὲνεφύ-

303 599 464 651 emas
488 584 597 652 γὰρ
632 585 664 636 ό
701 581 839 648 Θεὸς
872 585 959 648 είς
986 583 1048 636 τὸ
1071 584 1392 650 πρόσωπον
1410 584 1518 638 τοῦ
1552 585 1741 652 Ἀδὰμ,
1770 585 1866 637 καὶ

302 667 540 736 ἐγένετο
553 669 640 730 είς
654 665 864 734 ψυχὴν
884 665 1116 734 ζῶσαν),
1135 667 1163 718 ὃ
1182 666 1360 720 λαϐὼν
1377 669 1578 729 ἐκεῖνος
1600 667 1867 731 ἀπώλεσε,

302 748 463 802 τοῦτο
504 748 694 817 παρὼν
752 746 1140 817 ἀνακαλοῦμαι.
1206 749 1432 816 Ἐγείρω
1478 748 1568 800 τὸν
1617 749 1869 810 πεσόντα,

303 830 634 893 ἀνακαινίζω
664 830 754 882 τὸν
783 830 1079 900 φθαρέντα,
1117 829 1362 892 ξωοποιῶ
1393 831 1485 883 τὸν
1507 830 1866 900 νεκρωθέντα.

304 915 588 983 Μαρτυρεῖ
616 929 716 980 μου
751 915 816 982 τῇ
853 912 1129 983 οἰκονομίᾳ
1158 914 1250 964 καὶ
1292 916 1318 965 6
1361 915 1638 982 προφήτης
1672 911 1871 980 βοήσας

306 1011 411 1064 μου
454 995 552 1063 τὴν
591 993 914 1064 ἐμφύσησιν.
965 995 1072 1046 Kal
1115 995 1202 1056 τίς
1238 996 1265 1046 6
1312 995 1554 1046 ἀναϐοῶν
1589 995 1870 1062 προφήτης

303 1078 685 1143 προαναφωνεῖ
710 1074 804 1145 τὴν
842 1075 999 1143 ἁγίαν
1035 1075 1236 1144 ταύτην
1270 1076 1612 1144 ἐμφύσησιν;
1651 1077 1869 1134 Ἄκουε,

303 1157 459 1226 φησὶ,
507 1156 600 1208 τοῦ
650 1159 924 1228 προφήτου
969 1157 1216 1224 λέγοντος
1261 1161 1318 1210 ἐν
1359 1161 1468 1219 τοῖς
1518 1156 1867 1209 δυοκαίδεκα⁶

300 1239 452 1291 Ναοῦ
460 1256 498 1307 μ
511 1239 569 1290 δὲ
588 1237 759 1308 τούτῳ
777 1239 944 1306 ὄνομα
962 1257 974 1270 ο
1003 1239 1284 1307 Ἐ’όρταζε,
1309 1238 1527 1299 Ἰούδα,
1547 1238 1651 1303 τὰς
1665 1237 1871 1304 ἑορτάς

301 1337 442 1383 σου,
481 1321 704 1386 ἀπόδος
743 1320 821 1385 τῷ
861 1321 982 1385 Θεῷ
1007 1324 1114 1388 τὰς
1142 1322 1326 1391 εὐχάς
1351 1337 1486 1375 σου.
1531 1322 1738 1374 Οὐκέτι
1785 1320 1868 1387 μὴ

302 1402 652 1470 προσθῶσιν
692 1403 889 1456 ἐλθεῖν
928 1406 1076 1471 πρὸς
1116 1406 1478 1458 παλαίωσιν
1523 1403 1872 1458 συντετέλε-

304 1502 446 1539 σται
480 1486 547 1537 τὰ
594 1486 804 1556 πρῶτα,
847 1488 1005 1556 φησίν
1026 1505 1038 1518 ·
1085 1487 1280 1540 οὐκέτι
1314 1489 1384 1541 οὺ
1408 1487 1492 1556 μὴ
1529 1485 1874 1555 προσθῶσιν

304 1568 508 1621 ἐλθεῖν
530 1569 678 1634 πρὸς
708 1570 1057 1621 παλαίωσιν.
1091 1569 1199 1636 Τήν
1235 1571 1424 1639 καινήν
1461 1571 1616 1639 χάριν
1648 1569 1874 1634 εὐαγγεο

304 1650 532 1714 λίζεται,
566 1651 646 1702 ὅτι
683 1652 747 1703 τὰ
786 1651 984 1702 παλαιὰ
1021 1650 1312 1713 πέπαυται,
1349 1652 1415 1704 τά
1461 1652 1557 1703 νέα
1600 1649 1870 1703 ἀνθοῦσιν.

314 1731 574 1798 Ἑόρταζε
603 1733 705 1798 τὰς
738 1732 946 1799 ἑορτάς
984 1748 1119 1786 σου.
1149 1733 1246 1786 Διά
1286 1734 1356 1792 τί,
1400 1733 1743 1800 Ἐὀρτασον,
1767 1731 1875 1780 ὀνο-

308 1813 502 1881 μάζεις
546 1815 759 1884 Ἐπειδὴ
798 1818 853 1866 ἐν
897 1819 962 1884 τῇ
1012 1817 1169 1884 ἑορτῇ
1217 1816 1310 1867 τοῦ
1353 1815 1542 1881 Πάσχα
1583 1812 1872 1870 ἀνάστασις

303 1895 537 1964 ἤμελλεν
583 1896 828 1964 ἀνθῆσαι.
893 1895 1185 1963 Έόρταζε,
1236 1896 1432 1966 φησὶν,
1496 1893 1709 1952 Ἰούδα,
1771 1893 1874 1955 τὰς

301 1976 514 2044 ἑορτάς
569 1993 706 2038 σου,
752 1976 975 2042 ἀπόδος
1025 1975 1104 2040 τῷ
1164 1977 1283 2041 Θεῷ
1341 1977 1447 2041 τὰς
1511 1975 1694 2043 εὐχάς
1735 1990 1869 2026 σου.

306 2060 517 2114 Οὐκέτι
566 2060 651 2128 μὴ
709 2057 1054 2127 προσθῶσιν
1107 2061 1302 2114 ἐλθεῖν
1358 2064 1444 2124 είς
1509 2061 1869 2112 παλαίωσιν·

299 2143 784 2200 συντετέλεσται.
815 2143 1086 2209 ἐξῆρται·
1116 2144 1377 2202 τουτέστι,
1410 2143 1476 2194 τά
1507 2141 1698 2209 πρῶτα
1725 2139 1874 2201 τέλος

300 2223 440 2293 εχει.
475 2224 583 2276 Καὶ
614 2223 700 2274 διά
741 2225 790 2276 τί
822 2225 969 2286 τέλος
1000 2226 1110 2294 ἔχει
1153 2227 1218 2277 τά
1251 2226 1476 2296 πρῶτας
1527 2224 1722 2287 Ἀνέϐη
1768 2222 1874 2288 γὰρ

297 2306 376 2358 ἐκ
406 2305 512 2372 τῆς
548 2304 660 2371 τῆς
689 2310 719 2358 ὀ
742 2305 1029 2373 ἐμφυσῶν
1049 2311 1136 2372 εἱς
1168 2309 1232 2360 τὸ
1263 2308 1585 2373 πρόσωπόν
1615 2319 1749 2365 σου,
1778 2303 1872 2354 καί

298 2387 724 2454 ἐξαιρούμενός
745 2404 818 2439 σε
852 2389 920 2440 ἐκ
966 2390 1242 2455 θλίψεως,
1289 2389 1445 2440 Ἀλλά
1485 2388 1645 2440 πάλιν
1674 2388 1876 2437 ἐπανα-

298 2469 574 2538 λάδωμεν.
623 2469 904 2536 Ἐὀρταζε,
945 2471 1147 2534 Ἰούδα,
1189 2472 1292 2536 τὰς
1316 2470 1523 2538 ἑορτάς
1555 2484 1691 2528 σου,
1728 2468 1874 2520 ἀπό-

299 2551 411 2616 δος
446 2551 520 2614 τῷ
551 2550 669 2614 Θεῷ
693 2552 796 2616 τὰς
818 2552 998 2618 εὐχάς
1023 2571 1157 2606 σου.
1189 2552 1394 2607 Οὐκέτι
1414 2553 1496 2621 μή
1531 2549 1878 2617 προσθὼσιν

299 2633 504 2687 ἐλθεῖν
548 2637 632 2698 είς
653 2635 1009 2687 παλαίωσιν.
1036 2637 1189 2697 Τίνες
1225 2637 1279 2688 αἰ
1308 2635 1520 2704 ὲορταίς
1551 2631 1729 2684 Ἦσαν
1769 2633 1874 2700 γὰρ

299 2717 507 2767 ἐκεῖναι
545 2717 599 2767 αἱ
646 2715 866 2768 παλαιαὶ
914 2715 1021 2767 τῶν
1069 2717 1202 2769 νέων
1247 2719 1504 2786 φέρουσαι
1545 2715 1642 2785 τὴν
1672 2714 1872 2766 εἰκόνα.

300 2797 502 2867 Πρώτη
536 2797 643 2849 τῶν
680 2798 927 2868 Ἀζύμων
961 2799 1161 2868 ήμέρα,
1197 2799 1358 2850 εἰκὼν
1389 2794 1521 2849 οῦσα
1549 2797 1638 2848 τοῦ
1671 2796 1875 2855 πάθους

297 2882 418 2938 τοῖς
455 2880 690 2945 ἀκριϐῶς
735 2880 1061 2942 ἐξετάζουσι.
1115 2883 1267 2933 Μετά
1311 2881 1510 2950 ταύτην
1556 2878 1733 2947 ήμέρα
1777 2877 1875 2945 τῆς

301 2961 700 3030 Πεντήκοστής,
730 2963 888 3013 εἰκὼν
910 2959 1043 3015 οὖσα
1074 2964 1163 3015 καὶ
1191 2963 1328 3032 αὑτὴ
1359 2963 1456 3031 τῆς
1480 2961 1573 3013 τοῦ
1601 2961 1757 3027 ἁγίου
1781 2960 1875 3010 καὶ

300 3046 676 3114 προσκυνητοῦ
730 3047 1039 3114 ΙΙνεύματος
1084 3049 1489 3114 ἐπιφοιτήσεως.
1547 3046 1606 3096 'H
1657 3044 1714 3096 δὲ
1768 3043 1875 3094 τῶν

304 3128 695 3195 Σκηνοπηγίων
727 3127 888 3179 είκὼν
916 3129 1008 3178 καὶ
1036 3128 1171 3196 αὑτὴ
1197 3124 1264 3194 ἦν
1289 3127 1396 3179 τῶν
1419 3127 1631 3195 σκηνῶν
1657 3126 1764 3178 τῶν
1788 3126 1876 3175 ού-

300 3211 522 3277 ρανίων.
557 3210 774 3269 Τούτοις
807 3222 830 3249 α
862 3211 953 3262 καὶ
982 3212 1008 3261 6
1034 3209 1232 3278 Κύριος
1265 3209 1684 3278 ἐνδεικνύμενος,
1725 3211 1876 3259 ἐπει-

297 3293 479 3361 δήπερ
524 3292 724 3344 ἐκείναι
770 3287 910 3360 ἦσαν
951 3291 1293 3361 πρόσκαιροι,
1332 3291 1649 3360 βουλόμενος
1683 3287 1872 3351 δεῖξαι,

298 3377 386 3427 δτι
411 3377 466 3426 αἱ
490 3377 681 3444 σκηναὶ
703 3378 904 3427 ἐκεῖναι
929 3375 1096 3436 τύπος
1126 3377 1230 3426 είσὶ
1270 3375 1377 3427 τῶν
1403 3374 1705 3444 μελλουσῶν
1743 3389 1873 3441 σκη-

299 3459 432 3520 νῶν,
454 3457 599 3529 [520]
623 3459 773 3523 ἔλεγε
798 3459 930 3525 πρὸς
954 3459 1076 3517 τοῦς
1098 3461 1153 3508 ἐν
1174 3457 1248 3523 τῷ
1273 3458 1460 3524 κόσμῳ
1483 3455 1835 3515 πλουτοῦντας
1856 3471 1871 3484 ·

299 3539 597 3606 Ποιήσατε
623 3538 762 3606 ὑμῖν
785 3540 1000 3606 φίλους
1043 3538 1108 3589 ὲκ
1149 3537 1253 3590 τοῦ
1283 3533 1576 3605 μαμμωνᾶ
1603 3535 1710 3600 τῆς
1743 3536 1872 3588 ἀδι-

300 3621 442 3685 κίας
461 3636 472 3648 ·
505 3621 580 3672 ἵν’
611 3621 752 3672 ὅταν
774 3619 1156 3690 ἐκλ[ε]ε’πητε,
1175 3619 1456 3681 δέξωνται
1484 3616 1636 3684 ὑμᾶς
1653 3619 1734 3681 είς
1769 3616 1874 3678 τὰς

299 3704 582 3767 αὶωνίους
613 3701 868 3767 σκηνάς.
902 3703 966 3752 Δί
993 3698 1083 3754 οῦν
1125 3702 1450 3769 πρόσκαιροι
1480 3698 1674 3766 σκηναὶ
1705 3697 1873 3758 τύπος

295 3783 440 3856 ἦσαν
470 3784 577 3836 τῶν
607 3786 835 3837 αἰωνίων
868 3785 1100 3852 σκηνῶν.
1147 3785 1298 3835 Ἐπεὶ
1325 3779 1416 3835 οῦν
1451 3785 1482 3851 ή
1514 3781 1606 3832 τοῦ
1639 3780 1870 3851 Χριστοῦ

298 3868 582 3935 οίκςνομία
613 3867 738 3928 τοὺς
795 3867 890 3934 μὲν
925 3866 1183 3927 παλαιοὺς
1226 3865 1426 3928 τύπους
1469 3865 1726 3933 ἐπλήρου,
1776 3864 1873 3932 τὴν

297 3951 361 4003 δὲ
412 3951 536 4002 νέαν
582 3950 740 4018 χάριν
777 3948 1022 4018 ἐξήνθει,
1064 3948 1240 4009 καλῶς
1272 3951 1299 3999 6
1324 3948 1606 4017 προφήτης
1639 3963 1875 4015 προανα-

298 4035 472 4102 φωνεῖ
505 4032 711 4098 λέγων*
766 4028 1046 4095 Ἐόρταζε,
1102 4029 1305 4089 Ἰούδα,
1351 4030 1456 4093 τὰς
1494 4028 1702 4095 ἑορτάς
1735 4045 1870 4089 σου,

296 4115 526 4179 ἀπόδος
564 4112 642 4176 τῷ
692 4111 811 4175 Θεῷ
851 4112 952 4176 τὰς
986 4111 1168 4179 εὐχάς
1215 4127 1364 4164 σου·
1415 4111 1666 4180 σημαίνει
1717 4111 1744 4148 ι’
1791 4111 1869 4171 τὸ,

302 4197 513 4251 Οὐκέτι
541 4197 649 4265 γὰρ
681 4195 766 4262 μὴ
797 4192 1139 4260 προσθῶσιν
1172 4193 1370 4246 ἐλθεῖν
1399 4195 1483 4258 εὶς
1512 4193 1869 4245 παλαίωσιν.

313 4278 780 4331 Ἀνακεκαίνισται
831 4277 937 4345 γὰρ
987 4277 1055 4327 τά
1107 4277 1308 4328 παλαιά
1351 4275 1438 4327 διά
1489 4276 1585 4343 τῆς
1630 4276 1868 4344 χάριτος,

299 4362 787 4418 Συντετέλεσται.
819 4360 1076 4428 ἐξῆρται.
1121 4361 1317 4426 Ἀνέϐη
1360 4363 1466 4428 γὰρ
1508 4361 1574 4412 ἐκ
1622 4359 1730 4425 τῆς
1763 4356 1872 4426 γῆς

299 4448 338 4499 ό
369 4442 654 4512 ἐμφυσῶν
697 4445 780 4506 είς
817 4442 883 4494 τὸ
927 4443 1249 4508 πρόσωπόν
1279 4460 1414 4502 σου,
1461 4442 1558 4493 καὶ
1604 4441 1870 4508 ἐξαιρού-

291 4529 482 4598 μενός
514 4540 587 4578 σε
611 4525 676 4576 ἐκ
706 4526 980 4591 θλίψεως.
1021 4526 1159 4576 Ἀλλ’
1188 4528 1215 4577 6
1247 4526 1343 4593 μὲν
1373 4526 1654 4595 προφήτης
1679 4525 1872 4593 Ναουμ

297 4609 520 4678 γυμνῶς
553 4625 633 4659 σοι
667 4608 972 4676 παρέστησε
1002 4607 1090 4659 τὸν
1119 4609 1215 4677 τὴν
1251 4608 1410 4673 ἁγίαν
1442 4609 1598 4677 χάριν
1635 4607 1872 4675 ἐμπνεύ-

299 4707 472 4743 σαντα
497 4690 696 4758 Κύριον
716 4707 729 4719 ·
773 4690 998 4750 Ἡσαΐας
1035 4689 1090 4742 δὲ
1119 4692 1210 4742 καὶ
1245 4691 1402 4752 αὐτὸς
1426 4692 1594 4759 ἑτέρῳ
1620 4692 1803 4761 τρόπῳ
1845 4701 1865 4728 ο

297 4773 395 4826 τὸν
443 4774 504 4824 ἐκ
555 4771 763 4839 νεκρῶν
812 4771 1116 4824 ἀναστάντα
1166 4773 1258 4824 καὶ
1301 4773 1519 4841 Πνεῦμα
1567 4773 1718 4840 ἀγιον
1760 4776 1871 4834 τοῖς

299 4854 495 4910 ἑαυτοῦ
523 4854 872 4923 χαριζόμενον
905 4857 1278 4922 προαναφωνεῖ
1317 4855 1486 4923 λέγων
1507 4872 1519 4884 ·
1569 4855 1868 4922 Ἐμνήσθη

299 4937 537 5006 ἡμερῶν
555 4939 807 4990 αἰωνίων
831 4939 862 4989 o'
883 4937 1247 5002 ἀναϐιϐάσας
1262 4939 1328 4990 ἐκ
1364 4937 1470 5006 γῆς
1496 4942 1600 4991 τὸν
1623 4939 1871 5006 ποιμένα

295 5023 422 5076 τῶν
466 5020 790 5089 προϐάτων.
842 5022 951 5073 Καὶ
1004 5021 1124 5074 ἀντὶ
1154 5021 1270 5085 τοῦ,
1325 5024 1732 5089 Ἐνεέύσησεν
1783 5025 1871 5086 εἰς

297 5105 371 5158 τὸ
401 5109 720 5171 πρόσωπον
757 5105 962 5167 αὑτοῦ,
998 5105 1198 5168 εὐθέως
1219 5107 1525 5175 ἐπήγαγεν·
1568 5108 1627 5158 '0
1655 5108 1776 5170 θεὶς
1803 5107 1872 5157 ἐν

297 5187 504 5251 αὐτοῖς
525 5186 591 5238 τὸ
620 5186 856 5254 Πνεῦμα
876 5187 941 5238 τὸ
974 5187 1162 5255 ἅγιον.
1208 5189 1267 5240 ’Π
1301 5188 1452 5258 θεῖκὴ
1481 5189 1624 5254 ἀξία,
1657 5191 1689 5259 ή
1718 5187 1870 5257 θεῖκὴ

297 5269 659 5340 προσηγορία,
688 5269 748 5321 τὸ
781 5270 1053 5338 βασιλικὸν
1086 5271 1318 5339 ἀξίωμα,
1351 5274 1381 5340 ή
1429 5271 1692 5341 ἄχραντος
1724 5272 1868 5336 δόξα,

299 5352 400 5404 καὶ
432 5352 464 5421 ή
496 5352 874 5420 ἀκατάληπτος
907 5354 1131 5422 δύναμις
1164 5354 1222 5405 τὸ
1251 5353 1327 5422 τῷ
1356 5355 1528 5424 Πατρὶ
1563 5354 1873 5419 συνδοξαζό-

301 5452 485 5505 μενον,
509 5435 600 5487 καὶ
625 5435 734 5503 Υίῷ
759 5435 1170 5504 συμϐασιλεύον,
1198 5439 1290 5488 καὶ
1311 5438 1564 5508 ἐνεργοῦν
1585 5438 1650 5490 τά
1675 5440 1870 5504 πάντα,

301 5519 399 5569 καὶ
427 5517 665 5588 διαιροῦν
696 5517 762 5569 τά
798 5519 911 5570 θεῖα
936 5519 1246 5590 χαρίσματα
1289 5521 1521 5590 ἑκάστῳ,
1546 5522 1723 5584 καθὼς
1754 5521 1873 5591 βού-

357 5640 388 5670 ⁸
423 5641 538 5690 Haec
561 5643 716 5690 vitiata
742 5643 986 5694 videntur.

364 5703 390 5741 δ
418 5712 527 5766 pm".
543 5706 667 5761 conj.
701 5707 918 5766 σήμαινε.

361 5766 385 5796 ο
413 5763 483 5819 ιω
511 5764 632 5828 Reg.
663 5763 866 5826 optimc.
890 5769 1019 5819 Edil.
1046 5781 1162 5818 vero
1184 5771 1228 5815 ἐν
1252 5771 1396 5833 ἑτέρῳ
1420 5771 1566 5831 τόπῳ.

1467 385 1553 442 DE
1595 385 1954 442 SERPENTE
1994 386 2297 443 HOMIIJA.

3441 391 3554 446 508

1973 495 2140 549 λεται.
2164 496 2346 550 Ταῦτα
2377 493 2434 548 εῦ
2462 491 2579 549 οἶδα
2601 497 2681 548 ὅτι
2715 493 2954 562 στηρίξει
2988 490 3227 562 μὲντοὺς
3257 488 3416 552 ίδίους
3437 489 3538 556 τῆς

1985 579 2326 644 Ἐκκλησίας,
2347 578 2527 630 δάκνει
2557 579 2612 630 δὲ
2639 577 2762 637 τοὺς
2791 575 3015 644 ἐχθροὺς
3044 574 3137 625 καὶ
3157 572 3534 642 διαρῤήγνυσι,

1975 669 2203 736 μάλιστα
2229 668 2355 730 τοῦς
2385 669 2607 738 ἐχθροὺς
2639 668 2736 736 τῆς
2760 667 3058 728 εὐσεϐείας,
3082 666 3209 725 τοὺς
3243 679 3540 732 παραιτου-

1975 751 2168 820 μένους
2214 752 2385 819 Πατρ“ι
2435 752 2527 802 καὶ
2570 751 2682 820 Υίῷ
2729 749 3062 812 συνδοξάζειν
3107 749 3167 799 τὸ
3208 746 3426 814 Πνεῦμα
3477 746 3540 797 τὸ

1972 831 2144 898 ἅγιον.
2178 834 2239 883 Ὢ
2270 833 2369 900 τῆς
2399 833 2732 900 ἀθλιότητοςῐ
2760 831 2889 884 Ούδέ
2909 824 2981 881 ὧν
3015 829 3219 896 ἔτυχον,
3251 826 3543 892 καταξιοῦν

1971 913 2210 965 ἐθέλουσι
2246 914 2304 964 τὸ
2333 914 2551 981 Πνεῦμα
2579 914 2639 963 τὸ
2662 913 2831 979 ἅγιον,
2875 913 2933 963 '0
2964 911 3018 962 δέ
3061 909 3378 971 Ἀπόστολος
3413 909 3538 977 περὶ

1972 995 2164 1049 ἑαυτοῦ
2190 997 2281 1047 καὶ
2302 995 2408 1046 τῶν
2433 997 2548 1048 κατ’
2571 995 2730 1047 αὑτὸν
2753 995 2954 1060 ἔλεγεν,
2988 996 3056 1047 Ei
3079 991 3536 1059 συμπάσχομεν.

1973 1078 2068 1130 καὶ
2101 1077 2733 1145 συνδοξασθησόμεθα.
2760 1076 2968 1138 Παῦλος
2997 1075 3366 1138 συνδοξάζεται
3398 1073 3538 1142 Θεῷ,

1974 1161 2064 1212 καὶ
2086 1160 2144 1210 τὸ
2167 1159 2388 1228 Πνεῦμα
2427 1161 2487 1211 ού
2522 1157 2926 1222 συνδοξάζεταις
2972 1158 3033 1207 Ἦ
3064 1155 3228 1224 θνητὴ
3270 1154 3425 1221 φύσις
3453 1170 3541 1204 το-

1975 1243 2160 1293 σοῦτον
2188 1242 2460 1308 ἀνάγεται,
2505 1240 2578 1304 ῶς
2611 1241 2827 1308 Χριστῷ
2868 1237 3300 1302 συνδοξάζεσθαι,
3343 1238 3437 1288 καὶ
3480 1235 3540 1286 τὸ

1973 1324 2340 1393 προσκυνητὸν
2363 1321 2582 1392 Πνεῦμα
2605 1323 2719 1374 ούδέ
2745 1322 2850 1372 τῶν
2877 1321 3053 1374 αὐτῶν
3077 1324 3205 1390 ἡμῖν
3229 1320 3542 1378 κοινωνήσει

1975 1407 2487 1474 πλεονεκτημάτων;
2539 1407 2644 1458 Καὶ
2684 1405 2807 1473 περὶ
2851 1404 2946 1473 μὲν
2978 1405 3279 1474 ἀνθρώπων
3309 1401 3472 1470 φησὶν
3513 1403 3541 1452 6

1975 1489 2133 1550 αὐτὸς
2163 1488 2454 1549 ἀπόστολος
2473 1506 2486 1517 ο
2507 1490 2574 1538 Εἰ
2599 1487 2992 1554 ὑπομένομεν,
3015 1487 3110 1537 καὶ
3136 1482 3540 1552 συμϐασιλεὺο

1975 1587 2162 1637 σομεν
2184 1586 2196 1599 ·
2234 1570 2294 1620 τὸ
2324 1569 2379 1622 δὲ
2403 1570 2622 1637 Πνεῦμα
2652 1569 2711 1620 τὺ
2739 1569 2890 1636 ἆγιον
2916 1568 2975 1619 ού
3016 1564 3544 1636 πμὸασιλεύειΧρι-

1977 1654 2117 1721 στῷ;
2146 1653 2208 1703 Ὢ
2235 1653 2329 1721 τῆς
2360 1653 2555 1720 πολλῆς
2592 1652 3008 1720 ἀγνωμοσύνηςῐ
3035 1649 3079 1701 ὣ
3099 1650 3193 1716 τῆς
3223 1646 3422 1713 πολλῆς
3451 1644 3546 1696 καὶ

1975 1735 2245 1802 ἀφορήτου
2281 1735 2500 1802 μανίαςῐ
2537 1733 2580 1784 ῶ
2604 1732 2826 1801 γνώμης
2865 1733 3042 1795 ἀθέου,
3079 1732 3169 1782 καὶ
3201 1728 3543 1798 βλασφημίας

1976 1819 2229 1887 ἀμέτρου,
2275 1818 2369 1869 καὶ
2396 1817 2605 1886 πληγῆς
2639 1817 2894 1867 ἀνιάτουῐ
2941 1815 3126 1882 Ἡμεῖς
3161 1812 3543 1882 προσδοκῶμεν

1979 1898 2423 1968 συμϐασιλεύσαι,
2473 1899 2564 1951 καὶ
2613 1897 2670 1949 τὸ
2717 1896 2938 1966 Πνεῦμα
2976 1896 3037 1947 τὸ
3086 1895 3236 1961 ἅγιον
3271 1895 3326 1946 ἐν
3359 1892 3542 1944 δούλου

1975 1983 2124 2044 τάξει
2163 1981 2601 2050 κατατάττομενς

2048 2072 2118 2128 ς’.
2149 2065 2331 2117 Ταῦτα
2361 2065 2416 2117 δέ
2442 2082 2640 2133 φαμεν,
2664 2063 2899 2130 ἀδελφοὶ,
2926 2062 3022 2130 οὐχ
3049 2062 3122 2122 ῶς
3153 2057 3546 2128 παραπλησίως

1977 2149 2104 2216 ἡμῖν
2126 2147 2426 2215 ὀφείλοντος
2450 2146 2542 2198 τοῦ
2572 2147 2724 2213 ἁγίου
2755 2143 2888 2196 Πνεύ
2899 2161 3064 2212 ματος
3085 2143 3161 2211 τῷ
3191 2141 3405 2212 Χριστῷ
3429 2157 3548 2190 συν-

1975 2229 2307 2293 δοξάξεσθαι,
2349 2227 2483 2281 ἀλλά
2522 2229 2619 2298 τήν
2647 2227 2895 2278 ἀσέϐειαν
2925 2225 3233 2292 ἐλέγχοντες
3272 2223 3378 2274 τῶν
3413 2220 3545 2290 μηδὲ

1975 2311 2222 2363 τοσοῦτον
2255 2311 2543 2378 ἀπονέμειν
2568 2310 2924 2378 ἀνεχομένων.
2963 2308 3146 2368 ’Ὶλεως
3165 2308 3220 2358 δὲ
3249 2308 3397 2375 ήμῑν,
3429 2304 3544 2356 K6-

1979 2410 2079 2462 ριε,
2110 2394 2201 2444 ἐπὶ
2234 2396 2345 2454 τοῖς
2373 2393 2715 2460 λαλουμένοις
2739 2393 2873 2459 εἴης.
2915 2390 3034 2443 Ὅτι
3069 2391 3169 2442 κάν
3199 2390 3357 2458 μέχρι
3382 2387 3544 2455 ψιλῆς

1977 2476 2069 2527 καλ⁸
2109 2474 2421 2526 ἐπιπολαίου
2464 2474 2656 2538 λέξεως
2700 2471 3145 2543 δευτεροῦμεντά
3187 2471 3294 2523 τῶν
3335 2469 3544 2522 ἀσεὸῶν

1977 2560 2214 2626 ῥήματα,
2247 2557 2360 2608 ἀλλ’
2387 2558 2533 2626 ὅμως
2571 2557 2776 2626 μηδεὶς,
2813 2555 3050 2624 ἀδελφοὶ,
3092 2553 3366 2621 νομισάτω
3389 2551 3544 2621 ὓϐριν

1975 2637 2112 2692 εἶναι
2140 2639 2232 2691 τοῦ
2264 2641 2417 2706 ἁγίου
2451 2639 2759 2708 Πνεύματος
2800 2639 2860 2689 τὸ
2888 2635 3264 2706 δευτεροῦσθαι
3289 2633 3384 2695 τὰς
3414 2632 3542 2702 παρ’

1976 2724 2196 2776 ἐκείνων
2221 2723 2426 2793 ὕϐρεις.
2455 2725 2689 2791 Ἀγομεν
2710 2723 2817 2791 γὰρ
2839 2720 3006 2782 αὐτὰς
3030 2722 3108 2782 είς
3135 2719 3317 2789 μέσον,
3343 2717 3435 2769 καὶ
3457 2716 3542 2768 λέ·

1975 2821 2162 2874 γομεν,
2190 2806 2248 2856 ού
2283 2805 2737 2872 συνδιατιθέμενοι
2766 2807 2832 2872 τῇ
2864 2801 3104 2871 ἀσεϐείᾳ,
3136 2800 3271 2852 ἀλλά
3291 2799 3385 2868 τήν
3411 2797 3542 2850 πλά-

1975 2906 2071 2957 νην
2093 2888 2240 2958 [521]
2274 2888 2692 2958 στηλιτεύοντες,
2715 2888 2806 2938 καὶ
2833 2886 2955 2948 τοὺς
2987 2883 3311 2954 συντρόφους
3331 2881 3427 2950 τῆς
3455 2881 3544 2932 εύ-

1977 2971 2188 3032 σεεείας
2218 2970 2326 3021 τῶν
2357 2969 2605 3040 πονηρῶν
2639 2969 2920 3038 δογμάτων
2951 2964 3399 3034 ἀποτειχίζοντες.
3434 2962 3543 3015 Kal

1973 3053 2078 3122 γὰρ
2108 3054 2154 3103 οἱ
2191 3051 2472 3103 ἀπόστολοι
2503 3050 2818 3116 ἀγαπῶντες
2846 3049 2936 3101 τὸν
2969 3050 3190 3116 Κύριον,
3217 3047 3309 3098 καὶ
3347 3046 3544 3107 [δόντες

1973 3133 2134 3186 αὑτοῦ
2182 3135 2280 3201 τήν
2323 3133 2497 3196 ἀξίαν,
2533 3133 2630 3183 οὑκ
2674 3132 2925 3200 ὤκνησαν
2963 3131 3181 3193 ἐντάξαι
3218 3132 3327 3191 τοῖς
3368 3128 3545 3195 ἀγίοις

1974 3213 2320 3280 Εύαγγελίοις
2354 3213 2451 3274 τὰς
2474 3213 2622 3280 παρά
2651 3212 2757 3263 τῶν
2796 3213 3058 3263 Ἰουδαίων
3091 3211 3297 3280 ὕϐρεις.
3335 3211 3543 3278 Γέγρα-

1976 3315 2106 3348 πται
2130 3296 2258 3361 γοῦν
2302 3297 2400 3346 ὅσα
2443 3297 2613 3347 εἰπεῖν
2657 3294 2958 3362 ἐτόλμησαν
2992 3294 3118 3362 περὶ
3161 3290 3416 3361 Χριστοῦ,
3451 3291 3543 3342 καὶ

1974 3377 2055 3428 ὅτι
2094 3377 2410 3446 ἁμαρτωλός
2445 3379 2578 3438 ἐστι,
2603 3377 2694 3427 καὶ
2730 3377 2810 3426 ὅτι
2839 3373 2932 3425 τοῦ
2967 3374 3100 3425 Θεοῦ
3129 3375 3227 3425 οὐκ
3259 3372 3392 3424 ἔστι.
3436 3371 3543 3424 Καὶ

1974 3461 2052 3521 είς
2088 3459 2370 3526 πρόσωπον
2404 3457 2566 3510 αὑτοῦ
2594 3457 2766 3524 λέγειν
2800 3458 2898 3508 οὐκ
2937 3457 3224 3524 ῶκνησαν·
3260 3454 3542 3522 Σαμαρεί-

1972 3559 2079 3605 της
2117 3539 2172 3593 εἶ
2194 3541 2296 3600 σὺ,
2324 3541 2419 3591 καὶ
2459 3541 2766 3607 δαιμόνιον
2803 3541 2978 3605 ἔχεις.
3027 3538 3185 3589 Ἀλλά
3223 3537 3282 3589 τὺ
3311 3539 3541 3606 γράμμα

1973 3621 2032 3672 οῦ
2068 3622 2175 3674 τῶν
2203 3621 2523 3689 γραψάντων
2555 3623 2862 3689 κατηγορεῖ,
2897 3618 3032 3670 ἀλλά
3074 3618 3183 3670 τῶν
3223 3618 3538 3686 βλασφημη»

1975 3705 2198 3756 σάντων.
2231 3705 2426 3754 Ἀκουε
2459 3701 2550 3754 τοῦ
2583 3703 2896 3769 Πνεύματος
2928 3702 3025 3768 τὴν
3050 3700 3348 3770 ἐνέργειαν,
3378 3701 3540 3752 ἄκουε

1970 3785 2078 3836 τῶν
2098 3785 2408 3837 ἀποστόλων
2440 3785 2537 3852 τήν
2570 3784 2901 3851 δοξολογίαν·
2936 3784 3134 3851 στοίχει
3163 3787 3281 3844 ταῖς
3324 3781 3543 3833 ἐκείνων

1971 3866 2354 3928 διδασκαλίαις,
2379 3867 2508 3918 ἕπου
2534 3869 2644 3927 τοῖς
2670 3866 2871 3935 βήμασι
2900 3865 3009 3917 τῶν
3037 3866 3204 3931 ἁγίων
3224 3881 3238 3896 ⁶
3268 3866 3341 3934 μὴ
3367 3863 3542 3916 πλάνα

1975 3949 2168 4000 σαυτὸν
2201 3953 2310 4011 τοῖς
2340 3951 2507 4017 ἴχνεσι
2535 3949 2642 4001 τῶν
2673 3950 2910 4018 βεϐήλων
2934 3967 2946 3980 υ
2981 3950 3022 3999 Τ
3031 3949 3184 4017 ριάδα
3228 3947 3542 4017 προσκύνει,

1974 4031 2177 4100 Τριάδα
2205 4029 2413 4093 δόξαζε,
2437 4031 2638 4099 Τριάδα
2670 4034 2922 4101 κήρυττε.
2954 4032 3108 4082 Οῦτω
3134 4030 3388 4101 φρονοῦσι
3411 4047 3544 4098 προ⁴

1975 4115 2161 4181 φῆται,
2193 4112 2332 4164 οὓτω
2358 4113 2713 4182 κηρύττουσιν
2735 4114 3038 4172 ἀπόστολοι,
3069 4113 3207 4164 οὕτω
3231 4111 3539 4163 πιστεύουσι

1976 4197 2268 4265 μάρτυρες.
2302 4197 2496 4248 ’Ἄκουε
2527 4196 2738 4247 Παύλου
2778 4197 2873 4264 τὴν
2904 4195 3105 4264 Τριάδα
3151 4193 3499 4262 κηρύττοντος
3522 4207 3542 4226 ι

1972 4277 2294 4344 Διαιρέσεις
2323 4276 2716 4344 χαρισμάτων,
2743 4278 2806 4328 τὸ
2833 4277 2899 4328 δὲ
2920 4277 3065 4329 αὐτὸ
3095 4276 3363 4342 Πνεῦμα·
3401 4274 3544 4326 διαι-

1964 4361 2167 4428 ρέσεις
2199 4359 2533 4421 διακονιῶν,
2561 4363 2592 4412 ό
2634 4359 2700 4410 δὲ
2730 4359 2909 4424 αὐτὸς
2944 4360 3156 4425 Κύριος
3177 4374 3190 4388 ⁸
3225 4358 3540 4424 διαιρέσεις

1970 4443 2399 4511 ἐνεργημάτων,
2430 4446 2462 4495 ό
2489 4442 2554 4494 δὲ
2577 4443 2757 4507 αὐτὸς
2791 4443 2932 4505 Θεὸς
2952 4441 3207 4508 ἐνεργῶν
3246 4439 3312 4492 τὰ
3345 4439 3543 4492 πάντα

1970 4527 2040 4576 ἐν
2072 4523 2240 4579 πᾶσι.
2271 4523 2425 4586 Τίνος
2454 4524 2637 4576 ἕνεκεν
2664 4527 2762 4576 οὐκ
2789 4525 2894 4577 ἀπὸ
2937 4525 3143 4594 Πατρὸς
3174 4523 3398 4592 ἄρχεται
3424 4538 3438 4585 ;
3476 4520 3539 4572 ού

1971 4610 2186 4678 πρῶτον
2220 4609 2423 4659 ἐκεῖνον
2445 4607 2722 4676 κηρύττει,
2755 4610 2844 4659 καὶ
2869 4610 2987 4659 τότε
3015 4607 3102 4658 τὸν
3135 4607 3280 4666 Υίὸν,
3305 4608 3397 4659 καὶ
3420 4606 3542 4674 μετ⁸

1970 4693 2130 4744 αύτδν
2178 4691 2236 4742 τὸ
2266 4692 2416 4757 ἆγιον
2459 4691 2716 4758 Πνεῦμας
2760 4690 3124 4751 Μεταὸάλλεις
3151 4690 3245 4758 τὴν
3290 4689 3461 4752 τάξιν,
3492 4681 3540 4737 ὦ

1972 4774 2182 4837 Παῦλε;
2229 4772 2682 4842 μεταρρυθμίζεις
2708 4773 2804 4840 τὴν
2837 4772 3150 4824 ἀκολουθίαν
3177 4788 3192 4835 ;
3219 4770 3322 4821 Τοῦ
3353 4769 3538 4838 Σωτῆ-

1973 4876 2063 4929 ρος
2091 4858 2548 4926 παραδεδωκότος,
2592 4857 2691 4910 Ἐν
2723 4857 2963 4921 ὀνόματι
3010 4855 3234 4921 Πατρὸς
3263 4855 3357 4907 καὶ
3405 4855 3536 4906 Υίοῡ

1972 4943 2067 4994 καὶ
2101 4942 2272 5009 ἁγίου
2301 4940 2660 5005 Πνεύματος,
2695 4941 2757 4990 σὺ
2788 4938 2930 4998 λύεις
2957 4940 3046 4990 τὸν
3073 4937 3268 5004 θεσμὸν
3303 4937 3400 5004 τῆς
3422 4935 3538 4988 θεο-

1970 5015 2154 5092 λογίας
2178 5043 2190 5090 ;
2237 5024 2396 5076 Ἀλλά
2421 5023 2527 5091 γὰρ
2562 5023 2634 5092 μὴ
2668 5024 2874 5089 γένοιτο
2899 5024 3042 5090 ἡμᾶς
3064 5039 3190 5073 ποτε
3214 5019 3386 5072 ταῦτα
3409 5037 3472 5072 πε
3485 5019 3536 5087 pl

1972 5106 2182 5159 Παύλου
2217 5106 2424 5173 νοῆσαι.
2479 5106 2536 5156 ὐ
2565 5105 2671 5174 γάρ
2705 5106 2852 5172 ᾶγιος
2877 5107 3077 5166 ἐκεῖνος
3107 5103 3198 5155 καλ⁸
3229 5102 3535 5170 θαυμαστὸς

1972 5188 2145 5259 κήρυξ
2195 5185 2332 5239 εἶδεν
2377 5187 2634 5256 ἀκριϐῶς,
2681 5188 2760 5239 ὅτι
2809 5188 2908 5240 κᾶν
2959 5186 3268 5254 Πνεύματος
3323 5183 3532 5253 πρῶτον

1975 5270 2207 5341 μνησθῇ,
2252 5270 2491 5338 ἄτρωτον
2527 5269 2782 5336 φυλάττει
2828 5269 2925 5338 τὴν
2969 5267 3265 5335 θεολογίαν,
3304 5267 3396 5318 καὶ
3437 5265 3534 5334 οὐχ

1973 5353 2178 5423 ὑϐρίζει
2200 5351 2296 5421 τήν
2322 5351 2623 5419 ἀσύγχυτον
2644 5351 2823 5418 φύσιν,
2854 5352 2949 5402 οὐκ
2983 5349 3266 5421 ἐμμερίξει
3286 5348 3379 5418 τήν
3401 5347 3535 5416 ἀμέ-

1973 5452 2152 5505 ριστον
2169 5433 2340 5496 ἀξίαν.
2367 5432 2677 5501 Πνεύματος
2709 5434 2982 5502 μέμνηται
3003 5433 3233 5502 πρῶτον,
3257 5432 3344 5483 ἵνα
3365 5431 3535 5500 δείξῃ,

1968 5519 2050 5570 ὃτι
2090 5519 2150 5568 τὸ
2180 5517 2479 5567 τελευταῖον
2517 5515 2821 5585 γράφεσθαι
2865 5517 2924 5567 τὸ
2969 5515 3210 5582 Πνεῦμα,
3245 5514 3306 5565 ού
3355 5512 3534 5565 τελευ-

1970 5601 2119 5650 ταῖον
2163 5599 2293 5651 αὐτὸ
2327 5599 2471 5648 ποιεῖ
2507 5598 2598 5649 καὶ
2640 5597 2882 5666 ἔσχατον.
2940 5597 3152 5665 Ἐπειδὴ
3190 5595 3298 5664 γὰρ
3339 5597 3534 5646 ἐκεῖνοι

1973 5679 2447 5750 παρερμηνεύουσι
2479 5680 2683 5741 κακῶς,
2707 5680 2766 5731 ού
2807 5679 3277 5749 συναριθμοῦντες,
3307 5675 3415 5729 ἀλλ’
3440 5675 3536 5726 ὑπο

1973 5763 2329 5834 ἀριθμοῦντες
2353 5763 2610 5833 τῴΠατρὶ
2623 5764 2710 5817 τὴν
2735 5765 2877 5831 Υἱὸν,
2901 5764 2991 5816 καὶ
3011 5761 3084 5834 τῷ
3101 5761 3217 5831 Υἱῴ
3240 5760 3298 5813 τὸ
3315 5757 3536 5828 Πνεῦμα
