4158 6488
670 450 733 503 τὸ
768 451 921 515 ἀγιον
963 446 1205 518 (Πρῶτος
1240 448 1367 519 γὰρ,
1401 448 1585 519 φησὶν,
1624 450 1653 501 6
1692 449 1901 520 Πατὴρ,
1950 447 2195 522 δεύτερος
2219 456 2248 507 ό

673 528 824 594 Υίδς,
861 529 1040 600 τρίτον
1077 528 1140 581 τὸ
1174 529 1395 599 Πνεῦμα
1432 530 1493 581 τὸ
1545 530 1721 597 ἅγιον,
1757 532 1817 583 ού
1852 532 1951 601 τὴν
1990 531 2249 585 εὔτακτον

669 611 773 679 τῆς
798 614 1051 678 γνώσεως
1091 612 1411 666 ἀκολουθίαν
1441 612 1685 676 νοοῦντες
1717 612 1819 680 τῆς
1865 615 2250 684 προσκυνητῆς

674 695 920 764 Τριάδος,
954 695 1088 747 ἀλλά
1117 696 1261 765 ψυχῇ
1292 696 1600 766 διαστρὸφῳ
1632 695 1870 765 ὑϐρίζειν
1911 695 2249 766 ἐπιχειροῦνο

674 793 763 839 τες
785 776 881 847 τὴν
899 778 994 845 τῆς
1023 778 1295 859 θεολργίας
1316 777 1709 848 καθαρότητα),
1735 779 1957 841 εἰκότως
1982 780 2010 831 6
2038 777 2249 842 Παῦλος

673 861 1016 930 ἀντιστρέφει
1048 862 1154 913 τῶν
1201 860 1479 929 ὀνομάτων
1506 862 1603 931 τὴν
1636 860 1807 925 τάξιν,
1848 862 1931 914 ἵνα
1970 862 2120 935 δείξῃ
2148 865 2249 933 τῆς

674 942 929 1008 ἀληθείας
968 944 1065 1011 τὴν
1114 943 1360 1012 δύναμιν,
1394 946 1488 995 καὶ
1530 943 1667 1015 λύσῃ
1708 943 1816 997 τῶν
1864 945 2115 1014 πονηρῶν
2148 947 2248 1016 τὴν

679 1024 964 1094 ὑπόληψιν.
1014 1025 1152 1077 Ἀλλ’
1183 1020 1318 1089 οἶδα,
1360 1026 1545 1093 φησὶν,
1584 1025 1666 1078 ὅτι
1711 1024 1803 1077 τοῦ
1841 1026 1939 1095 μὲν
1981 1026 2113 1079 Υίοῦ
2155 1028 2251 1079 καὶ

677 1107 771 1160 τοῦ
803 1107 1114 1176 Πνεύματος
1148 1106 1480 1169 ἐπιπολαίως
1507 1107 1929 1177 ἐμνημόνευσεν,
1963 1110 2056 1162 ἐπὶ
2074 1110 2131 1163 δὲ
2159 1110 2248 1163 τὸν

677 1190 894 1259 Πατέρα
925 1188 1113 1252 ἐλθὼν,
1149 1191 1227 1252 εἰς
1262 1188 1392 1258 ῦψος
1416 1189 1513 1258 τὴν
1549 1190 1823 1256 θεολογίαν
1856 1191 2083 1261 ἢγαγεν.
2125 1192 2249 1245 Ἐπὶ

676 1272 776 1338 μὲν
813 1272 921 1341 7&9
949 1270 1041 1323 τοῦ
1083 1271 1397 1340 Πνεύματος
1424 1268 1564 1331 εἷπε,
1597 1270 1671 1323 Τὸ
1697 1271 1765 1324 δὲ
1787 1272 1932 1325 αὑτό
1971 1272 2212 1341 Πνεῦμα
2231 1288 2245 1303 ·

677 1355 767 1406 ἐπὶ
790 1354 845 1407 δέ
866 1354 958 1407 τοῦ
991 1353 1137 1416 Υἰοῦ,
1172 1354 1223 1405 '0
1254 1353 1320 1406 δὲ
1341 1353 1522 1419 αὐτὸς
1544 1354 1789 1422 Κύριος·
1828 1355 1907 1416 εἰς
1930 1354 1986 1406 δὲ
2017 1355 2107 1406 τὸν
2136 1355 2247 1407 Πα-

672 1437 804 1504 τέρα
838 1436 1025 1499 ἐλθὼν,
1051 1434 1202 1487 εἶπεν
1220 1449 1233 1462 ·
1286 1436 1338 1485 '0
1377 1435 1633 1503 trsmxbr
1663 1438 1732 1489 τὰ
1761 1436 1957 1489 πάντα
1977 1435 2047 1488 ἐν
2075 1434 2244 1489 πᾶσι.

674 1522 739 1574 Τί
761 1518 889 1585 ούνς
921 1521 1070 1590 αύτῴ
1099 1521 1159 1573 τὸ
1194 1522 1367 1590 ῥῆμα,
1391 1521 1451 1574 τὸ
1485 1521 1727 1591 ἐνεργεῖν
1755 1522 1823 1575 τά
1851 1522 2026 1573 πάντα
2054 1523 2111 1572 ἐν
2142 1522 2245 1573 πᾶ·-

678 1619 783 1664 σιν,
832 1603 1115 1656 αύθεντίαν
1166 1602 1394 1672 μηνύεις
1442 1602 1569 1663 Ναὶ,
1623 1602 1775 1672 φησί.
1818 1604 1927 1655 Καὶ
1977 1601 2247 1672 ὑπεροχὴν

676 1685 1119 1754 ὑπερϐάλλουσαν
1171 1684 1464 1755 κηρύττεις
1510 1686 1637 1747 Ναὶ,
1684 1685 1833 1755 φησι.
1885 1684 2115 1754 Δέχομαι
2154 1700 2246 1736 σου

674 1768 771 1830 τὰς
797 1766 1103 1835 ὁμολογίας,
1140 1770 1233 1820 ἐὰν
1256 1767 1498 1839 ἐμμένῃς
1527 1768 1644 1829 ταῖς
1675 1766 1988 1836 συνθήκαις.
2020 1766 2248 1836 Ἰδωμεν

673 1850 852 1902 τοίνυν
870 1850 921 1901 τί
959 1849 1284 1919 σαφέστερον
1318 1850 1375 1902 τὸ
1408 1848 1599 1912 σκεῦος
1618 1850 1716 1917 τῆς
1746 1849 1994 1920 ἐκλογῆς,
2024 1850 2052 1901 6
2076 1850 2247 1901 Πνεύ-

677 1950 805 2001 ματι
859 1931 1268 2003 κυϐερνώμενος
1288 1931 1448 2000 ἁγίῳ,
1472 1949 1535 1982 πε
1547 1932 1598 1999 ρὶ
1621 1932 1788 2001 αὐτῆς
1822 1931 2128 1985 ὑποτίθεται
2149 1931 2246 2000 τῆς

674 2016 972 2084 ζητήσεως.
1048 2013 1314 2077 Ἐκιὶστῳ
1376 2014 1602 2067 δίδοται
1658 2016 1695 2082 ὴ
1750 2014 2085 2083 φανέρωσις
2141 2013 2247 2068 τοῦ

672 2099 1015 2164 Πνεύματος
1046 2097 1192 2165 πρὸς
1220 2096 1369 2168 [522]
1418 2098 1482 2150 τὸ
1510 2096 1839 2166 συμφέρον.
1887 2097 1968 2162 Τῴ
1991 2097 2109 2166 μὲν
2139 2097 2247 2166 γιίιρ

671 2176 898 2230 δίδοται
916 2180 1095 2247 λόγος
1119 2182 1337 2246 σοφίας
1357 2180 1505 2231 κατὰ
1529 2178 1592 2230 τὸ
1615 2177 1760 2231 αὐτὸ
1783 2179 2049 2245 Πνεῦμα·
2071 2178 2248 2246 ἑτέρῳ

672 2259 740 2311 δὲ
778 2261 955 2329 λόγος
990 2260 1264 2328 γνώσεως
1290 2261 1358 2312 ἐν
1393 2258 1553 2324 αὐτῷ
1592 2258 1671 2325 τῷ
1698 2261 1989 2328 Πνεύματι
2012 2275 2025 2288 ·
2070 2259 2247 2328 ἑτέρῳ

671 2344 741 2397 δὲ
794 2348 1129 2415 χαρίσματα
1179 2346 1434 2416 ἰαμάτων
1474 2352 1623 2399 κατὰ
1668 2345 1735 2399 τὸ
1785 2345 1930 2400 αὐτὸ
1970 2344 2239 2414 Πνεῦμα·

671 2428 849 2493 ἑτέρῳ
895 2430 1246 2497 προφητεία·
1286 2430 1451 2495 ἄλλῳ
1488 2429 1555 2481 δὲ
1592 2429 1871 2497 ἑρμηνεία
1917 2428 2241 2498 γλωσσῶν·

671 2508 840 2575 ἄλλῳ
860 2511 1060 2576 πίστις
1086 2528 1100 2540 ·
1128 2512 1294 2573 ἡλλῳ
1330 2512 1685 2579 χαρίσματα.
1722 2510 1913 2565 Ταῦτα
1932 2510 1999 2564 δὲ
2027 2512 2241 2566 πάντα·

673 2591 902 2662 πρόσεχε
942 2594 1203 2663 ἀκριϐῶς,
1238 2594 1398 2663 βλέπε
1445 2594 1640 2659 λέξεως
1685 2596 1999 2663 συμφωνίαν
2021 2598 2116 2648 καὶ
2152 2595 2243 2648 δυ·

672 2674 907 2742 νάμεως.
946 2676 1004 2728 Ὀ
1031 2675 1117 2728 διὰ
1159 2677 1263 2729 τῶν
1306 2676 1532 2745 πρώτων
1576 2676 1832 2747 εἰρηκὼς,
1872 2678 1933 2729 Ὀ
1970 2677 2037 2729 δὲ
2066 2678 2246 2744 αὐτὸς

673 2755 815 2819 Θεὸς
847 2759 880 2810 ό
906 2755 1160 2824 ἐνεργῶν
1190 2760 1260 2810 τὰ
1290 2758 1483 2811 πάντα
1514 2760 1584 2811 ἐν
1628 2758 1836 2825 πᾶσιν,
1872 2760 2039 2812 ἐλθὼν
2071 2763 2150 2824 εἰς
2183 2761 2243 2813 τὸ

671 2836 893 2907 Πνεῦμα
947 2839 1150 2909 ταύτην
1193 2844 1554 2911 ἐπιμαρτυρεῖ
1585 2842 1663 2911 τῷ
1704 2844 1978 2913 Πνεύματι
2015 2843 2116 2913 τὴν
2152 2844 2245 2897 δύ-

670 2936 833 2991 ναμιν
857 2940 868 2952 ·
916 2923 1101 2977 Ταῦτα
1132 2923 1198 2975 δὲ
1234 2924 1446 2988 πάντα,
1482 2926 1665 2993 φησὶν,
1704 2926 1934 2995 ἐνεργεῖ
1961 2927 2027 2980 τὸ
2055 2926 2125 2980 ἐν
2147 2928 2243 2981 καί

670 3006 737 3057 τὸ
767 3005 911 3057 αὐτὸ
950 3006 1209 3074 Πνεῦμα,
1266 3005 1531 3071 διαιροῦν
1583 3007 1700 3074 ἰδία
1746 3010 2002 3074 ἑκάστῳ,
2053 3010 2246 3074 καθὼς

666 3088 974 3150 βούλεται.
1028 3088 1211 3150 Οὕτως
1241 3090 1301 3140 ού
1345 3089 1589 3158 λύεταιὴ
1631 3092 1863 3160 ἁρμονία
1896 3095 1993 3161 τῆς
2037 3092 2245 3156 δοξολο-

670 3170 814 3235 γίας.
838 3171 964 3222 ὅταν
980 3188 1029 3222 τι
1051 3171 1158 3223 τῶν
1179 3172 1457 3239 ὀνομάτων
1478 3171 1576 3238 τῆς
1598 3172 1755 3239 ἁγίας
1775 3174 2023 3243 Τριάδος,
2047 3177 2079 3246 ἢ
2105 3176 2247 3246 πρῶ,

670 3270 781 3311 τον,
818 3253 850 3321 ἢ
893 3253 1162 3323 δεύτερον,
1195 3254 1227 3323 ἥ
1272 3255 1451 3324 τρίτον
1489 3253 1719 3323 τίθηται.
1758 3258 1831 3309 Τὸ
1859 3258 1965 3325 7&9
2009 3259 2242 3328 πρῶτον,

672 3337 765 3388 καὶ
788 3335 1036 3406 δεύτερον
1072 3338 1163 3389 καὶ
1194 3337 1395 3406 τρίτον,
1430 3338 1489 3389 ού
1525 3338 1737 3406 φύσεως
1782 3341 2032 3409 ἐμφαίνει
2060 3342 2245 3411 διαφο-

677 3420 795 3489 ρὰν,
829 3418 965 3471 ἀλλά
991 3419 1266 3487 θεολογίας
1305 3420 1421 3473 ὁδὸν
1464 3420 1785 3490 ἀσύγχυτον.
1821 3423 1987 3476 Πάλιν
2020 3426 2048 3476 6
2085 3425 2246 3489 αὐτὸς

671 3500 983 3564 ἀπόστολος,
1009 3502 1095 3554 ἶνα
1117 3502 1264 3571 δείξῃ
1305 3504 1576 3572 πανταχοῦ
1606 3505 1911 3575 ἀδιαγόρως
1939 3507 2128 3558 ἐαυτὸν
2159 3525 2244 3559 κε-

671 3584 943 3652 χρημένον
974 3585 1094 3644 ταῖς
1134 3583 1239 3633 τῶν
1282 3583 1557 3652 ὀνομάτων
1586 3585 1823 3647 τάξεσιν,
1875 3586 2149 3649 εὐτάκτοις
2186 3588 2242 3640 δὲ

671 3664 765 3716 καὶ
797 3664 1052 3731 ἀσφαλῶς
1093 3664 1385 3735 προσιόντα
1430 3664 1508 3735 τῷ
1543 3666 1671 3735 θείῳ
1722 3666 2053 3736 κηρύγματι,
2096 3669 2242 3736 λέγει

670 3745 909 3797 Θεσσαλο
1008 3745 1117 3797 ἶῦσι
1157 3746 1381 3816 γράφων
1402 3760 1414 3773 ⁸
1446 3750 1637 3813 At)th
1670 3748 1733 3799 δὲ
1771 3752 1801 3801 ό
1828 3751 2041 3815 Κύριος
2077 3750 2243 3818 ήμῶν

682 3826 919 3892 Ἰησοῦς
952 3826 1224 3894 Χριστὸς,
1256 3828 1351 3881 καὶ
1393 3828 1537 3894 Θεὸς
1577 3832 1609 3883 ό
1631 3829 1833 3897 Πατὴρ
1865 3831 2050 3898 ήμῶν.
2084 3834 2242 3902 Πρῶ-

668 3928 777 3973 τον,
823 3912 1019 3969 Παῦλε.
1068 3911 1157 3963 τὸν
1196 3912 1307 3965 Ti“
1330 3955 1344 3978 ,
1387 3914 1480 3965 καὶ
1513 3914 1632 3966 τότε
1665 3914 1753 3966 τὸν
1797 3916 2014 3984 Πατέρα
2043 3917 2241 3985 κηρύτ-

668 4011 817 4060 τεις;
848 3996 920 4047 Τὸ
943 3994 1050 4065 γὰρ
1074 3994 1309 4064 πρῶτον.
1335 3997 1519 4065 φησὶν,
1548 3999 1627 4059 είς
1648 3997 1796 4060 τάξιν
1824 3997 2073 4062 ἐξέϐαλες
2094 4016 2106 4029 ·
2133 4000 2242 4067 ἐγὼ

670 4078 884 4147 πρῶτον
905 4078 999 4130 καὶ
1027 4076 1274 4147 δεύτερον
1305 4080 1398 4130 ἐάν
1430 4079 1587 4139 είπω,
1624 4079 1718 4149 τὴν
1749 4079 1908 4147 φύσιν
1949 4082 2241 4151 ἀμέριστον

669 4160 1034 4228 ὑπολαμϐάνω
1050 4176 1063 4191 ·
1097 4160 1294 4229 μᾶλλον
1319 4160 1373 4213 δέ
1395 4161 1491 4229 οὐχ
1522 4162 1906 4229 ὑπολαμϐάνω,
1929 4163 2042 4215 αλλ’
2067 4166 2241 4233 ἀσφα-

668 4241 772 4303 λῶς
798 4240 1070 4310 κηρύττω.
1107 4243 1196 4311 Μὴ
1232 4242 1408 4296 τοίνυν
1438 4243 1623 4313 ῦϐριζε
1657 4246 1723 4296 τὰ
1758 4244 1874 4295 θεία
1902 4244 2076 4312 λόγια,
2108 4247 2241 4315 μηδὲ

670 4323 993 4390 συκοφάντει
1030 4323 1099 4374 τά
1145 4325 1369 4393 οὐράνια
1407 4324 1672 4393 δόγματα.
1720 4326 2007 4394 Εὑρίσκεις
2055 4329 2239 4381 εἰκόνα

666 4405 920 4475 τοιαύτην
964 4406 1056 4457 καὶ
1107 4405 1163 4456 ἐν
1209 4409 1274 4474 τῇ
1320 4406 1548 4473 Παλαιᾷ.
1584 4407 1793 4475 Ὠσπερ
1844 4407 1951 4477 7&9
2005 4408 2237 4461 ἐνταῦθα

670 4488 878 4552 Παῦλος
907 4487 1208 4558 ἀρξάμενος
1237 4488 1344 4541 ἀπὸ
1370 4488 1463 4540 τοῦ
1492 4484 1824 4557 Πνεύματος,
1856 4484 2017 4559 ἦλθεν
2041 4494 2121 4553 εἰς
2146 4491 2237 4543 τὸν

670 4572 816 4635 Υἱὸν,
849 4572 943 4624 καὶ
973 4570 1081 4623 ἀπὸ
1104 4570 1195 4623 τοῦ
1228 4570 1357 4623 Υἱοῦ
1390 4572 1547 4625 πάλιν
1574 4574 1651 4635 εἰς
1674 4572 1763 4623 τὸν
1797 4574 2034 4643 Πατέρα,
2069 4576 2159 4627 καὶ
2179 4576 2238 4629 τὸ

667 4655 846 4725 τρίτον
877 4657 942 4724 τῇ
992 4653 1141 4718 τάξει
1175 4654 1283 4707 τῶν
1316 4654 1592 4723 ὀνομάτων
1644 4655 1861 4725 ἐποίησε
1902 4657 2135 4725 πρῶτον,
2175 4661 2235 4713 ού

666 4738 767 4808 τὴν
794 4736 885 4789 τοῦ
909 4737 1258 4807 κηρύγματος
1279 4737 1430 4801 τάξιν
1458 4736 1799 4807 μεταϐαλὼν,
1822 4738 1955 4790 ἀλλά
1978 4741 2075 4809 τὴν
2096 4742 2239 4795 ἀδιά-

668 4836 834 4890 φορον
858 4820 956 4889 τῆς
1000 4818 1273 4886 θεολογίας
1315 4820 1513 4887 γνῶσιν
1550 4822 1855 4887 ἐμφαίνων·
1894 4820 2036 4873 οὕτω
2065 4823 2157 4875 καὶ
2181 4826 2237 4876 ἐν

665 4906 732 4973 τῇ
768 4902 978 4971 Παλαιᾷ
1012 4901 1104 4955 τὸν
1141 4902 1301 4953 αὑτὸν
1335 4900 1500 4953 τύπον
1539 4902 1808 4971 εὑρήσεις,
1841 4902 2029 4973 ὥσπερ
2070 4905 2126 4955 ἐν
2158 4907 2235 4957 εί-

668 4985 803 5044 κόνι,
838 4984 1248 5053 προλάμποντα.
1273 4984 1365 5046 Τίς
1393 4984 1492 5036 οὐκ
1518 4979 1655 5036 οἶδεν
1683 4985 1857 5055 ἡμῶν,
1889 4985 2125 5053 ἀδελφοὶ.
2155 4988 2234 5040 ὃτι

665 5066 755 5118 τὸν
806 5066 1053 5136 Ἀϐραὰμ
1100 5068 1312 5137 πρῶτον
1351 5082 1531 5119 ταττει
1577 5068 1608 5134 ή
1659 5068 1869 5137 Γραφὴ,
1904 5069 2151 5139 δεύτερον
2179 5071 2235 5124 δέ

665 5148 757 5199 τὸν
796 5148 998 5211 Ίσαάκ,
1030 5149 1121 5200 καὶ
1140 5149 1321 5218 τρίτον
1345 5149 1434 5201 τὸν
1469 5148 1691 5209 ’ἰακὼϐ;
1734 5150 1874 5216 Ἐγὼ
1898 5152 2005 5220 γάρ
2033 5156 2065 5204 ὁ
2093 5153 2235 5217 Θεὸς

679 5232 939 5299 Ἀϐρααμ,
965 5231 1059 5283 καὶ
1096 5233 1127 5283 d
1154 5231 1296 5296 Θεὸς
1341 5232 1568 5296 Ἰσαὰκ,
1608 5231 1703 5284 καὶ
1744 5234 1776 5284 ὀ
1819 5233 1961 5298 Θεὸς
2011 5233 2229 5287 Ἰακώϐ.

667 5312 772 5367 Καὶ
804 5315 1026 5377 εἰκότως
1063 5316 1095 5376 ἠ
1128 5314 1316 5383 Γραφὴ
1364 5316 1618 5384 κηρύττει
1663 5314 1875 5386 πρῶτον
1916 5317 2005 5370 τὸν
2041 5320 2232 5388 γεννή-

668 5413 851 5456 σαντα.
884 5392 1001 5449 εἶτα
1042 5397 1132 5449 τὸν
1176 5395 1517 5465 γεννηθέντα,
1553 5398 1741 5449 ἔπειτα
1776 5398 1863 5449 τὸν
1902 5400 1961 5463 ἐξ
2001 5402 2229 5453 ἐκείνου.

679 5480 815 5533 Ἀλλ’
840 5482 1011 5532 ἐπειῖ·
1060 5484 1085 5550 ἡ
1124 5480 1281 5548 φύσις
1317 5476 1382 5547 ἦν
1421 5480 1734 5551 ἀμέριστος,
1763 5482 1809 5531 εἰ
1841 5483 1932 5534 καὶ
1972 5485 2082 5544 τοῖς
2108 5484 2231 5553 χρό-

664 5581 775 5627 νοις
817 5563 1121 5633 διετέμνετο
1164 5565 1249 5617 διὰ
1289 5564 1386 5632 τὴν
1431 5564 1766 5627 ἀκολουθίαν,
1793 5566 1891 5617 ούκ
1924 5566 2163 5637 ῶκνησεν
2201 5569 2230 5620 6

664 5646 797 5708 Θεὸς
829 5646 1148 5717 μεταϐαλεῖν
1191 5648 1289 5717 τὴν
1330 5645 1500 5710 τάξιν,
1531 5647 1615 5699 ἴνα
1650 5648 1745 5717 τὴν
1778 5649 2062 5717 ὁμολογίαν
2098 5650 2230 5703 ἀναν

664 5728 831 5800 δείξῃ.
864 5730 1023 5800 Λέγει
1058 5730 1164 5803 γάρ
1195 5734 1252 5785 ἐν
1289 5728 1366 5802 τῷ
1395 5729 1661 5801 Λευῖτικῷ
1688 5730 1849 5799 (λέγω
1877 5731 1982 5802 γὰρ
2012 5732 2105 5786 καὶ
2138 5733 2226 5786 τὸν

2114 339 2481 398 SEVEBIANI

2350 455 2535 517 τόπον,
2563 452 2649 509 τνα
2678 452 2752 525 μὴ
2774 452 3187 523 συκοφαντήσῃς
3206 451 3275 505 τά
3313 450 3606 522 λεγόμενα)
3628 466 3640 480 ·
3682 451 3820 505 ἐαν
3851 454 3924 505 δά

2350 535 2693 604 ἁμάρτωσιν
2710 538 2765 590 οί
2792 536 2908 592 υίοί
2944 535 3203 603 Ἰσραὴλ,
3235 532 3565 602 παραδώσω
3596 533 3815 599 αὐτοὺς
3835 537 3923 599 εἰς

2349 619 2525 685 ἔθνος
2555 620 2897 688 ἀλλότριον,
2926 619 3025 672 καὶ
3064 619 3457 686 πορεύσονται
3507 616 3651 679 ἐκεῖ,
3682 616 3779 670 καί
3814 621 3923 672 λα-

2350 703 2672 768 τρεύσουσι
2702 701 2857 768 θεοῖς
2881 700 3118 769 ἑτέροις.
3154 702 3198 753 Π
3206 698 3489 771 ρομηνύων
3513 698 3611 769 τὴν
3639 699 3717 761 εἰς
3750 698 3923 751 Βαϐυ-

2350 782 2496 835 λῶνα
2519 784 2893 854 αἰχμαλωσίαν
2918 783 3071 853 φησί·
3103 783 3212 836 Kal
3242 782 3637 849 πορεύσονται
3657 780 3798 842 ἐκεῖ,
3821 781 3918 834 καί

2348 868 2752 933 λατρεύσουσι
2786 865 2942 931 θεοῖς
2974 864 3215 933 ἑτέροις.
3273 865 3409 917 Τότε
3452 862 3921 931 αἰσχυνθήσεται

2351 948 2389 1015 ἠ
2422 949 2634 1016 καρδία
2656 949 2855 1003 αὐτῶν
2876 950 2915 1017 ἡ
2951 948 3345 1015 ἀπερίτμητος
3368 962 3381 976 ·
3405 945 3498 999 καὶ
3528 944 3666 1015 μετά
3694 944 3917 1015 βραχέα,

2352 1031 2461 1083 Kal
2493 1030 2924 1099 μνησθήσομαι
2950 1029 3062 1096 τῆς
3100 1028 3390 1095 διαθήκης
3433 1026 3647 1083 Ἰακὼϐ.
3676 1027 3775 1080 καὶ
3814 1025 3921 1094 τῆς

2349 1113 2640 1179 διαθήκης
2680 1114 2902 1179 Ἰσαὰκ,
2927 1112 3025 1166 καί
3055 1110 3165 1179 τῆς
3192 1108 3480 1176 διαθήκης
3519 1108 3792 1177 Ἁϐραάμ.

2418 1194 2486 1257 ζ’.
2518 1194 2961 1265 Ἐπαναληψομαι
2982 1192 3042 1246 τδ
3066 1192 3215 1263 ῥῆμα
3232 1208 3246 1223 ·
3281 1192 3309 1243 6
3340 1191 3448 1260 7&9
3474 1191 3665 1262 κρότος
3688 1191 3919 1261 ἐκάλυψε

2348 1277 2445 1347 τὴν
2477 1276 2746 1331 ὑπόθεσιν.
2788 1276 2956 1336 Ἐκεῖ,
2994 1276 3177 1345 φησὶν,
3202 1273 3674 1341 αἰσχυνθήσεται
3707 1274 3744 1339 ή
3778 1290 3918 1341 καρ-

2348 1359 2447 1413 δία
2473 1358 2671 1414 αύτῶν
2694 1361 2731 1425 ἠ
2758 1360 3171 1427 ἀπερίτμητος,
3199 1357 3297 1409 καί
3321 1356 3754 1425 ἐπιστρέφουσι
3773 1358 3922 1423 πρός

2342 1459 2440 1510 με,
2476 1441 2572 1495 καί
2621 1441 2860 1510 ἰάσομαι
2893 1441 3133 1505 αὐτούς.
3174 1438 3398 1493 Οὐδέπω
3438 1438 3654 1509 ἀπειλὴ,
3696 1439 3789 1491 καὶ
3824 1440 3921 1508 τὴν

2349 1525 2694 1594 καταλλαγὴν
2716 1524 3107 1592 ἐπαγγέλλεται
3133 1540 3145 1553 ·
3175 1518 3325 1593 [523]
3353 1520 3460 1574 Kal
3480 1520 3682 1585 ἀνάξω
3701 1522 3921 1585 αὐτοὺς

2348 1609 2435 1671 είς
2460 1607 2572 1672 τὴν
2599 1606 2715 1675 γῆν
2745 1605 2859 1659 τῶν
2900 1604 3168 1672 πατέρων
3194 1603 3412 1670 αὐτῶν,
3442 1605 3537 1657 καί
3566 1604 3920 1673 μνησθήσο-

2343 1705 2447 1757 μαι
2462 1686 2571 1753 τῆς
2586 1686 2871 1754 διαθήκης
2902 1686 3123 1747 Ἰακὼϐ,
3144 1686 3239 1738 καί
3260 1684 3369 1752 τῆς
3385 1685 3671 1753 διαθήκης
3703 1685 3916 1747 Ἰσαὰκ,

2348 1771 2445 1824 καί
2482 1770 2591 1836 τῆς
2622 1771 2911 1837 διαθήκης
2947 1769 3217 1837 Ἀϐραάμ.
3261 1769 3425 1839 ὐρᾷς
3453 1769 3566 1831 πῶς
3600 1768 3919 1838 μεταϐάλλει

2347 1853 2444 1923 τὴν
2467 1853 2637 1916 τάξιν.
2674 1854 2759 1905 ἵνα
2789 1852 2936 1922 δείξῃ
2970 1851 3068 1921 τὴν
3098 1850 3416 1921 όμοτιμίαν;
3448 1850 3523 1903 Ού
3561 1850 3672 1919 7&9
3703 1850 3922 1920 πρῶτον

2348 1934 2568 2003 ἐποίησε
2600 1934 2689 1985 τὸν
2735 1932 2925 1986 Ἰακὼϐ
2954 1935 3066 1996 τοῖς
3098 1932 3327 2000 χρόνοις,
3355 1931 3493 1984 ἀλλὰ
3528 1934 3594 2001 τῇ
3630 1930 3921 2002 ἀδιαφορία

2349 2018 2743 2087 κατεχρήσατο,
2771 2017 2857 2068 ’ίνα
2885 2015 3032 2085 δείξῃ
3064 2030 3162 2086 τῇ)
3189 2016 3495 2085 όμοτιμίαν.
3542 2014 3681 2067 Ἀλλ’
3702 2014 3795 2066 ἐπὶ
3822 2016 3918 2083 μὲν

2346 2101 2454 2151 τῶν
2488 2099 2838 2169 πατριαρχῶν
2887 2099 3077 2167 χρόνος
3126 2096 3338 2168 μερίζει
3376 2098 3502 2159 τοὺς
3540 2097 3786 2165 καρποὺς
3812 2097 3920 2149 ἀπὸ

2345 2183 2445 2250 τῆς
2483 2184 2635 2252 ῥίζης
2657 2200 2669 2211 ·
2702 2182 2869 2251 θνητὴ
2899 2183 3006 2252 γὰρ
3036 2184 3068 2252 ἡ
3112 2181 3272 2249 φύσις
3313 2180 3406 2234 καὶ⁸
3439 2180 3545 2232 τῶν
3574 2178 3787 2247 φύντων
3825 2179 3919 2231 καὶ

2346 2265 2452 2316 τῶν
2488 2265 2889 2333 γεγεννηκότων
2906 2281 2920 2294 ·
2945 2265 3041 2333 τῆς
3077 2266 3132 2317 δὲ
3154 2264 3312 2331 ἁγίας
3338 2264 3431 2315 καὶ
3453 2262 3721 2315 ἀθανάτου
3750 2278 3919 2331 προσ-

2348 2347 2581 2415 κυνητῆς
2617 2348 2658 2398 Τ
2664 2347 2843 2417 ριάδος
2873 2346 2971 2416 τὴν
3014 2346 3173 2414 φύσιν
3199 2346 3259 2397 ού
3294 2346 3478 2415 τέμνει
3522 2344 3693 2411 λόγος.
3726 2342 3787 2394 οὕ
3819 2360 3917 2413 με·

2349 2428 2486 2500 ρίζει
2517 2430 2723 2500 χρόνος,
2756 2432 2814 2481 οῦ
2846 2429 3115 2482 διιστῶσιν
3140 2428 3331 2490 αἰῶνες
3353 2444 3366 2457 ·
3400 2427 3549 2479 οὐδὲν
3576 2425 3685 2496 γὰρ
3714 2426 3917 2495 μεταξὺ

2349 2514 2555 2583 Πατρὸς
2584 2515 2673 2565 καὶ
2714 2513 2842 2565 Υίοῦ
2872 2514 2964 2565 καὶ
2993 2512 3145 2579 ἁγίου
3175 2510 3505 2581 Πνεύματος.
3544 2509 3779 2579 Ποιητὴς
3810 2509 3918 2561 τῶν

2346 2596 2553 2648 αἰώνων
2583 2599 2611 2649 6
2642 2598 2966 2666 Μονογενής.
3004 2597 3199 2648 Ἀκουε
3239 2592 3332 2646 τοῦ
3361 2593 3504 2645 θείου
3539 2593 3633 2645 καὶ
3672 2593 3916 2659 γενναίου

2347 2682 2581 2749 κήρυκος
2608 2674 2709 2732 ὧδέ
2751 2697 2801 2731 τι
2836 2680 2962 2748 περὶ
2992 2679 3087 2732 τοῦ
3126 2678 3338 2749 Πατρδς
3380 2676 3690 2747 εἰρηκότος·
3726 2679 3919 2729 Πολυ-

2342 2760 2534 2830 μερῶς
2572 2763 2666 2815 καὶ
2730 2763 3120 2828 πολυτρόπως
3156 2759 3341 2813 παλαι
3385 2763 3417 2813 o'
3450 2759 3592 2824 Θεὸς
3639 2758 3919 2823 λαλήσας

2346 2842 2469 2907 τοῖς
2515 2842 2810 2910 πατράσιν
2855 2843 2924 2895 ἐν
2972 2842 3093 2908 τοῖς
3137 2842 3484 2911 προφήταις,
3528 2842 3618 2893 ἐπ’
3646 2840 3918 2907 ἐσχάτων

2346 2925 2463 2980 τῶν
2495 2926 2728 2995 ἡμερῶν
2777 2928 3000 2980 τούτων
3043 2924 3347 2991 ἐλάλησεν
3390 2923 3533 2992 ἡμῖν
3558 2924 3627 2975 ἐν
3673 2921 3803 2986 Υίῷ,
3845 2921 3919 2975 ὃν

2346 3009 2521 3075 ἔθηκε
2543 3011 2921 3075 κληρονόμον
2938 3006 3197 3071 πάντων,
3225 3006 3299 3058 δι’
3322 3002 3392 3060 οὗ
3422 3005 3520 3057 καί
3542 3005 3680 3070 τοὺς
3700 3002 3920 3069 αἰῶνας

2345 3092 2648 3156 ἐποίησεν.
2676 3090 2842 3142 Οὐδὲν
2870 3090 3047 3141 τοίνυν
3075 3088 3273 3157 μεταξὺ
3299 3087 3509 3158 [ἰατρὸς
3540 3088 3635 3140 καὶ
3668 3085 3796 3139 Υίοῦ
3824 3088 3919 3139 καὶ

2344 3173 2498 3239 ἀγίου
2534 3173 2875 3241 Πνεύματος·
2906 3169 3078 3233 οὐδεὶς
3118 3173 3306 3239 χρόνος
3334 3169 3366 3237 ἢ
3397 3169 3668 3238 διάστημα
3700 3169 3913 3238 χρόνου.

2344 3256 2457 3324 Πρὸ
2485 3255 2591 3307 τῶν
2616 3254 2825 3307 αἰώνων
2852 3254 3059 3323 Πατὴρ,
3098 3253 3203 3322 πρὸ
3240 3252 3345 3304 τῶν
3380 3250 3589 3305 αἰώνων
3629 3252 3754 3314 Υἱός
3774 3269 3786 3280 ·
3818 3253 3917 3303 αύο

2343 3338 2432 3401 τὸς
2457 3338 2565 3407 γὰρ
2611 3337 2831 3406 ἐποίησε
2863 3338 2988 3399 τοὺς
3041 3335 3277 3399 αἰῶνας·
3308 3335 3413 3405 πρὸ
3455 3335 3560 3387 τῶν
3598 3333 3807 3385 αἰώνων
3853 3334 3917 3386 τὸ

2346 3422 2496 3487 ἆγιον
2532 3418 2776 3487 Πνεῦμα.
2823 3418 3068 3486 Ούδαμοῦ
3117 3418 3418 3486 σχίζεταιή
3454 3416 3634 3484 φύσις,
3677 3415 3912 3485 οὐδαμοῦ

2347 3502 2621 3571 μερίζεται
2653 3501 2950 3569 ὴδύναμις.
2996 3500 3232 3569 Πρόσεχε
3266 3497 3540 3567 ἀκριϐῶς·
3572 3497 3842 3566 βασιλεύει
3883 3502 3915 3552 6

2344 3584 2551 3653 Πατὴρ,
2609 3582 2875 3651 βασιλεύει
2911 3584 2939 3633 6
2993 3582 3139 3645 Υἱὸς,
3178 3580 3449 3651 βασιλεύει
3484 3581 3542 3632 τὸ
3586 3579 3808 3649 Πνεῦμα
3852 3581 3915 3633 τὺ

2344 3666 2515 3733 ἅγιον.
2547 3663 2673 3717 Οἶδα
2694 3665 2866 3737 ταύτῃ
2892 3666 3231 3734 χρησάμενος
3256 3668 3321 3735 τῇ
3354 3663 3652 3727 ἀποδείξει·
3686 3663 3824 3715 ἀλλά
3848 3663 3917 3717 τὰ

2344 3749 2479 3802 αύτᾶ
2507 3748 2705 3815 λέγειν,
2724 3748 2881 3815 Ἐμοὶ
2908 3747 3019 3809 μὲν
3038 3749 3147 3801 οὐκ
3173 3746 3447 3813 ὀκνηρὸν,
3470 3746 3612 3815 ὑμῖν
3630 3744 3698 3798 δὲ
3722 3746 3918 3814 ἀσφα-

2342 3830 2469 3895 λές.
2495 3830 2771 3883 Βασιλεύει
2798 3830 3002 3898 Πατὴρ,
3048 3828 3188 3881 κατὰ
3215 3830 3294 3889 τὸ,
3340 3830 3391 3881 '0
3428 3828 3570 3893 Θεὸς
3602 3827 3769 3895 ήμῶν
3793 3828 3916 3891 ,ϐα-

2343 3913 2553 3977 σιλεὺς
2581 3915 2661 3975 εἰς
2702 3914 2796 3965 ’ὸν
2835 3910 3034 3965 αἰῶνα.
3068 3911 3344 3963 Βασιλεύει
3391 3911 3547 3973 Υἰός·
3577 3908 3757 3963 Δώσει
3804 3911 3917 3981 γάρ

2342 3995 2500 4059 αὐτῷ
2528 3998 2736 4062 Κύριος
2760 3996 2868 4047 τὸν
2891 3998 3106 4060 θρόνον
3126 3993 3305 4046 Δαυῒδ
3329 3993 3432 4047 τοῦ
3456 3994 3677 4060 πατρὸς
3704 3993 3912 4056 αὐτοῦ,

2342 4077 2439 4129 καί
2470 4079 2830 4141 ,βασιλεύσει
2881 4076 2979 4129 ἐπὶ
3034 4076 3139 4128 τὸν
3185 4071 3353 4128 οἶκον
3394 4074 3592 4128 Ἰακὼϐ
3634 4076 3719 4140 εἰς
3771 4075 3917 4139 τοὺς

2340 4160 2576 4227 αἰῶνας.
2632 4158 2910 4212 Βασιλεύει
2938 4159 2997 4211 τὸ
3029 4157 3251 4227 Πνεῦμα
3276 4158 3337 4210 τὸ
3384 4159 3535 4224 ἆγιον
3559 4174 3572 4189 ·
3604 4159 3633 4209 6
3672 4158 3769 4226 μὲν
3802 4158 3915 4229 γὰρ

2351 4244 2574 4306 Ἡσαΐας
2620 4237 2775 4294 εἰπε·
2824 4242 2933 4295 Kal
2966 4240 3073 4293 τὸν
3113 4237 3376 4303 βασιλέα
3420 4239 3639 4306 Κύριον
3669 4240 3921 4294 Σαϐαὼθ

2338 4321 2499 4377 εἶδον
2524 4324 2647 4387 τοῖς
2672 4322 2997 4392 ὀφθαλμοῖς
3033 4340 3152 4390 μου
3188 4321 3527 4390 καθήμενον
3564 4321 3660 4375 ἐπὶ
3693 4323 3912 4390 θρόνου

2338 4408 2579 4475 ὑψηλοῦ
2602 4408 2696 4460 καί
2724 4406 3077 4473 ἐπηρμένου.
3105 4405 3212 4457 Kal
3236 4399 3366 4459 εἶπε
3393 4405 3540 4473 πρός
3558 4422 3634 4473 με
3660 4421 3674 4435 ·
3700 4407 3913 4472 Πορευ-

2339 4490 2461 4554 θείς
2489 4488 2660 4541 εἰπὸν
2677 4486 2756 4553 τῷ
2775 4486 2901 4551 λαῷ
2928 4489 3131 4554 τούτῳ·
3171 4486 3339 4555 Ἀκοῇ
3367 4488 3687 4554 ἀκούσητε,
3714 4489 3811 4541 καί
3839 4491 3911 4541 ού

2332 4573 2417 4641 μὴ
2460 4570 2709 4639 συνῆτε,
2745 4572 2841 4623 καί
2885 4571 3224 4636 ,ϐλέποντες
3250 4571 3545 4638 βλέψητε,
3578 4570 3676 4623 καί
3723 4573 3795 4624 ού
3820 4571 3907 4640 μὴ

2339 4656 2521 4723 ἴδητε,
2558 4657 2649 4708 καὶ
2676 4655 2744 4707 τὰ
2784 4654 2931 4722 ἐξῆς·
2965 4657 2992 4707 6
3020 4654 3078 4707 δὲ
3117 4654 3435 4716 Ἀπόστολος
3474 4656 3552 4717 εἰς
3579 4655 3639 4706 τὸ
3686 4653 3911 4725 Πνεῦμα

2336 4740 2396 4791 τὸ
2428 4742 2581 4806 ἆγιον
2625 4736 2956 4806 ἐκλαμϐάνει
3002 4736 3101 4807 τὴν
3138 4735 3232 4788 τοῦ
3282 4736 3557 4806 προφήτου
3610 4736 3905 4804 θεολογίαν.

2351 4821 2587 4873 Ἐκείνου
2616 4820 2916 4889 εἰρηκότος,
2943 4819 3124 4873 Εἷδον
3149 4818 3255 4870 τὸν
3272 4816 3535 4881 βασιλέα
3559 4819 3774 4887 Κύριον
3800 4823 3911 4873 Σα-

2338 4906 2513 4967 ϐαὼθ,
2549 4905 2645 4957 καὶ
2689 4901 2818 4957 εἶπέ
2840 4921 2961 4972 μοι,
2994 4902 3332 4969 Πορεύθητι,
3380 4901 3478 4955 καί
3510 4901 3641 4954 είπέ
3666 4901 3747 4966 αῖ)
3779 4901 3907 4965 λαῷ

2336 4990 2542 5051 τούτῳ,
2588 4990 2615 5040 6
2653 4986 2861 5047 Παῦλος
2912 4983 3135 5054 βασιλέα
3181 4983 3384 5053 Κύριον
3434 4983 3656 5037 Σαϐαὼθ
3713 4986 3793 5045 εἰς
3844 4984 3906 5036 τὸ

2337 5071 2557 5140 Πνεῦμα
2580 5072 2640 5122 τὸ
2668 5071 2817 5137 ἀγιον
2846 5067 3219 5137 ἐκλαμϐάνων,
3246 5069 3301 5119 ἐν
3322 5070 3388 5138 τῇ
3422 5066 3607 5137 Ῥώμῃ
3629 5070 3743 5130 τοῖς
3777 5068 3909 5118 ’ἴτυ-

2334 5154 2501 5215 ὃαίοις
2547 5151 2922 5221 διαλεγόμενός
2974 5165 3140 5221 φησι·
3181 5148 3389 5215 Καλῶς
3435 5148 3501 5203 τὸ
3548 5149 3788 5217 Πνεῦμα
3835 5148 3905 5203 τὸ

2334 5237 2502 5305 ἅγιον
2537 5232 2665 5287 εἷπε
2687 5235 2833 5300 πρὸς
2857 5232 2998 5299 τοὺς
3027 5232 3285 5300 πατέρας
3315 5230 3486 5301 ἡμῶν
3502 5231 3599 5285 διὰ
3623 5232 3729 5285 τοῦ
3760 5246 3906 5299 προ-

2333 5319 2525 5388 φήτου
2574 5316 2810 5369 Ἡσαΐου
2844 5316 3059 5384 λέγον·
3097 5316 3433 5384 Πορωθείς,
3471 5313 3641 5370 εἰπὸν
3662 5313 3742 5379 τῷ
3772 5315 3905 5379 λαῷ

2332 5404 2545 5466 tm?qu
2579 5398 2744 5465 Ἀκοῇ
2789 5399 3110 5465 ἀκούσητε,
3154 5399 3252 5451 καί
3283 5400 3357 5451 οὐ
3385 5398 3469 5467 μὴ
3519 5396 3767 5462 συνῆτε,
3808 5398 3905 5451 καὶ

2330 5486 2398 5537 τὰ
2420 5483 2562 5550 ἐξῆς.
2592 5481 2812 5541 Ἡσαΐας
2832 5483 3004 5549 ἔλεγε,
3037 5482 3145 5535 Τὸν
3159 5480 3426 5545 ,βασιλέα
3457 5478 3697 5534 Σαϐαὼθ
3714 5477 3907 5542 εἶδον,

2333 5568 2427 5620 καὶ
2464 5562 2593 5618 εἷπε
2640 5566 2788 5631 πρός
2818 5580 2927 5633 με·
2965 5565 3153 5619 Εἰπὸν
3190 5564 3270 5630 τῷ
3297 5560 3426 5628 λαῷ
3466 5564 3682 5627 τούτῳ·
3734 5566 3833 5618 καὶ
3873 5569 3905 5621 6

2332 5647 2538 5710 Παῦλος
2566 5646 2736 5713 λέγων
2765 5643 2841 5716 τῷ
2871 5648 3008 5718 ἁγίῳ
3033 5646 3307 5717 Πνεύματι
3330 5644 3559 5716 ἀνέθηκε
3580 5646 3678 5715 τὴν
3710 5647 3907 5703 αὐθενο

2332 5734 2469 5786 τίαν.
2503 5728 2707 5784 Οὐκοῦν
2743 5729 2989 5800 βασιλεῦς
3012 5731 3103 5785 καὶ
3124 5729 3323 5800 Κύριος
3344 5727 3566 5783 Σαϐαὼθ
3592 5728 3650 5782 τὸ
3675 5729 3903 5802 Πνεῦμα
