4102 6534
241 431 356 490 509

256 540 390 592 ritus
416 542 668 598 sanctus,
700 543 998 590 accuratam
1052 532 1192 585 illam
1236 529 1520 584 adoranda:
1561 528 1831 583 Trinitatis

255 630 453 683 seriem
481 627 801 696 ignorantes,
827 624 918 678 sed
947 633 1122 677 mente
1152 637 1398 691 perversa
1432 622 1710 690 theologi-ae
1739 637 1831 690 pu-

255 719 466 772 ritatem
512 716 829 770 contumelia
873 714 1087 769 afficere
1134 712 1441 785 Conantes),
1483 712 1603 782 jure
1645 713 1836 765 Paulus

257 809 531 862 n0ininnm
561 806 800 859 ordinem
834 805 1063 868 invertit,
1091 813 1145 857 ut
1175 805 1408 858 veritatis
1437 805 1539 856 vim
1569 803 1831 870 ostendat,

256 907 310 950 et
341 897 700 965 improborum
731 896 1035 964 opinionem
1067 894 1321 948 confutet.
1352 897 1420 946 At
1449 894 1560 948 seio
1581 935 1595 957 ,
1624 895 1696 946 ait
1724 895 1834 946 hac-

257 989 478 1052 retieus,
507 1003 627 1041 eum
670 985 788 1040 Filii
831 986 1040 1054 quidem
1082 996 1135 1040 et
1181 985 1407 1054 Spiritus
1453 987 1618 1038 sancti
1669 986 1840 1039 obiter

258 1081 584 1134 mentionem
615 1078 820 1142 fecisse,
840 1077 932 1130 sed
959 1092 1076 1129 cum
1107 1075 1171 1129 ad
1201 1077 1411 1129 Patrem
1444 1076 1693 1140 venisset,
1718 1076 1842 1128 suh-

259 1171 523 1225 lintiorem
546 1170 861 1239 theologiam
877 1168 1199 1222 adhibuisse.
1224 1168 1296 1221 De
1317 1167 1512 1236 Spiritu
1529 1168 1668 1220 enim
1687 1167 1838 1230 dixit,

260 1262 408 1316 Idem
429 1278 542 1316 vero
569 1261 825 1329 Spiritus;
856 1260 920 1314 de
952 1259 1105 1323 Filio,
1133 1258 1277 1312 Idem
1301 1275 1413 1311 vero
1444 1257 1689 1310 Dominus
1714 1272 1732 1309 :
1749 1255 1843 1309 sed

258 1370 384 1408 cum
414 1353 478 1406 ad
505 1354 713 1406 Patrem
743 1353 993 1414 venisset,
1022 1352 1216 1420 adjecit
1242 1371 1253 1404 :
1286 1352 1382 1416 Qui
1406 1361 1640 1420 operatur
1669 1350 1842 1402 omnia

259 1447 313 1499 in
340 1444 586 1499 omnibus.
615 1443 750 1512 Quid
773 1446 933 1514 ergo?
960 1444 1156 1497 illudne
1177 1444 1413 1505 verbum,
1433 1444 1641 1511 operari
1664 1442 1844 1495 omnia

262 1539 314 1591 in
348 1537 593 1591 omnibus
618 1577 632 1601 ,
660 1537 1025 1590 auctoritatem
1058 1534 1291 1588 indicat?
1320 1533 1528 1600 Etiam,
1560 1533 1744 1602 inquit.
1784 1534 1848 1586 Et

262 1628 744 1696 superemineutem
768 1625 1134 1680 excellentiam
1160 1625 1442 1693 priedicat?
1468 1624 1626 1688 Sane,
1658 1624 1843 1692 inquit.

267 1718 332 1771 Et
360 1731 458 1786 ego
485 1732 691 1786 quoque
723 1725 862 1769 tuam
894 1714 1283 1768 confessionem
1313 1715 1532 1782 recipio,
1564 1715 1605 1766 si
1635 1715 1685 1766 in
1713 1729 1845 1766 eon-

263 1809 556 1862 ditionibus
603 1822 935 1876 permaneas.
970 1806 1254 1860 Videamus
1283 1821 1408 1874 ergo
1437 1805 1560 1874 quid
1594 1821 1684 1859 vas
1721 1805 1846 1859 illud

265 1900 562 1960 electionis,
590 1899 678 1952 ille
707 1899 916 1968 inquam
948 1913 976 1950 a
1007 1897 1204 1964 Spiritu
1234 1909 1420 1951 sancto
1449 1897 1635 1950 ductus
1661 1941 1674 1962 ,
1708 1899 1845 1952 circa

268 1991 405 2043 hanc
442 1991 788 2059 qumstionem
833 1999 1098 2057 suggerat.
1150 1987 1429 2056 Unicuique
1457 1989 1605 2039 datur
1633 1989 1847 2056 manife—

266 2084 417 2136 statio
466 2082 689 2147 Spiritus
728 2081 796 2132 ad
831 2082 1118 2134 utilitatem.
1159 2081 1260 2132 Alii
1288 2080 1486 2147 quidem
1511 2081 1660 2130 datur
1689 2095 1849 2132 sermo

265 2172 529 2240 sapientia:
547 2171 819 2224 secundum
848 2171 1071 2224 eumdem
1098 2170 1343 2239 Spiritum
1365 2187 1380 2232 ;
1408 2169 1498 2220 alii
1518 2185 1676 2220 sermo
1698 2169 1852 2220 scien-

267 2270 356 2322 tia:
392 2269 445 2321 in
483 2267 655 2320 eodem
695 2267 892 2335 Spiritu
921 2282 938 2318 :
961 2267 1051 2318 alii
1092 2267 1254 2335 gratia
1294 2266 1567 2317 sanitatum
1598 2263 1648 2313 in
1680 2263 1852 2314 eodem

268 2362 508 2428 Spiritu;
546 2361 638 2413 alii
679 2360 976 2428 prophetia;
1013 2358 1104 2410 alii
1148 2356 1488 2426 interpretatio
1530 2356 1850 2423 linguarum;

266 2455 362 2506 alii
406 2453 569 2519 ﬁdes;
609 2453 696 2505 alii
735 2451 868 2503 dona
901 2450 917 2518 (
949 2451 998 2502 1.
1028 2449 1145 2503 Cor.
1174 2449 1256 2502 l2.
1291 2447 1422 2501 7-10
1450 2449 1488 2514 ).
1543 2446 1662 2498 Ha'c
1703 2462 1852 2514 porro

268 2545 483 2597 omnia:
510 2543 722 2597 attende
748 2542 1045 2610 diligenter,
1077 2541 1194 2594 vide
1222 2540 1465 2593 dictionis
1498 2549 1550 2592 et
1578 2539 1854 2606 potestatis

269 2633 698 2689 consonantiam.
731 2632 827 2699 Qui
860 2632 1003 2699 prius
1033 2631 1266 2693 dixerat,
1303 2628 1447 2681 Idem
1476 2639 1642 2680 autent
1681 2627 1816 2679 Deus
1837 2668 1852 2692 ,

269 2727 357 2794 qui
380 2735 615 2794 operatur
641 2725 808 2776 omnia
834 2724 886 2775 in
913 2723 1158 2784 onmibus,
1186 2721 1270 2774 ubi
1302 2721 1366 2774 ad
1399 2719 1654 2788 Spiritum
1689 2718 1851 2779 venit,

271 2816 514 2870 eamdem
543 2814 640 2883 ipsi
668 2815 770 2866 vim
804 2815 975 2866 inesse
1007 2813 1317 2865 testificatur
1346 2828 1359 2864 :
1395 2809 1519 2861 Illuc
1547 2819 1714 2861 autent
1747 2824 1856 2860 om-

272 2909 381 2970 nia,
414 2905 601 2974 inquit,
625 2915 861 2971 operatur
904 2921 1028 2956 unus
1069 2912 1115 2956 et
1160 2903 1290 2954 idem
1329 2901 1587 2969 Spiritus,
1629 2897 1856 2950 dividens

271 2997 508 3067 singulis,
540 3006 683 3062 prout
710 2995 810 3047 vult
841 2993 1015 3061 (Ibid.
1046 3011 1089 3045 υ.
1118 2991 1226 3060 11).
1258 2991 1346 3044 Sic
1376 3006 1481 3042 non
1513 2989 1857 3042 labefactatur

273 3086 670 3154 gloriﬁcationis
698 3084 828 3138 ordo
856 3085 1144 3151 seriesque,
1178 3082 1391 3150 quando
1419 3079 1634 3148 aliquod
1665 3094 1856 3132 nomen

273 3192 340 3229 ex
372 3185 552 3228 sancta
579 3175 857 3234 Trinitate,
891 3184 982 3226 aut
1018 3175 1266 3240 primum,
1301 3183 1387 3225 aut
1427 3170 1738 3231 secundum,
1769 3177 1860 3221 aut

274 3267 490 3320 tertium
531 3265 759 3332 ponitur.
809 3263 939 3315 lllud
968 3264 1130 3325 enim,
1162 3263 1392 3329 primus,
1428 3259 1715 3321 secundus,
1748 3269 1856 3311 ter-

275 3360 403 3421 tius,
437 3372 542 3410 non
573 3354 768 3408 indicat
797 3363 998 3406 natura:
1038 3352 1387 3405 differentiam
1412 3391 1424 3413 ,
1455 3349 1549 3403 sed
1579 3348 1856 3414 theologia:

273 3450 418 3503 viam
450 3447 574 3500 nulli
612 3444 909 3500 confusioni
947 3441 1251 3496 obnoxiam.
1303 3442 1506 3494 Rursus
1549 3438 1685 3491 idem
1730 3452 1858 3505 apo-

282 3541 484 3602 stolus,
519 3547 574 3590 ut
601 3536 842 3589 ostendat
870 3549 928 3588 se
951 3535 1220 3587 nominum
1253 3532 1439 3585 ordine
1470 3530 1662 3599 ubique
1691 3529 1858 3582 indis-

275 3629 596 3684 criminatim
625 3628 720 3689 uti,
752 3636 931 3692 utpote
961 3626 1046 3692 qui
1084 3633 1229 3676 recto
1256 3623 1441 3675 ordine
1472 3631 1524 3674 et
1550 3630 1705 3674 caute
1730 3621 1862 3674 divi-

277 3738 404 3775 nant
431 3719 857 3789 prmdicationem
897 3715 1099 3777 adiret,
1133 3713 1695 3767 Thessalonicensibus
1732 3714 1865 3764 scri-

280 3813 418 3866 bens
443 3812 516 3863 ait
545 3828 557 3862 ε
588 3809 706 3878 Ipse
732 3825 844 3860 vero
878 3807 1124 3859 Dominus
1161 3817 1325 3858 noster
1359 3805 1506 3858 Iesus
1533 3803 1788 3869 Christus,
1819 3812 1863 3855 et

280 3901 426 3954 Deus
444 3898 597 3951 Pater
613 3907 778 3950 noster
800 3896 872 3963 (2.
895 3895 1068 3948 Thess.
1091 3895 1267 3964 2.15).
1304 3897 1381 3948 Att
1407 3895 1654 3962 primum,
1681 3893 1860 3956 Paule,

282 3993 500 4054 Filium,
535 4000 820 4058 posteaque
850 3988 1058 4042 Patrem
1090 3988 1375 4056 prmdicas?
1407 3987 1481 4039 Tu
1512 3987 1760 4055 primum,
1783 3987 1863 4038 in-

281 4087 440 4154 quit,
473 4082 622 4150 quasi
665 4083 850 4134 ordine
889 4091 941 4134 et
976 4081 1228 4149 dignitate
1268 4079 1536 4148 expromis
1572 4096 1583 4130 :
1615 4093 1713 4147 ego
1743 4093 1863 4130 cum

284 4179 517 4247 primum
538 4185 590 4227 et
614 4175 903 4227 secundum
928 4174 1069 4231 dico.
1095 4184 1332 4225 naturam
1361 4171 1730 4224 indivisibilem
1755 4170 1867 4238 Opi-

283 4284 418 4330 nor;
452 4267 556 4319 imo
585 4282 708 4318 vero
735 4281 838 4318 non
870 4266 1078 4333 opinor,
1122 4265 1213 4318 sed
1258 4274 1566 4318 Constanter
1609 4262 1859 4331 praedico.

282 4361 364 4415 Nu
412 4359 565 4426 igitur
608 4357 799 4410 divinis
843 4357 1066 4426 eloquiis
1108 4355 1479 4408 contumeliam
1526 4355 1740 4414 inferas,
1771 4367 1867 4406 nec

282 4451 522 4504 caelestia
553 4449 796 4518 dogmata
828 4448 1184 4502 calumnieris.
1218 4447 1316 4498 Par
1346 4446 1651 4513 exemplum
1686 4445 1734 4497 in
1765 4443 1869 4496 Ve-

285 4543 389 4596 teri
439 4541 777 4594 Testamento
827 4538 1046 4605 reperis.
1092 4537 1548 4601 Quemadmodum
1597 4537 1735 4589 enim
1784 4534 1870 4588 hic

287 4631 489 4686 Paulus
528 4646 557 4683 a
599 4629 795 4697 Spiritu
838 4642 1009 4692 orsus,
1036 4627 1176 4679 venit
1206 4627 1269 4678 ad
1303 4626 1515 4688 Filium,
1565 4635 1617 4678 et
1663 4641 1692 4677 a
1737 4625 1870 4679 Filio

287 4734 478 4774 rursus
507 4719 571 4772 ad
603 4720 810 4773 Patrem
833 4760 846 4784 ,
876 4728 927 4772 et
955 4717 1093 4785 quod
1137 4722 1406 4769 nominum
1437 4717 1623 4770 ordine
1661 4718 1870 4770 tertium

284 4820 428 4870 erat,
462 4809 687 4878 primum
718 4809 910 4872 effecit,
940 4824 1042 4860 non
1077 4817 1285 4860 mutans
1311 4807 1699 4874 praedicationis
1729 4808 1873 4860 ordi-

287 4918 439 4963 netn,
473 4898 566 4951 sed
594 4899 977 4952 indifferentem
1011 4898 1286 4966 theologia:
1314 4897 1667 4966 cognitionem
1695 4907 1871 4951 osten-

289 4998 429 5048 dens
460 4993 577 5044 :-sic
613 4991 663 5043 in
697 4990 866 5044 Veteri
913 4992 1250 5046 Testamento
1277 4990 1514 5044 eamdem
1546 4990 1762 5056 figuram
1795 4990 1873 5042 in-

293 5084 499 5144 venies,
523 5082 670 5148 quasi
700 5079 750 5130 in
780 5079 1024 5146 imagine,
1052 5081 1446 5148 pratluccntem.
1481 5078 1606 5143 Quis
1633 5087 1870 5130 nostrum

295 5177 525 5242 ignorat,
559 5172 766 5230 fratres,
799 5170 1124 5237 Scripturam
1159 5172 1329 5238 primo
1357 5171 1622 5222 Abraham
1653 5181 1868 5236 ponere,

292 5264 534 5318 secundo
579 5263 721 5316 Isaac
745 5303 758 5322 ,
805 5263 956 5313 tertio
995 5260 1188 5313 Jacob?
1222 5262 1373 5323 Nattt,
1407 5259 1518 5330 Ego
1546 5259 1682 5312 Deus
1709 5259 1872 5310 Abra-

293 5359 440 5416 ham,
474 5352 609 5406 Deus
649 5351 798 5404 Isaac
821 5395 833 5415 ,
876 5351 1008 5404 Deus
1045 5351 1204 5402 Jacob
1244 5351 1435 5416 (Exod.
1466 5351 1520 5405 5.
1549 5350 1638 5415 6).
1671 5350 1732 5401 Et
1756 5348 1875 5416 jure

295 5445 573 5511 Scriptura
600 5443 767 5505 primo
800 5452 1088 5510 parentem,
1114 5443 1347 5494 secundo
1372 5443 1553 5500 lilium,
1581 5449 1760 5509 postea
1784 5454 1876 5492 nc-

295 5544 478 5604 potetn
507 5533 745 5586 collocat.
781 5533 969 5584 \erum
998 5533 1113 5599 quia
1146 5543 1331 5582 natura
1363 5531 1694 5583 indivisibilis
1726 5540 1832 5582 erat
1859 5571 1872 5595 ,

294 5629 429 5680 licet
471 5633 706 5692 tempore
750 5632 804 5676 et
843 5623 980 5676 serie
1020 5622 1448 5689 distingueretur,
1480 5637 1584 5674 non
1617 5621 1876 5674 dubitavit

296 5719 444 5773 licus
483 5715 722 5769 ordinem
768 5725 970 5768 mutare
1015 5724 1074 5768 ut
1118 5712 1506 5768 confessionem
1548 5713 1871 5768 ostenderet.

297 5811 394 5865 Ait
434 5806 573 5860 cnim
615 5807 664 5860 in
711 5805 945 5863 Letitico
980 5810 1183 5878 (locum
1227 5809 1365 5864 enim
1411 5804 1606 5873 indico,
1636 5819 1700 5860 ne
1739 5804 1876 5860 dicta

1461 417 1549 472 DE
1586 413 1946 474 SEl‘tPENTE
1983 414 2281 470 HOMILIA.

3409 425 3524 482 510

1945 529 2311 600 calumnicris)
2345 548 2356 583 :
2392 530 2453 583 Si
2478 546 2592 584 vero
2623 533 2876 601 peccarint
2901 535 2998 603 filii
3025 534 3205 600 Israel,
3227 537 3424 590 tradant
3445 556 3529 592 eos

1940 625 1992 677 in
2019 635 2210 694 gentem
2235 628 2475 691 alienant,
2500 637 2542 680 et
2566 628 2686 681 illuc
2714 631 3109 698 proﬁciscentur,
3135 642 3181 685 et
3201 634 3410 686 servient
3431 633 3529 686 diis

1941 717 2133 769 alienis.
2156 717 2523 772 Prmnuntians
2550 720 2906 788 captivitatem
2940 722 3310 792 Bahylouicam
3338 726 3430 790 ait,
3463 723 3526 777 Et

1941 807 2063 857 illuc
2089 807 2489 874 proﬁciscentur,
2533 819 2578 862 et
2611 812 2821 863 servient
2849 812 2945 864 diis
2970 814 3165 870 alienis.
3223 813 3364 866 Tunc
3406 832 3528 867 cou-

1943 896 2178 964 fuudetur
2215 914 2302 950 cor
2345 917 2514 952 eorum
2563 901 2986 958 incircumcisum.
3009 903 3072 955 Et
3101 903 3260 971 paulo
3291 915 3428 972 post,
3467 906 3529 956 Et

1942 987 2239 1040 recordabar
2268 992 2547 1043 testamenti
2571 989 2752 1055 Iacob,
2791 1003 2835 1044 et
2857 993 3133 1046 testamenti
3157 992 3328 1059 Isaac,
3375 1006 3421 1048 et
3465 1005 3530 1047 te-

1942 1079 2173 1130 stammti
2193 1079 2448 1132 Abraham
2484 1081 2664 1152 (Leuit.
2697 1082 2788 1137 26.
2822 1083 3036 1153 40-42).

2017 1168 2067 1220 7.
2112 1168 2314 1222 Dictum
2360 1182 2594 1240 repetam
2648 1191 2660 1225 :
2709 1175 2922 1241 plausus
2964 1176 3103 1228 enim
3158 1185 3525 1244 argumentum

1947 1259 2264 1311 obscuravit.
2292 1259 2432 1324 Illic,
2469 1261 2655 1330 inquit,
2687 1265 2879 1332 pudore
2905 1263 3222 1330 su/fundctur
3250 1281 3334 1316 cor
3360 1282 3529 1318 eorum

1946 1349 2370 1414 incircumcisum,
2423 1363 2465 1404 et
2515 1365 2821 1406 revertentur
2859 1356 2926 1407 ad
2956 1372 3051 1419 me,
3100 1366 3146 1408 et
3194 1357 3381 1408 satiabo
3426 1374 3531 1410 eos.

1948 1437 2189 1490 Nondum
2243 1442 2637 1508 comminatus,
2693 1446 3175 1498 reconciliationem
3231 1448 3529 1515 promittit:

1953 1528 2018 1580 Et
2046 1529 2280 1580 reducant
2328 1548 2408 1583 eos
2439 1533 2490 1583 in
2518 1543 2699 1584 terram
2733 1546 2933 1605 patrum
2972 1554 3198 1603 suorum,
3227 1549 3270 1592 et
3297 1539 3535 1592 recorda-

1950 1620 2038 1672 bor
2064 1621 2342 1673 testamenti
2367 1619 2548 1678 Jacob.
2578 1633 2623 1674 et
2657 1628 2934 1677 testamenti
2976 1627 3144 1691 Isaac,
3179 1639 3222 1679 et
3255 1631 3535 1682 testamenti

1951 1709 2226 1761 Abraham.
2262 1710 2418 1765 \‘idcs
2445 1715 2710 1781 quomodo
2733 1725 2896 1769 mutet
2919 1717 3160 1770 ordinem
3189 1736 3201 1783 ;
3237 1731 3289 1770 ut
3312 1721 3532 1788 inquali-

1952 1808 2110 1852 tatem
2142 1800 2356 1854 honoris
2385 1804 2670 1856 ostendat?
2707 1804 2886 1874 Neque
2925 1807 3066 1860 enim
3103 1807 3355 1862 Jacohum
3398 1820 3534 1864 teni-

1954 1905 2078 1957 pore
2107 1891 2333 1958 primum
2376 1891 2517 1958 fecit,
2551 1897 2642 1948 sed
2677 1897 3130 1950 indiscriminatim
3162 1901 3404 1968 loquutus
3431 1914 3532 1970 est,

1953 1991 2006 2032 nt
2039 1985 2315 2049 paritatetn
2350 1983 2566 2037 honoris
2589 1989 2912 2040 ostenderet.
2945 1989 3133 2042 Verum
3160 1992 3292 2057 apud
3316 1996 3536 2061 patriar-

1951 2073 2077 2124 chas
2119 2085 2324 2142 tempus
2371 2074 2646 2143 distinguit
2692 2076 2917 2130 fructum
2959 2093 2987 2129 a
3038 2078 3246 2144 radice;
3294 2082 3537 2136 mortalis

1952 2167 2144 2234 quippe
2191 2177 2376 2219 natura
2416 2179 2495 2221 est
2535 2180 2586 2222 et
2631 2180 2904 2238 parentum
2947 2182 2998 2224 et
3031 2181 3269 2226 natorum
3304 2187 3538 2230 :saucta:

1955 2273 2079 2312 vero
2098 2259 2408 2314 immortalis
2428 2270 2479 2314 et
2499 2261 2781 2315 adoranda:
2801 2263 3070 2316 Trinitatis
3098 2276 3338 2318 naturam
3362 2282 3538 2321 sermo

1956 2366 2059 2404 non
2091 2351 2296 2418 dividit,
2342 2369 2446 2406 non
2480 2355 2750 2424 distinguit
2795 2366 3022 2423 tempus,
3067 2374 3168 2409 non
3213 2359 3404 2411 Sutcuitl
3447 2375 3536 2413 se-

1958 2455 2141 2511 pti-ant
2171 2462 2182 2496 :
2212 2446 2340 2499 nihil
2364 2448 2504 2500 enim
2533 2448 2811 2501 intercedit
2835 2449 2971 2502 inter
2998 2449 3228 2510 Patrem,
3251 2459 3302 2505 et
3326 2451 3536 2517 Filium,

1957 2545 2009 2586 et
2031 2534 2280 2602 Spiritum
2314 2547 2573 2590 sanctum.
2605 2540 2859 2592 Conditor
2883 2541 3194 2592 sa:culoruni
3224 2551 3304 2593 est
3344 2540 3540 2610 Uuige-

1959 2627 2117 2678 nitus.
2154 2629 2289 2679 Audi
2335 2628 2568 2681 divinum
2600 2631 2746 2683 illum
2786 2647 3204 2702 generosunique
3238 2651 3539 2703 praeconem

1959 2716 2024 2769 de
2057 2718 2211 2772 Patre
2239 2720 2314 2771 sic
2343 2721 2642 2788 loquentem
2678 2740 2688 2772 :
2723 2722 3058 2792 Multifariam
3085 2727 3348 2795 multisque
3377 2729 3537 2781 modis

1959 2806 2078 2857 olim
2123 2805 2258 2860 Deus
2289 2809 2521 2876 loquutus
2562 2810 2786 2878 patribus
2833 2813 2883 2862 in
2929 2814 3222 2881 pra/thetis,
3275 2818 3540 2870 novissime

1960 2895 2130 2949 diebus
2154 2898 2261 2949 istis
2289 2899 2521 2965 loquutus
2561 2911 2628 2952 est
2665 2903 2880 2953 nobisin
2911 2902 3066 2967 Filio,
3105 2921 3248 2972 quent
3289 2910 3542 2961 constituit

1960 2988 2192 3040 heredem
2221 2994 2579 3054 universormn,
2617 3009 2706 3059 per
2730 3010 2872 3062 quem
2912 2994 3026 3062 fecit
3068 3005 3112 3048 et
3142 2999 3324 3050 stecula
3355 2998 3538 3068 (Hebr.

1962 3079 2015 3131 1.
2050 3079 2099 3132 1.
2129 3078 2206 3149 2).
2235 3079 2374 3132 Nihil
2405 3096 2529 3149 ergo
2563 3082 2699 3136 inter
2733 3084 2940 3137 Patrem
2976 3095 3028 3138 et
3066 3085 3252 3139 Filium
3294 3099 3344 3142 et
3372 3089 3542 3157 Spiri-

1965 3177 2072 3223 tum
2099 3181 2373 3235 sanctum;
2423 3175 2622 3226 nullum
2655 3183 2862 3242 tempus
2905 3183 2994 3228 aut
3037 3177 3368 3232 intervallum
3407 3190 3541 3235 tem-

1965 3263 2127 3330 poris.
2161 3263 2297 3316 Ante
2341 3265 2532 3316 smeula
2577 3265 2756 3330 Pater,
2789 3275 2911 3318 ante
2959 3268 3148 3319 smcula
3198 3268 3389 3331 Filius;
3433 3273 3543 3337 ipse

1964 3355 2103 3407 enim
2154 3354 2344 3407 sarcula
2395 3353 2555 3420 fecit;
2610 3364 2731 3409 ante
2783 3359 2974 3409 Sircula
3023 3358 3250 3426 Spiritus
3303 3372 3540 3418 sanctus.

1965 3445 2230 3513 Nu~quatn
2284 3446 2540 3499 scinditur
2583 3457 2789 3508 natura,
2841 3465 3098 3517 nusquam
3148 3462 3419 3517 separatur
3448 3469 3543 3520 po-

1970 3548 2148 3589 testas.
2181 3536 2557 3590 Animadverte
2583 3537 2885 3605 diligenter.
2919 3538 3123 3607 Regnat
3159 3541 3330 3603 Pater,
3360 3554 3543 3611 regnat

1968 3627 2152 3690 Filius,
2178 3634 2363 3693 regnat
2383 3626 2611 3693 Spiritus
2635 3637 2864 3679 sanctus.
2891 3629 3012 3681 Scio
3035 3646 3117 3681 me
3139 3631 3245 3697 jam
3276 3632 3370 3685 hac
3395 3649 3544 3688 usum

1968 3729 2085 3767 csse
2113 3714 2600 3778 demonstratione;
2635 3731 2815 3766 verum
2849 3715 3032 3768 eadem
3065 3718 3175 3784 ipsa
3204 3719 3382 3774 dicere
3418 3723 3547 3776 Mitti

1967 3804 2163 3872 quidem
2184 3820 2447 3857 onerosum
2467 3821 2563 3856 non
2584 3814 2675 3868 est,
2705 3806 2837 3857 vobis
2862 3815 3027 3857 autent
3057 3816 3216 3859 tutunt
3235 3807 3454 3878 (Philip.
3490 3813 3544 3867 3.

1969 3895 2043 3963 i).
2077 3894 2277 3962 Regnat
2310 3895 2482 3958 Pater,
2516 3895 2802 3947 secundum
2829 3896 2975 3960 illud,
3013 3897 3142 3950 Deus
3173 3916 3258 3951 rex
3302 3912 3466 3953 noster
3497 3903 3549 3954 in

1969 3987 2204 4040 sa'culum
2241 3985 2409 4055 (Psal.
2447 3988 2531 4039 73.
2569 3987 2675 4053 l2).
2733 3986 2933 4055 Reguat
2975 3987 3136 4041 Filius
3168 4008 3178 4040 :
3211 4007 3352 4051 nam,
3397 3991 3550 4046 Dabit

1969 4079 2045 4130 illi
2071 4077 2314 4129 Dominus
2345 4077 2523 4128 solium
2555 4075 2718 4127 David
2740 4079 2896 4145 patris
2916 4080 3042 4146 ejus,
3071 4089 3115 4130 et
3141 4083 3367 4148 regnabit
3397 4099 3549 4150 super

1973 4169 2175 4220 domum
2203 4165 2429 4218 Jacobiu
2453 4178 2692 4218 trternunt
2729 4166 2875 4233 (Luc.
2912 4169 2955 4220 1.
2995 4166 3107 4237 52).
3157 4170 3355 4239 llegnat
3386 4171 3552 4240 Spiri-

1975 4269 2056 4310 tus
2085 4265 2298 4310 sanctus
2325 4273 2337 4307 :
2367 4257 2525 4309 Isaias
2571 4257 2712 4309 enim
2757 4257 2913 4322 dixit,
2964 4256 3025 4308 Et
3067 4276 3229 4327 regem
3278 4261 3548 4317 Dominunt

1975 4348 2200 4402 Sabaoth
2239 4348 2340 4399 vidi
2381 4348 2538 4400 oculis
2586 4349 2705 4400 meis
2745 4351 2988 4400 sedentem
3021 4352 3069 4401 in
3105 4352 3230 4402 solio
3274 4358 3466 4408 excelso
3503 4369 3558 4413 ct

1973 4438 2182 4489 elevato.
2219 4436 2280 4488 Et
2311 4438 2436 4490 dixit
2468 4439 2534 4488 ad
2560 4453 2636 4488 me
2668 4453 2685 4488 :
2731 4436 2864 4488 Vade
2889 4451 2931 4489 et
2957 4439 3035 4488 dic
3071 4440 3256 4507 populo
3284 4443 3418 4509 huic,
3446 4448 3553 4499 Att-

1975 4528 2082 4579 ditu
2111 4527 2343 4589 audietis,
2374 4538 2418 4576 et
2448 4542 2545 4577 non
2573 4526 2880 4594 intelligetis,
2903 4536 2947 4577 et
2968 4531 3185 4581 videntes
3213 4532 3457 4598 videbitis,
3502 4547 3550 4590 ετ

1975 4635 2074 4671 ηοη
2112 4618 2435 4687 perspiciatis,
2480 4625 2581 4670 etc.
2632 4614 2782 4685 (Isai.
2814 4616 2865 4670 6.
2898 4619 2944 4670 1.
2979 4617 3067 4687 9);
3107 4624 3386 4688 Apostolus
3427 4641 3554 4680 vero

1976 4711 2042 4764 de
2072 4710 2270 4778 Spiritu
2295 4721 2477 4763 sancto
2507 4708 2777 4776 propheta:
2819 4709 3132 4779 theologiam
3176 4716 3422 4782 explicat.
3459 4719 3550 4771 Illo

1977 4801 2204 4866 dicente,
2240 4797 2353 4850 Vidi
2370 4814 2540 4870 regem
2580 4797 2854 4851 Dominum
2892 4800 3136 4868 Sabaoth,
3170 4812 3214 4855 et
3250 4806 3374 4858 dixit
3404 4809 3550 4877 mihi,

1987 4891 2143 4954 Vade,
2171 4900 2214 4942 et
2247 4890 2326 4941 dic
2349 4887 2536 4956 papula
2563 4889 2696 4954 huic,
2723 4889 2917 4943 Paulus
2949 4907 3041 4959 per
3065 4909 3240 4961 regem
3268 4895 3548 4952 Dominum

1978 4981 2205 5036 Sabaoth
2223 4979 2472 5047 Spiritum
2502 4989 2742 5033 sanctum
2770 4981 3053 5050 accipiens,
3075 4997 3194 5037 cum
3219 4985 3397 5040 Roma:
3418 5003 3553 5040 con-

1983 5085 2058 5128 tra
2077 5071 2286 5126 JUd‘JBOS
2312 5070 2624 5138 disputaret,
2653 5073 2745 5137 ait,
2780 5070 2915 5125 Bene
2945 5073 3169 5135 Spiritus
3195 5089 3396 5131 sanctus
3424 5081 3552 5133 dixit

1979 5163 2045 5214 ad
2073 5172 2234 5230 patres
2280 5171 2474 5214 nostros
2507 5179 2595 5228 per
2632 5161 2822 5215 Isaiam
2870 5166 3165 5233 praphetant
3203 5183 3219 5218 :
3255 5167 3422 5233 Vade,
3474 5173 3555 5224 dic

1981 5252 2165 5322 papula
2188 5252 2301 5303 huic
2322 5293 2336 5316 ,
2382 5253 2574 5305 Audita
2609 5256 2840 5316 audietis,
2883 5265 2926 5308 et
2975 5273 3074 5308 non
3107 5257 3388 5325 intelligetis
3419 5260 3551 5329 (Act.

1980 5346 2066 5399 28.
2100 5344 2212 5415 25),
2234 5357 2336 5398 ctc.
2372 5344 2533 5399 Isaias
2563 5347 2712 5408 dixit,
2744 5345 2925 5416 Regem
2961 5347 3185 5401 Sabaoth
3216 5351 3312 5401 vidi
3350 5362 3393 5404 et
3425 5352 3553 5405 dixit

1981 5435 2124 5498 mihi,
2162 5433 2254 5486 Dic
2285 5438 2471 5504 populo
2512 5436 2668 5500 huic;
2705 5437 2996 5506 Paulusque
3030 5440 3298 5493 disserens
3335 5441 3554 5508 Spiritui

1983 5535 2166 5578 sancto
2214 5524 2350 5578 hanc
2384 5526 2748 5578 auctoritatem
2795 5528 3092 5597 adscripsit.
3144 5530 3279 5597 Ergo
3328 5529 3552 5598 Spiritus

1984 5626 2198 5668 sanctus
2225 5632 2317 5669 rex
2345 5625 2427 5669 est
2448 5626 2498 5668 et
2528 5615 2780 5669 Dominus
2807 5617 3062 5683 Sabaoth,
3087 5621 3171 5686 qui
3200 5620 3332 5673 dixit
3357 5621 3504 5676 Isaia:
3537 5643 3552 5679 :

1995 5706 2150 5772 Vade,
2179 5717 2223 5761 et
2248 5709 2328 5760 dic
2353 5708 2540 5776 populo
2566 5707 2702 5774 huic,
2733 5707 2922 5760 Audita
2947 5709 3178 5775 audietis,
3215 5720 3256 5763 et
3279 5728 3378 5764 non
3401 5713 3555 5768 intel-

1989 5800 2168 5870 ligetis,
2203 5810 2245 5854 et
2275 5802 2489 5855 videntes
2521 5802 2763 5871 videbitis,
2791 5813 2834 5857 et
2854 5821 2948 5858 non
2980 5805 3304 5873 perspicietis,
3337 5813 3438 5862 etc.
3464 5805 3554 5878 Et,
