4102 6472
626 361 739 418 511

633 477 816 533 Audiui
839 492 1004 530 uocem
1031 473 1233 528 Domini
1260 471 1490 537 dicentis,
1524 467 1682 533 Vade,
1723 467 1802 521 dic
1829 461 2013 536 papula
2043 460 2158 514 huic
2181 476 2201 527 ς

636 568 887 622 Dominus
911 567 1086 631 Pater,
1111 565 1364 618 Dominus
1393 563 1594 625 Filius;
1624 574 1743 613 nam
1777 557 1917 610 Dixit
1959 553 2204 607 Dominus

633 658 852 713 Domino
880 674 1006 719 meo,
1045 657 1177 711 Sede
1202 673 1232 707 a
1259 655 1446 708 dextris
1477 653 1596 705 meis
1633 649 1799 723 (Psal.
1841 646 1959 702 109.
1993 646 2069 714 1).
2100 644 2204 699 Do-

633 751 808 804 minus
846 748 1070 816 Spiritus
1101 757 1314 802 sanctus
1352 765 1363 800 :
1403 760 1522 802 nam
1557 743 1796 796 Dominus
1837 740 2060 809 Spiritus
2089 747 2159 791 est
2182 753 2201 792 :

631 841 713 890 ubi
739 854 851 892 vero
881 839 1101 906 Spiritus
1141 836 1361 900 Domini,
1393 836 1461 888 ibi
1498 835 1696 888 libertas
1735 832 1810 903 (2.
1847 830 1962 885 Cor.
1990 830 2043 883 5.
2085 829 2197 898 17).

631 928 705 982 Ne
726 927 847 997 quis
873 943 999 981 vero
1025 936 1171 996 putet
1199 928 1368 994 majus
1395 941 1510 980 esse
1533 926 1757 994 primum
1791 937 2007 986 nomen,
2038 920 2197 983 Deus,

629 1018 919 1073 secundum
950 1032 1096 1083 vero,
1131 1017 1406 1070 Dominus.
1441 1017 1569 1069 Nam
1601 1016 1651 1068 in
1698 1023 1882 1066 natura
1919 1012 2199 1065 immortali

629 1121 682 1166 et
711 1110 965 1164 Dominus
993 1119 1045 1164 et
1077 1110 1236 1176 Deus,
1278 1110 1400 1163 licet
1428 1109 1624 1162 dictum
1657 1106 1781 1160 illud
1822 1121 1926 1158 non
1955 1103 2196 1158 eamdem

630 1202 732 1254 vim
778 1201 1004 1266 habeat,
1061 1199 1300 1256 eamdem
1348 1209 1523 1254 tamen
1568 1198 1876 1266 dignitatem
1924 1196 2195 1264 prmdicat.

627 1291 759 1358 Quid
789 1291 972 1344 enim?
1009 1291 1064 1345 Si
1106 1306 1318 1356 nomen,
1363 1291 1520 1349 Deus,
1566 1289 1791 1356 primum
1831 1295 1991 1348 esset,
2023 1285 2066 1338 si
2109 1301 2196 1339 se-

625 1382 876 1442 cundum.
910 1383 1179 1445 Dominus,
1201 1397 1328 1435 sane
1346 1382 1550 1451 Moyses
1567 1395 1668 1432 non
1688 1377 1922 1433 secundo
1947 1385 2004 1429 ut
2026 1376 2197 1444 primo

627 1487 750 1526 usus
779 1481 919 1525 esset
945 1475 1147 1538 dicens,
1178 1472 1423 1524 Dominus
1462 1470 1598 1523 Deus
1633 1479 1769 1532 tuus,
1797 1467 2042 1521 Dominus
2066 1483 2197 1520 unus

625 1572 696 1615 est
718 1561 891 1632 (Deut.
922 1562 973 1614 6.
1003 1560 1057 1630 ι)
1079 1578 1092 1626 ;
1117 1561 1437 1629 oportuisset
1467 1560 1628 1621 enim,
1675 1567 1718 1611 si
1749 1558 1814 1612 de
1840 1558 2011 1627 primo
2041 1572 2193 1610 men-

625 1655 821 1706 tionem
854 1653 1026 1706 facere
1074 1653 1344 1714 voluisset,
1397 1651 1627 1719 primum
1672 1649 1849 1703 dicere
1905 1648 2000 1712 sic,
2054 1647 2195 1700 Deus

624 1750 742 1795 tuus
766 1742 1025 1796 Dominus
1060 1755 1193 1794 unus
1220 1749 1302 1794 est
1328 1758 1340 1794 :
1370 1741 1462 1794 sed
1492 1750 1546 1792 ut
1584 1738 1888 1792 ostenderet
1917 1737 2194 1792 nominum

622 1833 1050 1898 indill‘erentiam,
1094 1831 1345 1885 Dominus
1387 1831 1555 1899 primo
1601 1831 1754 1896 dixit,
1805 1839 1986 1898 postea
2041 1827 2193 1883 Deus.

620 1921 725 1976 Sed
754 1923 818 1976 ad
848 1922 1172 1989 propositum
1200 1924 1500 1974 redeamus.
1523 1920 1770 1973 Dominus
1795 1927 1957 1971 autent
1981 1926 2052 1970 est
2076 1917 2197 1987 Spi-

618 2013 760 2064 ritus.
797 2010 1048 2065 Dominus
1073 2027 1199 2080 ergo
1222 2011 1397 2075 Pater,
1432 2010 1684 2063 Dominus
1725 2009 1907 2070 Filius,
1944 2008 2195 2063 Dominus

619 2104 850 2170 Spiritus
871 2114 1103 2158 sanctus.
1137 2103 1331 2157 Verum
1361 2104 1552 2157 Paulus
1581 2103 1727 2163 dicit.
1757 2101 1900 2157 Unus
1925 2102 2189 2156 Dominus.

618 2194 673 2246 Si
704 2209 837 2248 unus
884 2195 1161 2259 Dominus,
1193 2194 1460 2262 quomodo
1505 2195 1756 2247 Dominus
1805 2202 1860 2248 et
1901 2193 2194 2246 Dominus?

621 2283 878 2338 Videlicet
901 2301 1000 2337 una
1024 2284 1332 2336 dominatio.
1358 2285 1554 2337 Eadem
1575 2285 1779 2336 ratione
1796 2293 1849 2336 et
1867 2299 2001 2336 unus
2032 2284 2192 2350 Deus,

618 2375 691 2427 ait
715 2374 907 2427 Paulus
941 2392 952 2426 :
986 2373 1148 2426 Nobis
1175 2382 1342 2426 autem
1365 2390 1494 2425 unus
1518 2371 1655 2425 Deus
1679 2371 1852 2436 Pater,
1884 2389 1944 2426 ea:
1967 2389 2064 2441 quo
2088 2389 2198 2424 om-

619 2465 725 2529 nia,
754 2473 798 2516 et
835 2481 964 2517 unus
1008 2462 1250 2516 Dominus
1286 2463 1436 2516 Jesus
1463 2462 1709 2528 Christus,
1740 2479 1827 2531 per
1849 2480 1994 2532 quem
2027 2465 2194 2516 omnia

621 2555 702 2620 (1.
731 2552 850 2607 Cor.
891 2553 942 2606 8.
990 2553 1067 2622 6).
1113 2552 1273 2622 Ergo,
1325 2554 1399 2606 ait
1443 2553 1744 2617 haereticus,
1786 2553 1993 2607 Patrem
2026 2553 2192 2608 Deum

618 2643 770 2706 dixit,
799 2642 985 2695 Filium
1017 2658 1143 2697 vero
1170 2643 1471 2696 Dominum.
1507 2642 1792 2696 Videamus
1823 2659 1969 2714 ergo,
2008 2644 2192 2697 videa-

620 2748 757 2794 mus,
786 2732 992 2793 fratres,
1024 2732 1318 2796 videamus,
1342 2747 1541 2800 quaeso,
1583 2748 1708 2785 num
1742 2732 1887 2798 illud,
1919 2733 2190 2798 Dominus,

619 2822 909 2875 secundum
931 2823 997 2874 sit
1023 2836 1216 2875 nomen
1246 2821 1439 2875 divinae
1463 2822 1751 2892 dignitatis,
1783 2833 1835 2876 et
1863 2837 2038 2877 annon
2069 2837 2194 2879 vero

619 2910 850 2980 primum
891 2912 1094 2981 ipsique
1140 2927 1460 2982 congruens,
1500 2923 1660 2983 atque
1702 2914 1991 2984 Scriptura:
2027 2931 2193 2970 sacrae

619 3002 924 3057 testimonio
953 3002 1160 3056 fultum.
1190 3004 1419 3058 Necesse
1444 3005 1583 3058 enim
1611 3013 1692 3059 est
1732 3015 1786 3060 ut
1815 3014 1869 3060 et
1895 3021 1990 3060 nos
2031 3021 2194 3060 accu-

620 3104 732 3148 rate
759 3093 1055 3162 loquamur,
1106 3103 1159 3148 et
1202 3109 1297 3149 vos
1339 3094 1578 3149 studiose
1617 3096 1862 3161 audiatis,
1911 3096 2091 3166 illique
2127 3113 2191 3152 ex

619 3183 1210 3236 veritateinstituantur.
1234 3183 1362 3250 Quis
1389 3199 1515 3252 ergo
1546 3185 1698 3238 nobis
1728 3201 1903 3240 sermo
1939 3188 2194 3241 testiﬁca-

619 3271 780 3335 bitur,
814 3271 960 3334 illud,
996 3272 1274 3336 Dominus,
1298 3289 1490 3327 nomen
1517 3287 1636 3327 esse
1658 3276 1882 3342 primum
1911 3285 1966 3329 et
1987 3278 2194 3345 magni-

618 3362 973 3418 ﬁcentissima:
1002 3363 1184 3432 gloriae
1227 3365 1518 3434 preprium.
1566 3365 1704 3418 Audi
1738 3365 2048 3433 pr0phetam
2086 3368 2192 3421 Da-

619 3454 789 3509 videm
840 3471 854 3508 :
901 3453 1286 3523 Confundantur
1327 3465 1372 3508 et
1423 3456 1780 3509 conturbentur
1843 3457 1896 3509 in
1954 3457 2192 3512 saeculum

616 3545 786 3603 seculi
800 3561 819 3608 ;
833 3553 880 3596 et
899 3554 1235 3607 reveresntur,
1252 3554 1296 3597 et
1312 3554 1531 3612 pereant.
1559 3545 1623 3597 Et
1643 3555 1963 3613 cognoscant,
1978 3547 2096 3615 quia
2110 3563 2194 3599 no-

618 3653 730 3691 men
747 3635 834 3687 tibi
861 3633 1107 3697 Dominus
1135 3632 1302 3703 (Psal.
1325 3634 1413 3687 82.
1441 3634 1524 3688 l8.
1547 3633 1657 3700 l9).
1687 3633 1833 3688 Solet
1858 3635 2194 3690 adversarius

617 3727 796 3780 dicere
824 3724 892 3778 de
924 3725 1208 3778 Servatore
1238 3725 1410 3778 Verbo
1437 3744 1447 3779 :
1475 3725 1674 3779 Nomen
1695 3724 1891 3780 Christi
1915 3727 2189 3794 Dominus,

617 3832 809 3872 nomen
838 3818 1008 3870 Patris
1033 3819 1191 3871 Deus.
1221 3817 1422 3871 Rursus
1456 3818 1815 3872 deﬁnitionem
1844 3835 2049 3886 eorum,
2074 3836 2193 3890 qua:

617 3909 884 3977 proposita
910 3920 1051 3973 sunt,
1087 3911 1310 3975 postulo.
1333 3911 1710 3964 llarreticorum
1735 3913 1908 3966 verbis
1931 3912 2191 3967 inhaeres?

617 4013 964 4067 permanesne
994 3999 1046 4052 in
1076 3999 1464 4054 conditiOnibus
1513 4003 1836 4069 propositis?
1881 4001 2191 4059 Inconstan-

616 4087 740 4142 tiam
755 4087 894 4141 enim
916 4095 1054 4141 tuam
1077 4099 1274 4142 metuo.
1287 4090 1508 4154 Quando
1525 4092 1821 4145 confutatus
1838 4107 1897 4146 es
1912 4110 1975 4146 ex
1999 4094 2096 4148 hac
2109 4096 2192 4150 de

615 4186 907 4233 monstrata
943 4180 1180 4242 veritate,
1205 4180 1268 4232 ad
1298 4181 1436 4233 aliud
1467 4191 1820 4235 commentum
1842 4183 2080 4254 confugis
2104 4228 2116 4250 ,
2146 4189 2190 4241 si

617 4272 722 4327 illic
737 4271 1085 4332 convincaris,
1102 4270 1333 4324 declinas
1350 4271 1413 4324 ad
1430 4272 1568 4324 aliud
1597 4273 1948 4340 improbitatis
1965 4277 2190 4330 clemen-

619 4371 750 4423 tum,
789 4374 908 4412 cum
944 4369 1215 4427 oporteret
1247 4360 1610 4428 splendentem
1636 4364 2085 4419 etilluminantem
2100 4383 2190 4422 ve-

617 4451 823 4506 ritatem
857 4464 959 4503 non
991 4449 1250 4517 effugere:
1273 4466 1373 4504 non
1407 4451 1547 4520 fugat
1572 4452 1714 4506 enim
1751 4471 1867 4507 cum
1915 4457 2142 4511 illustrat
2171 4475 2185 4511 :

614 4555 819 4603 verum,
846 4539 999 4609 Fugit
1029 4541 1209 4609 impius
1226 4541 1418 4593 nemine
1444 4552 1761 4611 persequente
1785 4542 1962 4613 (Prov.
1995 4545 2084 4600 28.
2108 4546 2184 4614 1).

683 4630 735 4685 8.
761 4629 1008 4682 Divinitas
1039 4629 1232 4682 Christo
1260 4631 1562 4686 vindicatur.
1593 4630 2038 4688 Pneumatomachi
2068 4640 2187 4689 red-

613 4729 915 4792 arguuntur.
940 4751 1010 4760 -—
1032 4720 1138 4773 Nos
1168 4727 1341 4774 autem
1364 4722 1430 4775 ad
1459 4725 1784 4791 propositum
1834 4737 2184 4781 revertamur.

613 4811 947 4883 Cognoscant,
989 4812 1103 4879 quia
1134 4828 1312 4864 nomen
1337 4814 1423 4864 tibi
1453 4811 1716 4866 Dominus.
1748 4814 1801 4868 Si
1833 4815 2040 4870 Patrem
2071 4833 2184 4871 me-

613 4914 804 4969 moret,
829 4905 972 4958 disce
1003 4919 1190 4958 nomen
1233 4904 1405 4958 Patris
1431 4921 1547 4960 esse
1575 4907 1724 4974 illud,
1759 4906 2022 4962 Dominus.
2047 4910 2112 4964 Et
2141 4911 2184 4963 si

613 4997 784 5051 Patris
806 5011 998 5049 nomen
1030 5003 1110 5048 est
1132 4996 1403 5061 Dominus,
1433 4998 1506 5050 ait
1531 4998 1739 5062 Paulus,
1768 4998 1910 5053 Unus
1936 4999 2185 5055 Dominus

609 5088 759 5140 J‘esus
800 5085 1045 5141 Christus.
1087 5085 1190 5141 Sed
1219 5087 1476 5142 Dominus
1507 5089 1680 5157 Pater,
1716 5091 1969 5144 Dominus
1999 5092 2182 5148 Filius.

615 5179 752 5248 Ergo
774 5187 831 5232 ut
858 5193 1077 5231 consors
1101 5188 1181 5232 est
1207 5181 1458 5244 nominis,
1478 5196 1696 5234 consors
1716 5191 1794 5235 est
1816 5192 1868 5235 et
1892 5181 2185 5251 dignitatis.

617 5270 805 5324 Verum
835 5269 1048 5323 Judzeus
1078 5270 1257 5325 abnuit
1297 5273 1557 5336 conﬁteri,
1609 5272 1658 5325 id
1705 5273 1770 5327 de
1801 5274 1956 5329 Patre
1986 5276 2183 5330 dictum

605 5358 805 5422 fuisse,
853 5367 912 5410 ut
949 5359 1110 5423 illud,
1145 5359 1430 5426 Dominus,
1481 5362 1612 5416 Filio
1656 5362 1983 5428 adscribens,
2030 5364 2177 5430 illud,

614 5449 780 5511 Deus,
822 5447 960 5501 Patri
990 5458 1206 5504 servet:
1233 5451 1593 5507 definitionem
1635 5454 1822 5520 probo,
1851 5455 2183 5510 conditiones

605 5538 829 5607 accipio.
858 5537 970 5593 Non
1000 5538 1264 5610 distinguo
1296 5545 1564 5599 nominum
1595 5542 1879 5597 adorandae
1906 5544 2181 5600 Trinitatis

603 5629 936 5701 dignitatem,
971 5637 1028 5682 ut
1057 5644 1199 5701 smpe
1229 5632 1357 5696 dixi,
1397 5634 1517 5702 quia
1552 5634 1787 5688 Ecclesia
1819 5634 2180 5690 indistinctam

604 5720 765 5779 habet
792 5718 1010 5789 gloriam
1041 5739 1056 5777 :
1085 5722 1179 5780 sed
1221 5724 1284 5779 ad
1317 5725 1583 5783 miseriam
1616 5734 1758 5782 tuam
1802 5744 1888 5784 me
1917 5729 2139 5784 demitto
2159 5770 2178 5797 ,

2044 338 2410 400 SEVERIANI

3793 358 3897 412 512

2311 471 2374 512 ac
2393 457 2535 525 dico,
2569 457 2731 512 Detur
2755 455 2878 522 hoc,
2903 456 3236 529 Cognoscant,
3261 460 3377 527 quia
3399 477 3578 514 nomen
3599 461 3688 515 tibi
3714 467 3885 515 Donn-

2312 562 2443 612 nus;
2471 547 2597 617 quid
2637 549 2797 618 igitur
2825 546 2917 602 ﬁat
2944 547 3010 603 de
3039 549 3128 603 illo
3153 550 3315 604 verbo
3341 551 3481 620 quod
3511 554 3773 622 sequitur.
3812 551 3882 607 Tu

2306 638 2443 691 solus
2472 638 2759 693 Altissimus
2784 655 2934 708 super
2957 655 3154 693 omnem
3179 642 3408 695 terram?
3436 642 3574 712 Ergo
3593 644 3882 699 secundum

2309 725 2632 794 impietatem
2672 727 3074 797 doctrinamque
3101 737 3282 796 tuam,
3322 746 3428 784 non
3475 734 3706 802 amplius
3734 735 3884 788 Pater

2306 816 2409 869 erit
2437 815 2766 883 Altissimus,
2795 817 2917 886 quia
2940 817 3084 873 solus
3110 818 3278 875 Filius
3303 829 3386 874 est
3415 822 3740 876 Altissimus.
3767 824 3879 889 Hie,

2306 905 2495 959 fratres
2518 947 2532 970 ,
2562 922 2667 962 non
2699 908 2891 963 ﬂuctus
2928 911 3089 964 maris
3122 920 3284 976 sunt,
3317 921 3374 965 ut
3399 915 3516 982 quis
3545 919 3878 983 praetocetur,

2304 996 2396 1051 sed
2439 999 2675 1052 caritatis
2723 999 2913 1054 ﬂuctus
2957 1001 3046 1070 qui
3091 1003 3441 1059 sanctiﬁcent.
3476 1008 3722 1062 Attamen
3763 1025 3876 1063 cum

2302 1086 2542 1144 Christus
2580 1090 2827 1158 loquatur
2865 1101 2918 1147 et
2961 1093 3298 1162 praedicetur,
3339 1099 3569 1167 quietem
3607 1112 3724 1170 agat
3769 1103 3879 1158 lucc

2302 1178 2544 1247 religiosa
2589 1182 2850 1237 navicula.
2895 1184 3196 1240 Absurdum
3240 1190 3380 1242 enim
3408 1198 3490 1243 est
3518 1206 3665 1245 mare
3710 1194 3876 1262 ipsum

2301 1269 2518 1338 vestigia
2553 1271 2756 1326 Domini
2793 1275 3175 1344 conspicatum,
3204 1276 3316 1332 haec
3343 1279 3583 1346 audiens,
3615 1281 3766 1347 Tace,
3796 1286 3876 1337 οὐκ

2301 1367 2516 1411 mutesce
2540 1359 2728 1429 (Marc.
2761 1364 2816 1417 4.
2860 1363 2952 1433 59)
2972 1405 2987 1429 ,
3021 1368 3386 1421 auctoritatem
3413 1372 3697 1425 reveritum
3727 1389 3872 1440 esse,

2301 1447 2597 1504 Ecclesium
2622 1467 2748 1506 vero
2789 1471 2894 1509 non
2922 1456 3289 1527 obtemperare
3319 1461 3542 1515 Domino
3572 1466 3734 1520 verba
3761 1468 3875 1522 vita

2302 1539 2558 1608 loquenti,
2587 1557 2647 1596 ac
2678 1541 2910 1600 divinam
2937 1562 3064 1602 vere
3096 1550 3316 1617 gratiam
3350 1551 3402 1606 in
3434 1553 3590 1607 labiis
3618 1555 3829 1610 liabemi
3858 1575 3869 1610 :

2300 1644 2420 1682 nam
2450 1629 2650 1696 Dilfusa
2685 1644 2757 1686 est
2781 1635 2946 1704 gratia
2971 1639 3025 1689 in
3046 1638 3189 1691 labiis
3213 1643 3308 1693 tuis
3335 1640 3504 1708 (Psal.
3531 1645 3625 1698 44.
3648 1646 3736 1714 5).
3775 1646 3870 1700 Sed

2298 1719 2362 1771 ad
2387 1723 2712 1788 propositum
2737 1724 3043 1780 redeamus.
3076 1727 3408 1797 Cognoscant,
3436 1733 3555 1800 quia
3578 1749 3758 1787 nomen
3791 1737 3873 1789 tibi

2300 1813 2566 1869 Dominus.
2599 1817 2784 1872 Utrum
2817 1820 2895 1874 vis
2920 1818 3076 1890 elige,
3109 1834 3214 1875 non
3233 1823 3380 1891 quasi
3411 1839 3498 1878 res
3519 1825 3575 1878 in
3608 1834 3696 1879 tua
3729 1839 3871 1895 pote-

2299 1912 2436 1958 state
2459 1906 2527 1958 sit
2557 1908 2725 1974 posita
2759 1925 2772 1960 :
2806 1924 2977 1978 neque
3004 1911 3145 1963 enim
3173 1926 3292 1964 cum
3331 1911 3487 1967 Jesus
3515 1913 3662 1969 Nave
3689 1916 3754 1969 ad
3782 1932 3872 1984 po-

2300 1995 2477 2063 pulum
2500 1996 2734 2052 diceret:
2759 1997 2948 2070 Eligite
2972 2000 3106 2055 vobis
3131 2002 3280 2055 hodie
3299 2008 3384 2054 cui
3409 2006 3654 2073 serviam,
3677 2023 3742 2058 an
3759 2009 3872 2070 diis,

2297 2103 2420 2154 quos
2439 2089 2698 2142 coluerunt
2715 2099 2882 2158 patres
2903 2092 3070 2157 vestri,
3097 2108 3162 2144 an
3179 2091 3397 2146 Domino
3420 2094 3524 2148 Deo
3544 2106 3718 2149 nostra
3741 2098 3872 2168 (los.

2296 2179 2386 2232 24.
2413 2179 2521 2248 15),
2546 2180 2666 2234 ideo
2696 2190 3013 2248 poteSIatem
3037 2183 3261 2252 eligendi
3285 2185 3592 2239 hominibus
3619 2188 3876 2241 concede-

2297 2268 2406 2332 bat,
2439 2267 2532 2322 sed
2555 2279 2612 2322 ut
2637 2272 2963 2336 ostenderet,
2995 2273 3244 2341 pietatem
3273 2274 3421 2343 sequi
3449 2275 3731 2330 arbitrium
3755 2276 3876 2331 dili-

2297 2360 2534 2426 gentium
2563 2358 2750 2415 Deum.
2776 2359 2905 2415 Item
2933 2363 3054 2417 alibi
3079 2380 3095 2418 :
3135 2363 3237 2419 Vos
3264 2373 3408 2420 testes
3433 2368 3548 2421 estis
3568 2378 3746 2422 contra
3768 2386 3874 2434 vos,

2296 2452 2431 2514 quod
2458 2465 2542 2502 vos
2573 2449 2842 2503 Dominum
2878 2452 3143 2522 elegeritis,
3178 2455 3247 2508 ad
3270 2457 3582 2511 serviendum
3607 2460 3685 2512 illi
3715 2459 3875 2530 (Ibid.

2297 2554 2343 2589 υ.
2371 2536 2483 2607 22).
2525 2539 2978 2604 Quemadmodum
3010 2545 3152 2599 enim
3178 2546 3246 2600 ibi
3274 2548 3418 2616 optio
3445 2548 3535 2603 Dei
3564 2551 3876 2620 dignitatem

2298 2643 2400 2681 non
2430 2632 2748 2684 contmnelia
2773 2632 2972 2698 affecit,
3001 2635 3096 2689 sed
3123 2636 3346 2693 liberum
3365 2639 3642 2697 arbitrium
3668 2644 3874 2712 piorum

2298 2719 2566 2772 ostendit:
2601 2722 2677 2776 sic
2704 2722 2862 2775 etiam
2890 2739 3050 2791 nunc,
3087 2727 3130 2779 si
3155 2725 3322 2783 libero
3357 2729 3579 2784 arbitrio
3604 2733 3874 2801 Optionem

2296 2809 2495 2863 dedero
2515 2853 2528 2875 ,
2560 2827 2663 2866 non
2689 2815 2997 2883 dignitatem
3025 2821 3346 2874 contumelia
3385 2822 3580 2889 afﬁcio,
3607 2825 3701 2879 sed
3728 2829 3873 2882 arbi-

2299 2900 2454 2953 trium
2484 2902 2723 2970 exploro.
2766 2905 2895 2959 illud
2919 2947 2931 2968 ,
2963 2906 3276 2978 Cognoscant
3304 2914 3422 2982 quia
3450 2930 3629 2969 nomen
3653 2918 3742 2970 tibi
3766 2917 3874 2972 Do-

2295 2992 2479 3055 minus,
2503 2990 2568 3045 de
2596 2993 2842 3062 Patrene,
2872 3010 2938 3050 an
2965 2998 3031 3052 de
3059 2998 3192 3053 Filio
3217 2999 3413 3055 dictum
3439 3004 3557 3057 est?
3583 3004 3715 3060 Nam
3737 3009 3874 3064 side

2295 3078 2473 3142 Patre.
2499 3090 2550 3135 et
2568 3083 2610 3136 si
2635 3098 2825 3138 nomen
2858 3085 3030 3140 Patrls
3056 3089 3129 3142 sit
3155 3089 3429 3159 Dominus,
3449 3108 3643 3149 nomen
3665 3113 3877 3168 quoque

2296 3171 2413 3225 Filii
2459 3175 2710 3228 Dominus
2739 3193 2752 3229 :
2800 3176 2943 3231 Unus
2970 3181 3109 3233 enim
3151 3181 3398 3237 Dominus
3431 3183 3583 3239 Iesus
3612 3187 3874 3252 Christus.

2298 3277 2385 3328 per
2412 3279 2555 3331 quem
2594 3266 2761 3318 omnia
2795 3266 2868 3336 (1.
2896 3267 3013 3322 Cor.
3045 3270 3097 3323 8.
3130 3271 3184 3340 6)
3221 3288 3236 3333 ;
3264 3286 3390 3342 ergo
3427 3276 3876 3344 quemadmodum

2295 3351 2545 3420 dignitas,
2576 3355 2646 3407 ita
2670 3365 2723 3409 et
2755 3373 2944 3411 nomen
2968 3373 3252 3415 commune
3277 3369 3380 3416 est.
3413 3363 3606 3418 Verum
3639 3366 3757 3420 Filii
3782 3384 3879 3421 no-

2294 3458 2414 3497 men
2456 3445 2708 3502 Dominus
2745 3458 2828 3501 est
2869 3465 2883 3503 :
2930 3466 3056 3520 ergo
3099 3453 3246 3507 solus
3276 3452 3442 3508 Filius
3467 3465 3550 3509 est
3574 3456 3872 3513 Dominus:

2297 3550 2416 3588 nam
2457 3536 2534 3588 Tu
2563 3538 2700 3590 solus
2740 3538 3027 3593 Altissimus
3063 3559 3216 3610 super
3252 3559 3448 3597 omnem
3489 3557 3699 3600 terram.
3736 3547 3876 3616 Ergo

2295 3637 2414 3676 cum
2447 3641 2583 3680 unus
2613 3637 2666 3678 et
2691 3628 2841 3682 solus
2880 3629 3134 3683 Dominus
3162 3631 3233 3685 sit
3274 3630 3461 3700 Filius,
3489 3633 3647 3688 Pater
3671 3636 3877 3692 alienus

2297 3729 2326 3767 a
2355 3715 2719 3771 dominatione
2747 3719 2867 3772 est?
2895 3720 3064 3774 Absit.
3092 3720 3273 3790 Neque
3298 3724 3438 3777 enim
3465 3739 3585 3778 cum
3614 3725 3773 3780 Pater
3790 3741 3878 3781 so-

2296 3804 2378 3859 lus
2414 3806 2729 3874 praedicatur
2761 3807 2930 3874 Deus,
2977 3809 3095 3864 ideo
3123 3811 3289 3866 Filius
3316 3827 3346 3866 a
3377 3813 3661 3871 divinitate
3695 3818 3874 3886 priva-

2297 3907 2419 3952 tnr:
2451 3915 2570 3952 nam
2637 3898 2699 3953 In
2727 3902 2974 3970 principio
3008 3913 3113 3955 erat
3151 3903 3396 3969 Verbum,
3439 3915 3484 3959 et
3533 3905 3746 3961 Verbum
3771 3918 3878 3962 erat

2295 3989 2433 4057 apud
2480 3988 2660 4055 Deum,
2692 4001 2736 4043 et
2775 3990 2908 4045 Deus
2946 4002 3052 4044 erat
3088 3992 3304 4047 Verbum
3340 3994 3516 4062 (Joan.
3543 3997 3590 4051 1.
3628 3998 3703 4067 1).
3736 3998 3876 4067 Ergo

2297 4098 2467 4152 neque
2495 4083 2613 4146 hoc,
2645 4083 2785 4137 Deus
2816 4082 2988 4151 Pater,
3022 4086 3216 4140 Filium
3241 4087 3469 4141 excludit
3500 4104 3528 4140 a
3558 4089 3831 4143 divinitate
3856 4106 3875 4145 :

2297 4190 2417 4228 nam
2452 4174 2585 4229 Deus
2628 4185 2734 4229 erat
2781 4174 3036 4240 Verbum;
3079 4193 3252 4246 neque
3296 4193 3415 4232 cum
3456 4179 3619 4234 Filius
3657 4180 3871 4246 dicitur,

2297 4264 2441 4319 Unus
2466 4266 2708 4320 Dominus
2724 4309 2739 4333 ,
2768 4268 2970 4324 alienus
2994 4270 3294 4324 ostenditur
3319 4270 3478 4325 Pater
3495 4287 3526 4325 a
3546 4272 3875 4327 dominatio-

2293 4370 2359 4408 ne
2385 4371 2397 4408 :
2431 4371 2551 4409 nam
2581 4356 2725 4410 Dixit
2752 4357 2996 4412 Dominus
3027 4359 3243 4414 Domino
3271 4377 3404 4426 meo,
3435 4361 3570 4416 Sede
3607 4379 3640 4414 a
3682 4364 3877 4418 dextris

2292 4449 2414 4500 meis
2440 4450 2458 4516 (
2481 4447 2626 4500 Psal.
2657 4449 2778 4503 l09.
2825 4450 2911 4519 l).
2955 4451 3210 4505 Dominus
3234 4467 3362 4521 ergo
3389 4454 3567 4519 Pater,
3617 4455 3876 4512 Dominus

2293 4541 2478 4606 Filius,
2508 4541 2763 4594 Dominus
2792 4541 3016 4608 Spiritus
3037 4550 3252 4595 sanctus
3278 4557 3292 4594 :
3320 4542 3567 4598 Dominus
3591 4546 3722 4597 enim
3743 4545 3869 4616 Spi-

2293 4633 2419 4684 ritus
2450 4642 2520 4684 est
2556 4632 2651 4700 (2.
2682 4630 2798 4685 Cor.
2835 4632 2886 4685 5.
2918 4633 2982 4686 l7
3004 4635 3040 4697 ).
3073 4631 3178 4687 Sed
3211 4648 3420 4687 rursum
3461 4634 3743 4691 haereticus
3781 4655 3876 4693 ex-

2291 4734 2569 4794 asperatur
2585 4725 2969 4794 excitaturque,
2990 4740 3053 4779 ac
3074 4725 3357 4780 Dominum
3375 4726 3595 4780 audiens
3614 4726 3866 4796 Spiritum

2292 4829 2556 4882 sanctum,
2589 4817 2955 4886 disrumpitur.
2984 4817 3281 4883 Quomodo,
3317 4817 3513 4886 inquit,
3536 4818 3768 4888 Spiritus
3785 4830 3870 4875 est

2295 4909 2550 4962 Dominus
2580 4951 2590 4971 ,
2619 4909 2706 4976 qui
2735 4922 2828 4976 per
2857 4908 3168 4977 prapltetam
3209 4908 3464 4964 Davidem
3495 4909 3746 4979 loquens,
3782 4910 3873 4965 Fio

2291 4999 2415 5051 lium
2447 4999 2682 5052 celebrat
2711 4997 2792 5052 his
2816 4997 3012 5064 verbis,
3043 4997 3187 5052 Dixit
3217 4997 3466 5053 Dominus
3485 4998 3703 5055 Donsino
3722 5002 3874 5055 meo?

2293 5087 2496 5153 Viden‘,
2532 5089 2724 5158 inquit,
2755 5088 3010 5158 Spiritum
3040 5097 3281 5143 sanctum
3313 5105 3412 5160 per
3443 5092 3756 5161 prophetam
3787 5093 3868 5146 lo-

2290 5194 2536 5252 quentem
2580 5183 2862 5236 Dominum
2899 5181 3140 5237 conﬁteri
3171 5198 3326 5237 suum
3357 5192 3412 5239 et
3432 5183 3645 5240 Patrem
3677 5195 3732 5240 et
3774 5185 3870 5241 Fi-

2290 5273 2416 5326 lium
2444 5274 2466 5324 ?
2511 5273 2644 5340 Quid
2675 5273 2851 5343 igitur,
2873 5274 3064 5328 fratres
3093 5273 3117 5326 Ἰ
3151 5272 3229 5328 Ne
3253 5275 3522 5342 proposita
3540 5275 3704 5330 dictio
3725 5277 3870 5346 apud

2289 5363 2558 5420 auditores
2583 5366 2636 5418 in
2663 5365 2824 5420 dubio
2861 5376 3102 5421 versetur
3133 5407 3148 5433 ,
3182 5366 3234 5420 in
3280 5365 3447 5437 ipsam
3492 5369 3638 5423 vocis
3665 5369 3871 5441 disqui-

2288 5455 2535 5509 sitionem
2575 5456 2808 5521 veniam,
2833 5463 2998 5511 totum
3047 5455 3198 5510 vobis
3237 5455 3488 5513 dictionis
3515 5473 3731 5514 sensum
3773 5475 3870 5518 ex-

2288 5545 2516 5617 multo.

2359 5633 2411 5689 9.
2445 5633 2696 5689 Servator
2742 5634 3046 5705 aliquando,
3099 5649 3221 5690 eum
3277 5635 3331 5690 in
3381 5634 3690 5693 Judeorum
3737 5654 3872 5710 syn-

2287 5741 2450 5800 agoga
2522 5728 2812 5797 disputaret
2857 5729 3260 5798 exploraretque
3303 5744 3461 5798 quam
3513 5728 3582 5783 de
3640 5745 3702 5786 se
3749 5736 3874 5804 ομ.
