4158 6474
632 527 722 582 καὶ
747 522 1012 594 ὑπόληψιν
1036 522 1085 575 οί
1114 521 1317 583 πολλοὶ,
1342 520 1488 589 λέγει
1518 522 1648 592 πρὸς
1672 522 1867 587 αὐτούς
1890 538 1903 552 ’
1942 523 2080 579 Τίνα
2105 527 2205 579 λέο

630 625 763 677 τετε
777 602 926 662 εἶναι
946 605 1049 657 τὸν
1072 606 1363 673 Χριστόν;
1380 604 1541 669 τίνος
1561 604 1732 657 ἐστὶν
1751 608 1783 657 ὁ
1805 607 1967 671 υίός;
1994 608 2212 676 Λέγου-

628 707 735 745 σιν
752 692 805 744 οι
822 687 1174 757 γραμματεῖς
1189 686 1284 740 καὶ
1309 688 1363 739 ol
1384 686 1684 751 φαρισαῖοι
1696 702 1709 717 ο
1735 688 1843 741 Τοῦ
1859 689 2056 742 Δαυΐδ.
2078 684 2210 742 Εἶτα

632 773 831 842 Κύριος
858 769 1145 832 ἀντιτιθεὶς
1173 768 1350 821 αὐτῶν
1374 771 1439 839 τῇ
1468 770 1709 838 ὑπονοίᾳ,
1747 770 1902 823 πάλιν
1930 772 2175 841 ἐπήγαγε
2193 788 2207 800 ·

627 855 738 909 Καὶ
779 853 903 919 πῶς
941 852 1120 905 Δαυῖδ
1172 851 1241 903 ὲν
1279 852 1572 918 Πνεύματι
1610 850 1753 919 ἁγίῳ
1803 852 1979 905 κα.ίεῖ
2019 854 2207 906 αὐτὸν

634 938 887 1005 Κύριονει
912 951 926 998 ;
959 931 1105 987 Είπε
1141 932 1249 1003 γάρ
1276 936 1307 986 ό
1329 934 1542 999 Κύριος
1569 931 1645 996 τῷ
1679 934 1869 999 Κυρίῳ
1898 952 2017 1003 μου
2040 948 2055 962 ’
2094 932 2211 986 Κά-

632 1022 739 1072 θου
778 1018 843 1071 ἐκ
879 1016 1092 1080 δεξιῶν
1124 1034 1261 1085 μου.
1308 1016 1379 1067 T6
1420 1016 1495 1077 δὲ,
1541 1017 1636 1066 Ἐν
1682 1018 1982 1085 Πνεύματι
2041 1016 2209 1085 ἁγίῳ,

632 1101 993 1173 προσέθηκεν,
1015 1101 1111 1171 οὐχ
1145 1099 1227 1152 ἵνα
1269 1099 1328 1150 τὸ
1359 1096 1580 1167 Πνεῦμα
1612 1097 1794 1151 δοῦλον
1824 1098 2082 1171 ἀποδείξῃ
2117 1098 2211 1150 τοῦ

632 1184 1034 1253 κηρυττομένου
1075 1181 1329 1251 Χριστοῦ,
1364 1181 1478 1233 ἀλλ’
1508 1180 1593 1233 ἵνα
1642 1181 1825 1249 σαφῶς
1856 1182 2208 1252 παραστήσῃ,

630 1268 709 1320 ὃτι
737 1269 765 1321 6
796 1268 1078 1338 προφήτης
1113 1267 1169 1317 ὲν
1200 1264 1476 1334 Πνεύματι
1516 1266 1653 1335 ἁγίῳ
1687 1266 1752 1317 τὰ
1786 1265 2046 1334 μέλλοντα
2080 1282 2207 1333 προ-

630 1350 791 1421 ορῶν,
816 1350 844 1401 ὃ
875 1349 1123 1418 1ίγμελλεν,
1156 1348 1269 1399 υἱὸν
1314 1348 1453 1399 κατὰ
1494 1348 1692 1417 σάρκα.
1734 1348 1939 1417 Κύριον
1962 1348 2213 1416 ὁμολογεῖ

631 1434 770 1486 κατά
798 1432 1071 1502 ἀλήθειαν.
1118 1432 1189 1482 Οὐ
1236 1431 1342 1501 γὰρ
1391 1430 1518 1502 περὶ
1564 1430 1654 1482 τοῦ
1694 1430 1845 1497 ἁγίου
1895 1430 2210 1500 Πνεύματος

629 1516 911 1586 προέκειτο
942 1514 1018 1584 τῷ
1046 1513 1230 1583 Κυρίῳ
1258 1513 1684 1583 ὲξεταζομένῳὶι,
1704 1514 1835 1565 ἁλλά
1862 1514 1987 1583 περὶ
2016 1512 2206 1567 αὐτοῦ·

628 1598 790 1650 Δαυῒδ
815 1599 927 1651 υίδν
956 1598 1066 1667 ἔχει
1091 1597 1178 1649 τὸν
1204 1595 1424 1666 Κύριον,
1450 1596 1481 1666 ἢ
1513 1597 1776 1667 δεσπότην
1798 1614 1811 1660 ;
1844 1597 2057 1666 Ἀμέλει
2084 1597 2212 1664 γοῦν

629 1682 790 1745 αὐτὸς
829 1684 856 1733 6
891 1680 1091 1751 Κύριος
1132 1678 1478 1751 προαναιρῶν
1510 1680 1610 1751 τὴν
1650 1680 1754 1733 τῶν
1788 1681 2080 1750 αἰρετικῶν
2116 1698 2210 1733 συ-

630 1764 945 1833 κοφαντίαν,
979 1764 1070 1815 καὶ
1110 1762 1394 1828 φυλάττων
1419 1763 1675 1833 ἀκέραιον
1717 1764 1809 1816 τοῦ
1852 1764 2009 1833 ἁγίου
2047 1763 2212 1816 Πνεύ-

632 1864 797 1916 ματος
830 1846 889 1899 τὸ
922 1844 1156 1914 ἀξίωμα,
1188 1847 1252 1914 τῇ
1288 1845 1549 1914 ἐπαγωγῇ
1598 1845 1711 1897 λύει
1744 1847 1841 1915 τὴν
1867 1846 2214 1917 ἀμφισϐήτη-

631 1946 732 1982 σιν.
760 1930 822 1981 Τί
854 1925 945 1981 οὖν
975 1944 1175 1996 φησινς
1212 1926 1273 1979 El
1314 1923 1427 1981 οὖν
1455 1927 1635 1980 Δαυῒδ
1672 1928 1849 1981 καλεῖ
1872 1929 2059 1982 αὐτὸν
2099 1931 2215 1983 Κύο

622 2028 775 2079 ριον,
815 2011 933 2076 πῶς
970 2013 1093 2074 υίὸς
1117 2008 1301 2062 αὐτοῦ
1339 2008 1539 2072 ἐστινς
1570 2010 1683 2063 υύκ
1713 2008 1883 2075 εἶπεν,
1918 2012 1983 2066 Ei
2016 2008 2108 2066 οῦν
2152 2012 2213 2065 16

629 2094 854 2163 Πνεῦμα
896 2093 955 2145 16
1003 2093 1155 2161 ἀγιον
1199 2092 1353 2144 καλεῖ
1401 2093 1560 2145 αὐτὸν
1613 2092 1837 2165 Κύριον,
1874 2094 2011 2161 ἀλλ’,
2067 2097 2135 2148 EI
2180 2098 2213 2148 ό

628 2176 809 2229 Δαυῒδ
850 2174 1027 2228 καλεῖ
1069 2174 1257 2228 αὑτὸν
1286 2175 1520 2243 Κίφιον.
1555 2177 1655 2229 Διὰ
1693 2178 1744 2229 τί
1771 2174 1863 2231 οῦν
1906 2179 2212 2249 προσέθηκε

627 2260 709 2320 τὸ,
755 2261 850 2311 Ἐν
902 2259 1201 2327 Πνεύματι
1267 2258 1413 2326 ἁγίῳ
1474 2258 1651 2310 must
1709 2260 1895 2312 αὐτὸν
1962 2262 2213 2327 Κύριον;

641 2342 856 2413 Ἐπειδὴ
908 2342 969 2393 16
1009 2344 1181 2393 εἰπεῖν
1216 2341 1344 2409 περὶ
1391 2340 1625 2410 Χριστοῦ
1682 2342 1786 2411 πρὸ
1828 2342 1925 2412 τῆς
1976 2342 2210 2413 Χριστοῦ

629 2425 930 2495 παρουσίας
971 2426 1071 2476 οὐκ
1098 2419 1165 2493 ἦν
1206 2421 1457 2492 σώματος
1498 2422 1813 2492 βλέποντος,
1861 2424 1995 2477 ἀλλά
2039 2424 2211 2476 Πνεύ-

631 2523 799 2575 ματος
856 2506 1010 2575 ἁγίου
1071 2503 1529 2575 προδεικνύοντος.
1581 2505 1715 2557 Οὐδὲ
1779 2506 1887 2576 γὰρ
1938 2507 1973 2561 ἃ
2019 2508 2212 2559 ἔϐλεπε

627 2589 807 2652 Δαυῒδ,
849 2591 1173 2660 ἐκήρυττεψ
1225 2588 1339 2641 ἀλλ’
1378 2589 1411 2643 ἀ
1456 2589 1515 2640 16
1552 2590 1773 2661 Πιεῦμα
1816 2592 1876 2642 τὸ
1917 2591 2069 2658 ἆγιον
2105 2592 2211 2643 ὐπ-

628 2672 839 2734 ἑϐαλλε,
870 2672 1043 2726 ταῦτα
1079 2672 1165 2724 διὰ
1198 2672 1295 2743 τῆς
1323 2673 1695 2742 πνευματικῆς
1730 2672 1984 2739 ἔκρούετο
2020 2672 2209 2745 λύρας.

626 2756 725 2808 Διά
757 2756 914 2809 τοῦτο
947 2755 1026 2819 16,
1072 2756 1317 2821 Κύριος,
1356 2756 1686 2825 προσέθηκεν
1724 2754 1851 2821 Πῶς
1891 2756 2004 2809 οὖν
2033 2756 2214 2809 Δαυῒὸ

624 2839 697 2891 ἐν
716 2840 1010 2907 Πνεύματι
1034 2838 1179 2906 ἁγίῳ
1208 2836 1378 2889 καλεῖ
1405 2838 1592 2889 αὐτὸν
1619 2840 1874 2904 Κύριον;
1897 2838 2014 2891 Ἶνα
2044 2839 2101 2891 δὲ
2135 2838 2211 2910 μὴ

626 2921 726 2993 τὴν
767 2920 1113 2991 βλασφημίαν
1157 2920 1185 2971 6
1235 2918 1509 2987 αίρετικδς
1562 2922 1640 2982 είς
1686 2920 1747 2972 τὸ
1784 2920 1937 2987 ἅγιον
1982 2920 2209 2991 Πνεῦμα

630 3002 855 3074 ἑλκύσῃ,
890 3004 1135 3073 ἐπήγαγε
1185 2999 1365 3063 πάλιν,
1408 3000 1482 3063 ὼς
1531 3000 1774 3071 ἔφθημεν
1832 3003 2112 3067 εἰπόντεςο
2144 3006 2213 3057 El

626 3082 743 3141 οὖν
778 3086 957 3139 Δαυῒδ
982 3087 1169 3139 αὐτόν
1206 3083 1382 3137 καλεῖ
1407 3086 1645 3152 Κύριον,
1689 3084 1815 3149 πῶς
1858 3086 1989 3151 υίὸς
2025 3086 2211 3141 αὐτοῦ

627 3169 835 3235 ἐστιν;
865 3167 1070 3221 Οὐκοῦν
1096 3168 1128 3219 6
1167 3166 1327 3219 Δαυῒδ
1366 3166 1525 3219 αὐτὸν
1556 3169 1611 3220 ἐν
1642 3166 1916 3238 Πνεύματι
1946 3169 2086 3239 ἁγίῳ
2116 3187 2213 3224 κα-

628 3252 710 3305 λεῖ
740 3253 829 3304 16v
868 3251 1100 3321 Χριστὸν
1157 3248 1381 3319 Κύριον.
1420 3247 1625 3302 Ἐκεῖνο
1678 3250 1733 3302 δὲ
1782 3252 2213 3321 προηγουμένως

631 3336 1011 3405 σκοπήσωμεν.
1044 3334 1123 3385 ὅτι
1159 3334 1266 3395 πᾶς
1300 3334 1583 3403 προφήτης
1622 3333 1684 3383 ὲκ
1714 3332 2027 3403 Πνεύματος
2054 3335 2209 3402 ἁγίου

627 3416 778 3469 λαλεί
822 3416 889 3467 τά
938 3415 1139 3467 εἰκότα.
1173 3416 1379 3476 Πάντες
1440 3416 1546 3483 γὰρ
1594 3414 1982 3485 ὁμολογοῦμεν,
2029 3417 2103 3478 ὡς
2155 3419 2211 3468 ὲν

629 3499 906 3569 Πνεύματι
963 3498 1102 3567 ἁγίῳ
1160 3497 1426 3565 ὲλάλησαν
1458 3498 1507 3548 ot
1567 3497 1878 3567 προφῆται,
1926 3499 2001 3561 ὡς
2059 3500 2212 3552 καίὀ

642 3581 961 3643 Ἀπόστολος
1011 3582 1279 3651 μαρτυρεῖ
1311 3579 1483 3647 λέγων
1502 3594 1513 3605 ·
1544 3579 1753 3645 Καλῶς
1776 3579 1840 3632 τὸ
1868 3580 2110 3649 Πνεῦμα
2145 3581 2211 3635 τό

628 3663 800 3729 ἅγιον
830 3662 1098 3729 ἐλάλησε
1133 3662 1279 3728 πρὸς
1312 3661 1453 3725 τοὺς
1484 3660 1743 3728 πατέρας
1788 3661 1954 3729 υμῶν
1983 3662 2081 3716 διὰ
2105 3663 2213 3717 τοῦ

627 3744 956 3813 προφήτου.
978 3746 1085 3797 Καὶ
1102 3743 1262 3795 πάλιν
1283 3743 1583 3805 καθολικῶς
1605 3746 1632 3795 6
1646 3742 1777 3804 Θεός
1800 3760 1813 3774 ·
1849 3744 2072 3813 Ἑλιχεὼ
2092 3746 2211 3799 ἀπὸ

626 3828 736 3882 τοῦ
770 3828 1118 3895 Πνεύματός
1141 3842 1283 3893 μου.
1306 3825 1402 3877 ἐπὶ
1441 3823 1651 3879 πᾶσαν
1678 3825 1897 3893 σάρκα,
1930 3827 2027 3879 καί
2066 3842 2207 3894 προ-

627 3911 1021 3980 φητεύσουσι.
1053 3908 1163 3962 Καὶ
1194 3909 1462 3977 Μωῦσῆς·
1512 3910 1605 3974 Τίς
1654 3908 1830 3963 δώσει
1876 3909 2072 3963 πάντα
2105 3911 2213 3963 τὸν

625 3995 781 4049 λαὸν
796 3993 1107 4063 προφήτας
1122 3988 1271 4047 εἶναι
1282 4035 1295 4054 ,
1312 3993 1382 4045 ἐν
1403 3992 1481 4056 τῷ
1501 3992 1710 4049 δοῦναι
1730 3997 1949 4063 Κύριον
1960 3994 2026 4049 τὸ
2043 3996 2213 4064 ἅγιον

628 4078 872 4147 Πνεῦμα
916 4076 1101 4131 αὐτοῦ
1131 4076 1223 4129 ἐπ’
1252 4077 1506 4141 αὑτούς;
1548 4077 1808 4130 Ἐνταῦθα
1859 4079 2212 4151 προσέχωμεν

627 4161 892 4231 ἀκριϐῶς,
927 4160 1043 4221 πῶς
1072 4160 1103 4228 ἡ
1133 4159 1322 4227 θεότης
1349 4159 1621 4213 δείκνυται
1652 4160 1743 4213 τοῦ
1772 4163 2086 4231 Πνεύματος
2115 4160 2211 4215 τοῦ

628 4245 806 4310 ἁγίου,
832 4244 929 4312 ούχ
960 4243 1045 4309 ὑφ’
1072 4242 1228 4312 ἡμῶν
1260 4242 1560 4313 ὐψουμένη,
1586 4242 1699 4295 ἀλλ’
1736 4245 1839 4297 ὐπὸ
1869 4248 1967 4317 τῆς
2002 4247 2213 4309 οἰκείας

629 4327 782 4391 ἀξίας
813 4324 1210 4395 κηρυττομένη.
1259 4325 1365 4375 Καί
1403 4342 1492 4393 μοι
1529 4325 1720 4395 μικρὸν
1763 4328 2094 4398 ἐπιτρέψατε
2123 4329 2211 4382 διὰ

630 4410 874 4469 πεύσεως
897 4408 990 4460 καὶ
1014 4406 1359 4477 ἀποκρίσεως
1386 4408 1718 4476 σχηματίσαι
1739 4409 1799 4461 16
1823 4412 2177 4480 προκείμενον
2193 4430 2206 4442 ·

628 4494 749 4554 ταῖς
799 4490 906 4561 γὰρ
950 4488 1228 4551 τοιαύταις
1262 4489 1599 4542 ἁντιθέσεσιν
1640 4491 2022 4563 εὐμαρεστέρα
2070 4494 2209 4547 καθ-

632 4574 843 4627 ίσταται
869 4572 976 4623 τῶν
1009 4571 1396 4643 ἀπορουμένων
1422 4573 1455 4641 ἡ
1485 4571 1654 4635 λύσις.
1694 4574 2087 4644 Ἐρωτήσωμεν
2110 4574 2212 4627 τοί-

629 4674 741 4711 νυν·
790 4653 1191 4726 Ὀμολογοῦσιν,
1215 4655 1295 4707 ὅτι
1332 4654 1393 4707 16
1434 4655 1654 4725 Πνεῦμα
1682 4656 1741 4709 τὸ
1786 4657 1939 4725 ἀγιον
1983 4657 2209 4729 emno:

632 4740 779 4812 [527]
810 4740 898 4793 διά
930 4738 1037 4792 τῶν
1064 4737 1375 4809 προφητῶν,
1406 4737 1438 4807 ἢ
1470 4738 1782 4793 ἀπειθοῦσιν
1811 4741 1891 4794 ἔτι
1921 4743 2014 4795 καὶ
2042 4744 2213 4813 ἀμφι-

631 4824 947 4887 6άλλουσιν;
978 4823 1040 4875 El
1083 4822 1181 4892 μὲν
1231 4821 1663 4891 ἀμφιϐάλλουσι,
1705 4824 1765 4876 16
1816 4826 2211 4897 προειρημένον

630 4906 1049 4975 ὑπομνήσωμεν,
1092 4905 1210 4967 πῶς
1257 4906 1417 4967 αὐτὸς
1458 4908 1723 4977 μαρτυρεί
1770 4905 1943 4975 λέγων
1976 4910 2004 4960 6
2036 4908 2206 4971 Θεόςο

641 4986 859 5056 Ἔκχεῶ
922 4987 1041 5041 ἀπὸ
1096 4987 1201 5041 τοῦ
1264 4988 1607 5056 Πνεύματός
1657 5006 1778 5057 μου
1850 4989 1946 5043 ἐπὶ
2002 4990 2209 5046 πᾶσαν

628 5071 848 5139 σάρκα,
879 5069 976 5122 καὶ
1015 5071 1529 5139 προφητεύσουσι.
1563 5071 1636 5124 Τὸ
1675 5071 1899 5144 Πνεῦμα
1935 5073 2044 5145 γάρ
2091 5076 2206 5127 ἐστι

627 5154 686 5205 16
715 5152 967 5223 ἐνεργοῦν
990 5152 1086 5222 τὴν
1113 5153 1455 5223 προφητικὴν
1482 5153 1725 5224 δύναμιν.
1760 5155 1849 5217 Ὠς
1876 5157 1969 5209 καὶ
1998 5160 2026 5210 6
2055 5156 2207 5210 Μωῦ-

632 5237 728 5307 σῆς
779 5236 959 5295 πάλιν,
992 5237 1019 5288 6
1054 5238 1376 5304 θαυμάσιος,
1430 5238 1749 5308 βουλόμενος
1783 5240 1977 5306 δείξαι,
2026 5243 2105 5295 ὃτι
2143 5243 2205 5293 ὲκ

628 5320 941 5390 Πνεύματος
987 5319 1142 5385 ἁγίου
1184 5324 1489 5390 προφητεία
1522 5325 1857 5389 συνίσταται,
1900 5326 1999 5396 τὴν
2031 5327 2202 5394 μεγά-

628 5402 727 5473 λην
756 5402 966 5471 ἐκείνην
1000 5402 1092 5453 καὶ
1124 5400 1433 5471 θαυμασίαν
1475 5405 1670 5475 ἔρρηξε
1705 5410 1923 5477 φωνήνο
1957 5410 2066 5462 Καὶ
2113 5410 2205 5475 τίς

627 5486 804 5540 δώσει
850 5485 1044 5538 πάντα
1077 5485 1183 5537 τὸν
1215 5487 1368 5538 λαὸν
1418 5491 1634 5556 Κυρίου
1688 5492 1997 5561 προφήτας
2027 5490 2198 5556 εἶναι,

626 5569 695 5620 ἐν
726 5567 801 5633 τῷ
852 5567 1058 5621 δοῦναι
1086 5569 1301 5633 Κύριον
1335 5569 1402 5621 τὸ
1433 5573 1669 5641 Πνεῦμα
1701 5577 1886 5630 αὐτοῦ
1934 5575 2000 5629 τὸ
2031 5577 2203 5645 ἅγιον

624 5652 719 5703 ἐπ’
748 5652 995 5716 αὑτούς;
1032 5653 1093 5705 El
1134 5652 1189 5705 δὲ
1229 5652 1579 5722 ὁμολογοῦσιν
1620 5658 1856 5728 ἀληθῶς,
1890 5658 2079 5731 ῶσπερ
2108 5662 2195 5714 καὶ

688 5763 704 5785 ⁸
737 5764 770 5812 Ε
797 5763 926 5811 Bibl.
952 5766 1126 5827 Supple
1151 5767 1315 5827 λέγων.

688 5828 713 5864 1»
739 5825 848 5874 Sav.
878 5827 924 5873 in
948 5832 1071 5875 nolis
1091 5841 1177 5887 pro
1201 5830 1510 5891 ἐξεταζομένω
1536 5831 1658 5889 conj.
1688 5832 1909 5889 ἐξέτασις.

2077 402 2449 459 SEVERIANI

3789 422 3902 476 514

2320 526 2467 578 ἐστιν
2516 523 2749 595 ἀληθῶς,
2793 524 2874 576 ὃτι
2906 523 2964 575 16
2998 520 3220 590 Πνεῦμα
3257 521 3317 573 16
3352 520 3503 588 ἅγιον
3536 518 3793 591 ἐλάλησεν
3839 527 3897 577 ἓν

2314 611 2425 669 τοῖς
2454 609 2778 677 προφήταις,
2809 607 2970 660 ἄκουε
2998 605 3073 666 ὡς
3102 604 3129 654 ό
3161 605 3428 673 μακάριος
3464 605 3557 654 καί
3596 602 3900 672 θαυμάσιος

2315 690 2621 760 Ζαχαρίας,
2661 690 2689 740 6
2722 687 2815 740 τοῦ
2869 686 3175 757 προδρόμου
3224 688 3437 753 πατὴρ,
3484 684 3620 736 Θεὸν
3652 685 3798 753 λέγει
3839 689 3903 739 16

2317 772 2536 841 Πνεῦμα
2583 773 2641 824 τὸ
2691 772 2843 837 ᾶγιον
2885 770 2946 823 16
2992 770 3080 823 διὰ
3126 768 3235 821 τῶν
3282 768 3577 837 προφητῶν
3628 768 3900 839 λαλῆσαν·

2316 855 2661 921 Εὐλογητὸς
2719 856 2932 920 Κύριος
2961 855 2993 905 d
3043 852 3177 915 Θεὸς
3218 849 3324 903 τοῦ
3358 849 3626 917 Ἰσραὴλ,
3674 851 3761 904 ὅτι
3797 854 3906 905 ἐπ-

2314 937 2636 1003 εσκέψατο,
2673 936 2767 988 καί
2798 936 3048 999 ἐποίησε
3078 934 3381 999 λύτρωσιν
3412 932 3491 996 τῷ
3523 932 3653 997 ,ιαῷ
3678 935 3903 987 αὑτοῦ⁸

2314 1021 2411 1071 καὶ
2464 1019 2657 1087 ἤγειρε
2689 1017 2866 1085 κέρας
2914 1016 3211 1084 σωτηρίας
3246 1014 3389 1082 ἡμῖν
3428 1018 3497 1067 ἐν
3528 1017 3675 1078 οικῳ
3722 1017 3905 1070 Δαυῒδ

2315 1104 2420 1156 τοῦ
2453 1103 2666 1167 παιδὸς
2701 1100 2916 1155 αὐτοῦ·
2953 1099 3143 1163 καθὼς
3167 1098 3440 1164 ἐλάλησε
3467 1098 3564 1152 διὰ
3604 1102 3905 1168 στόματος

2314 1186 2433 1238 τῶν
2466 1187 2667 1254 ἁγίων,
2715 1183 2831 1237 τῶν
2871 1183 2971 1237 ἀπ’
2998 1181 3215 1246 αἰῶνος
3248 1181 3570 1249 προφητῶν
3600 1185 3809 1239 αὑτοῦ.
3840 1186 3903 1237 Εἰ

2317 1269 2492 1321 τοίνυν
2534 1271 2561 1321 6
2595 1268 2833 1337 λαλήσας
2862 1266 2949 1319 διά
2978 1266 3243 1333 στόματος
3275 1264 3383 1318 τῶν
3421 1266 3719 1333 προφητῶν
3746 1266 3902 1333 Θεὸς,

2316 1352 2540 1421 ἐλάλησε
2578 1351 2633 1404 δὲ
2675 1352 2735 1403 16
2776 1348 2998 1418 Πνεῦμα
3026 1348 3088 1400 16
3138 1348 3289 1414 ἀγιον
3334 1348 3391 1398 ἐν
3424 1349 3536 1408 τοῖς
3570 1350 3899 1418 προφήταις.

2314 1434 2389 1497 ῶς
2418 1451 2578 1505 φησιν
2597 1438 2623 1487 6
2647 1432 2806 1487 Δαυῒδ
2833 1436 2888 1485 ὲν
2913 1434 2978 1501 τῇ
2999 1430 3165 1501 βίϐλῳ
3184 1430 3291 1481 τῶν
3314 1429 3608 1484 Βασιλειῶν
3626 1446 3639 1459 ⁸
3660 1430 3904 1498 Πνεῦμα

2313 1518 2425 1587 γὰρ
2455 1518 2673 1581 Κυρίου
2703 1516 3011 1581 ἐλάλησεν
3039 1512 3109 1565 ἐν
3136 1512 3299 1580 ἐμοί·
3333 1512 3464 1575 Θεὸς
3512 1512 3620 1582 ἄρα
3652 1514 3746 1565 καὶ
3786 1513 3901 1566 Κύ-

2316 1618 2429 1672 ριος
2460 1601 2521 1652 16
2553 1598 2774 1668 Πνεῦμα
2802 1598 2861 1650 16
2888 1599 3041 1664 ἅγιον
3064 1596 3124 1647 16
3148 1595 3238 1647 διὰ
3268 1594 3376 1647 τῶν
3410 1594 3705 1663 προφητῶν
3740 1594 3904 1663 φθεγ-

2316 1684 2563 1754 ξάμενον.
2591 1681 2735 1736 Λάϐε
2758 1680 2813 1733 δέ
2848 1697 2936 1749 μοι
2967 1681 3111 1749 σαφῆ
3136 1678 3244 1730 τῶν
3272 1677 3581 1746 λεγομένων
3603 1678 3900 1743 ἀπόδειξιν.

2329 1767 2388 1818 '0
2419 1766 2561 1827 θεῖος
2597 1763 2918 1825 Ἀπόστολος
2950 1762 3269 1831 βουλόμενος
3296 1763 3360 1829 τῇ
3392 1763 3703 1831 προφητικῇ
3748 1764 3902 1831 φωνῇ

2313 1848 2482 1912 δείξαι
2512 1849 2571 1900 16
2602 1845 2825 1916 Πνεῦμα
2850 1845 2911 1897 16
2940 1845 3115 1912 ἅγιον,
3148 1846 3311 1912 φησὶν
3348 1845 3406 1894 ὲν
3432 1844 3499 1912 τῇ
3536 1842 3671 1911 πρὸς
3709 1844 3906 1915 Κοριν-

2316 1930 2460 1994 θίους
2513 1930 2821 1999 Ἐπιστολῇ·
2868 1928 3010 1982 Ἐὰν
3038 1926 3261 1991 πάντες
3292 1926 3733 1993 προφητεύητε,
3772 1928 3903 1979 εισ-

2312 2014 2459 2083 6.1011
2505 2013 2572 2067 δέ
2612 2031 2701 2076 τις
2740 2009 2994 2077 ίδιὼτης,
3036 2010 3074 2077 ἢ
3109 2008 3383 2073 ἄπιστος,
3428 2008 3739 2076 ἐλέγχεται
3780 2008 3902 2061 ὑπὸ

2315 2097 2575 2159 πάντων,
2604 2094 2986 2162 ἀνακρίνεται
3010 2092 3128 2147 ὑπὸ
3157 2090 3419 2154 πάντων,
3451 2090 3521 2142 τὰ
3539 2095 3770 2157 κρυπτὰ
3789 2088 3903 2156 τῆς

2315 2178 2565 2247 καρδίας
2596 2176 2779 2231 αὑτοῦ
2821 2176 3049 2244 φανερὰ
3080 2176 3301 2242 γίνεται
3324 2190 3336 2203 ’
3378 2173 3475 2226 καὶ
3507 2174 3659 2225 οῦτω
3694 2172 3903 2225 πεσὼν

2314 2262 2411 2315 ἐπί
2440 2263 2766 2329 πρόσωπον
2792 2259 2977 2311 αὐτοῦ
3006 2256 3443 2323 προσκυνήσει,
3474 2253 3899 2322 ἀπαγγέλλων,

2315 2344 2403 2397 ὅτι
2435 2345 2615 2407 ὅντως
2652 2347 2683 2395 ὀ
2716 2342 2859 2407 Θεὸς
2905 2341 2973 2392 ἐν
3006 2338 3145 2406 ὑμῖν
3193 2338 3381 2391 ἐστιν.
3423 2338 3586 2407 Ὁρᾷς
3617 2339 3699 2390 ὅτι
3733 2336 3796 2388 16
3842 2337 3902 2389 ὲν

2315 2430 2426 2489 τοῖς
2478 2424 2880 2496 προφητεύουσι
2928 2421 3149 2491 Πνεῦμα
3193 2419 3322 2472 Θεὸν
3366 2420 3659 2491 διαρρήδην
3703 2418 3899 2488 ἀνηγό-

2319 2526 2507 2580 ρευσεν
2532 2512 2560 2561 6
2594 2509 2693 2576 τῆς
2722 2504 3003 2567 εὐσεϐείας
3034 2503 3382 2567 διδάσκαλοςς

2389 2598 2443 2644 ι’.
2476 2592 2539 2643 Τί
2569 2590 2747 2644 τοίνυν
2775 2588 3096 2657 σκανδαλίζῃ
3137 2586 3263 2655 περὶ
3294 2586 3393 2655 τὴν
3418 2584 3722 2637 εὐσέϐειαν.
3746 2584 3900 2653 alpe-

2316 2676 2464 2737 τικέ;
2503 2674 2553 2726 τί
2604 2673 2958 2741 συκοφαντεῖς
2992 2670 3087 2722 τοῦ
3135 2668 3449 2738 Πνεύματος
3490 2669 3588 2737 τὴν
3620 2667 3814 2731 ἁξίσνς
3848 2665 3902 2717 τί

2316 2758 2674 2828 παραϐαίνεις
2705 2756 2803 2825 τῆς
2833 2755 3072 2816 πίστεως
3099 2752 3196 2822 τὴν
3234 2751 3560 2821 δμολογίανς
3603 2748 3906 2828 Ἀνάγνωθί

2317 2859 2409 2894 σου
2444 2842 2539 2903 τὰς
2580 2839 2852 2907 συνθήκας
2895 2838 2988 2888 επὶ
3032 2836 3137 2888 τῶν
3185 2834 3517 2903 μυστηρίων,
3553 2832 3671 2894 πῶς
3716 2827 3899 2893 εἶπαςο

2317 2926 2580 2978 Πιστεύω
2608 2924 2694 2987 είς
2725 2918 2956 2986 Πατέρα
2983 2918 3081 2971 καὶ
3133 2916 3271 2970 Υίὸν
3300 2915 3401 2968 καί
3431 2915 3607 2983 ἅγιον
3636 2914 3899 2982 Πνεῦμα.

2320 3010 2385 3061 Ὀ
2408 3008 2755 3068 ἐπίστευσας,
2784 3002 3185 3064 άνεσκεύασας;
3212 2999 3239 3051 ὃ
3263 2998 3645 3069 ὡμολόγησας,
3680 2997 3905 3066 ἀνέτρεη

2313 3090 2459 3159 ψαςς
2499 3090 2527 3141 6
2564 3087 2816 3157 καθαρῶς
2855 3085 3228 3153 διεσάφησας,
3277 3080 3437 3133 τοῦτο
3476 3079 3639 3131 πάλιν
3689 3080 3903 3142 ἀσεϐῶς

2315 3173 2616 3235 ὲθόλωσαςς
2662 3170 2915 3239 πολεμεῖς
2946 3170 3010 3237 τῇ
3048 3167 3278 3235 εἰρήνης
3318 3163 3465 3234 μάχῃ
3500 3180 3593 3215 σου
3626 3165 3743 3225 ταῖς
3780 3179 3905 3214 συν-

2315 3255 2543 3325 θήκαιςς
2580 3254 2880 3323 ἁπηρνήσω
2917 3251 3016 3319 τὴν
3064 3249 3280 3309 πίστιν;
3322 3248 3415 3298 καὶ
3457 3244 3698 3312 εἰσάγεις
3732 3243 3903 3313 ζητή-

2317 3357 2456 3405 σεις;
2490 3336 2835 3393 Πιστεύοντι,
2884 3331 3234 3403 ὁμολογοῦντί
3272 3347 3352 3382 σοι
3398 3328 3672 3397 παρεδόθη
3700 3327 3760 3379 τὸ
3798 3328 3907 3378 δῶ-

2319 3438 2430 3491 ρον,
2469 3421 2563 3472 καὶ
2600 3418 2737 3487 μετά
2768 3418 2829 3469 τὸ
2862 3416 3033 3485 δῶρον
3078 3412 3379 3483 ἐξορίζεται
3427 3412 3633 3473 πίστις,
3666 3411 3759 3462 καὶ
3791 3412 3904 3461 τίσ-

2315 3506 2505 3573 άγεται
2534 3502 2800 3569 διάλεξιςς
2833 3499 2924 3570 Μὴ
2954 3499 3142 3569 ῦϐριζε
3172 3497 3269 3567 τὴν
3307 3494 3463 3559 ἀξίαν
3500 3495 3595 3562 τῆς
3646 3494 3898 3563 χάριτος·

2319 3589 2393 3659 μὴ
2439 3588 2829 3658 παραχάραττε
2858 3584 2955 3645 τάς
2991 3580 3263 3648 συνθήκας
3292 3579 3389 3647 τῆς
3422 3577 3659 3646 φοϐερᾶς
3688 3577 3901 3645 ἐκείνης

2315 3672 2409 3723 καὶ
2446 3667 2752 3739 φρικώδους
2809 3663 3222 3735 μυσταγωγίας.
3265 3660 3354 3713 Ἐν
3405 3660 3629 3727 ὀνόματι
3692 3659 3903 3728 Ila-:96;

2313 3752 2407 3805 καὶ
2429 3749 2557 3804 Υίοῦ
2579 3750 2673 3802 καὶ
2698 3748 2855 3816 ἁγίου
2886 3746 3024 3799 Πνεύ
3034 3760 3200 3815 ματος
3221 3742 3578 3811 ὡμολόγησας
3600 3742 3896 3803 πιστεύειν,

2314 3832 2645 3902 ἑϐαπτίσθης
2678 3830 2878 3900 ὁμοίως
2917 3831 2997 3891 είς
3045 3826 3263 3897 Πατέρα
3296 3826 3389 3877 καὶ
3434 3824 3561 3876 Υίὸν
3604 3824 3699 3875 καὶ
3745 3823 3899 3889 ἁγιον

2315 3917 2565 3987 Πνεῦμα*
2600 3917 2634 3986 ἡ
2679 3915 2901 3982 εὐλογία
2944 3913 3146 3982 ὁμοίως
3194 3914 3251 3963 ὲν
3292 3908 3515 3979 ὀνόματι
3553 3906 3763 3976 Πατρδς
3805 3907 3900 3960 καὶ

2316 4000 2446 4054 Υίοῦ
2482 4000 2575 4053 καὶ
2623 4001 2779 4067 ἁγίου
2835 3998 3173 4065 Πνεύματος.
3216 3994 3377 4063 Ἡμῖν
3409 3990 3479 4042 τά
3541 3988 3691 4059 δῶρα
3746 3990 3899 4057 παρὰ

2313 4083 2413 4155 τῆς
2461 4084 2714 4154 χάριτος·
2764 4082 2857 4134 καὶ
2906 4080 3034 4150 παρ’
3076 4077 3226 4147 ὑμῶν
3260 4078 3292 4146 ἡ
3325 4072 3643 4155 βλασφημία
3801 4071 3900 4155 χὰ-

2315 4184 2451 4238 ριτι;
2495 4166 2651 4236 Παρά
2681 4162 2775 4217 τοῦ
2825 4164 2983 4231 ἁγίου
3035 4160 3352 4229 Πνεύματος
3396 4158 3529 4228 ἡμῖν
3580 4154 3893 4238 ἐλευθερία·

2315 4236 2409 4302 καὶ
2442 4248 2570 4320 παρ’
2617 4246 2772 4317 ὐμῶν
2804 4244 3015 4297 δουλεία
3044 4243 3121 4313 τῷ
3172 4240 3483 4310 Πνεύματις
3522 4238 3586 4290 Ὠ
3626 4236 3724 4307 τῆς
3758 4238 3896 4290 ἀπο-

2315 4333 2493 4396 νοίαςὶ
2526 4329 2571 4384 ὣ
2599 4331 2700 4401 τῆς
2737 4326 3125 4397 ἀγνωμοσύνης
3157 4329 3169 4379 ί
3204 4326 3271 4377 Ἦ
3306 4325 3402 4393 τὴν
3436 4324 3561 4375 νέαν
3584 4321 3898 4390 ἀπὰρνησαι

2317 4414 2465 4487 [528]
2507 4415 2685 4484 χάριν,
2730 4412 2762 4482 ἢ
2798 4413 2894 4481 τὴν
2926 4410 3166 4463 Παλαιὰν
3216 4407 3505 4487 αίδέσθητιγ
3534 4401 3830 4487 Διαθήκην,
3861 4401 3894 4470 ἥ

2314 4483 2587 4565 πανταχοῦ
2617 4494 2857 4563 παρίστα
2886 4492 2983 4560 τῆς
3019 4492 3180 4559 ἁγίας
3206 4488 3436 4559 Τριάδος
3459 4486 3557 4557 τὴν
3582 4483 3893 4554 ὁμοτιμίαν,

2312 4578 2387 4641 ὡς
2422 4576 2679 4637 πολλάκις
2718 4576 2808 4627 διά
2843 4574 3052 4626 πολλῶν
3082 4575 3209 4643 ὑμῖν
3257 4570 3549 4640 ἐγγράφων
3583 4566 3896 4639 μαρτυριιῖιν

2311 4659 2700 4728 ἀπεδείξαμεν·
2739 4650 2828 4718 αἷς
2864 4658 2958 4709 καὶ
3014 4657 3209 4726 ἑτέραν
3267 4652 3529 4724 βούλομαι
3579 4649 3893 4720 προσθεῖναι

2312 4743 2474 4797 πάλιν
2524 4738 2815 4805 ἀπόδειξιν.
2870 4735 3408 4809 Προαναπεφὼνηται
3460 4733 3588 4802 γάρ,
3636 4731 3713 4794 ὡς
3764 4731 3893 4784 πολ-

2310 4827 2467 4889 λάκις
2511 4824 2681 4892 ῑφθην
2715 4822 2907 4883 είπὼν,
2938 4825 2997 4874 ὲν
3028 4824 3095 4892 τῇ
3145 4820 3357 4889 Παλαιᾷ
3390 4816 3460 4869 τα
3507 4816 3623 4868 νέα.
3667 4815 3733 4867 Τί
3766 4810 3890 4877 οῦν;

2312 4908 2644 4977 Προστάττει
2672 4907 2701 4958 6
2728 4905 2861 4967 Θεδς
2885 4903 2963 4973 τῷ
2989 4903 3234 4964 Μωῦσετ,
3264 4900 3437 4967 λέγων
3456 4915 3470 4928 ·
3498 4897 3784 4963 Adducor
3813 4896 3893 4960 τῷ

2322 4993 2537 5060 Ἀαρὼν
2568 4991 2667 5044 καί
2706 4988 2830 5054 τοῖς
2862 4989 3013 5053 υἱοῖς
3049 4985 3263 5039 αὑτοῦ·
3299 4984 3498 5047 Οὕτως
3525 4979 3893 5048 εὐλογήσατε

2308 5075 2450 5141 τοὺς
2478 5073 2647 5139 υίοὺς
2699 5069 2954 5139 Ἰσραήλ.
2984 5068 3222 5139 Πρόσεχε
3251 5065 3514 5136 ἀκριϐῶς.
3543 5064 3660 5117 Ἵνα
3700 5064 3771 5133 μή
3812 5079 3892 5125 τις

2308 5159 2495 5221 ἁπλῶς
2552 5154 2838 5210 ὑπολαϐὼν
2886 5151 3081 5222 νομίζῃ
3134 5149 3313 5213 καλῶς
3363 5148 3541 5217 ἐχειν,
3597 5143 3890 5217 προσέταξε

2305 5242 2385 5303 16.
2423 5241 2641 5306 Οὕτως,
2688 5239 2774 5290 ἵνα
2811 5236 2999 5305 μηδεὶς
3040 5234 3181 5288 κατά
3208 5235 3307 5303 τὴν
3341 5233 3479 5286 ίδίαν
3518 5229 3764 5297 ἐξουσίαν
3792 5228 3891 5290 τὰς

2305 5324 2555 5390 εὐλογίας
2600 5322 2763 5392 φέρῃ,
2799 5319 2933 5371 ἀλλά
2974 5318 3114 5371 κατά
3150 5318 3242 5370 τὸν
3292 5316 3492 5370 κανόνα
3535 5314 3633 5383 τῆς
3670 5312 3890 5383 Γραφῆς

2306 5408 2373 5460 τὰ
2413 5408 2588 5459 πάντα
2629 5406 2755 5473 ποιῇ
2825 5402 3009 5469 Λέγει,
3038 5400 3223 5464 Οὕτω,
3274 5400 3462 5470 φησιν,
3494 5394 3885 5463 εὑλογήσατε.

2311 5492 2491 5553 Οὕτω,
2533 5487 2681 5552 πῶς;
2731 5486 3073 5554 Εὑλογήσει
3117 5499 3191 5537 σε
3226 5484 3464 5550 Κύριος,
3498 5480 3594 5533 καὶ
3633 5474 3891 5546 φυλάξει

2305 5592 2396 5627 σε.
2431 5573 2540 5625 Καὶ
2574 5571 2829 5641 πρόσεχε,
2863 5570 2979 5631 πῶς
3016 5566 3292 5638 πανταχοῦ
3319 5567 3417 5635 τὴν
3455 5561 3663 5632 Τριάδα
3696 5575 3888 5630 μυστι-

2305 5657 2415 5720 κῶς
2452 5656 2689 5723 είσὰγει,
2734 5654 2799 5706 δι’
2838 5647 2905 5725 ἧς
2948 5654 3041 5705 καὶ
3090 5651 3327 5719 εὐλογίαι
3374 5642 3881 5719 τριπλασιάζονται.

2297 5737 2636 5808 Εὐλογήσει
2676 5753 2752 5791 σε
2798 5739 3035 5806 Κύριος,
3083 5735 3182 5789 καὶ
3214 5730 3472 5803 φυλάξει
3509 5745 3602 5784 σε.
3647 5730 3883 5796 Ἐπιφαο

2307 5824 2402 5881 νεῖ
2426 5825 2637 5889 Κύριος
2668 5839 2733 5876 το
2759 5822 3083 5887 πρόσωπον
3114 5817 3299 5875 αὑτοῦ
3326 5816 3423 5871 ἐπὶ
3455 5813 3549 5881 σε,
3579 5812 3675 5869 καί
3711 5814 3881 5867 813.80-
