  <div class='ocr_page' id='page_1' title='image "/cluster/home/n/w/nwhite01/storage/ocr_20150623/56/uva.x004697988/512.png"; bbox 0 0 4102 6500; ppageno 0'>
   <div class='ocr_carea' id='block_1_1' title="bbox 208 456 330 513">
    <p class='ocr_par' dir='ltr' id='par_1_1' title="bbox 208 456 330 513">
     <span class='ocr_line' id='line_1_1' title="bbox 208 456 330 513; baseline 0.008 -2"><span class='ocrx_word' id='word_1_1' title='bbox 208 456 330 513; x_wconf 90' lang='grc'><strong>513</strong></span> 
     </span>
    </p>
   </div>
   <div class='ocr_carea' id='block_1_2' title="bbox 228 566 1812 644">
    <p class='ocr_par' dir='ltr' id='par_1_2' title="bbox 228 566 1812 644">
     <span class='ocr_line' id='line_1_2' title="bbox 228 566 1812 644; baseline -0.006 -15"><span class='ocrx_word' id='word_1_2' title='bbox 228 576 448 629; x_wconf 87' lang='lat' dir='ltr'><strong>nionem</strong></span> <span class='ocrx_word' id='word_1_3' title='bbox 494 587 614 644; x_wconf 86' lang='lat' dir='ltr'><strong>pars</strong></span> <span class='ocrx_word' id='word_1_4' title='bbox 658 574 826 644; x_wconf 86' lang='lat' dir='ltr'><strong>major</strong></span> <span class='ocrx_word' id='word_1_5' title='bbox 861 573 1099 637; x_wconf 87' lang='lat' dir='ltr'><strong>haberet,</strong></span> <span class='ocrx_word' id='word_1_6' title='bbox 1149 572 1222 625; x_wconf 85' lang='lat' dir='ltr'><strong>ait</strong></span> <span class='ocrx_word' id='word_1_7' title='bbox 1266 570 1397 626; x_wconf 86' lang='lat' dir='ltr'><strong>illis:</strong></span> <span class='ocrx_word' id='word_1_8' title='bbox 1443 568 1601 633; x_wconf 84' lang='lat' dir='ltr'><strong>Quem</strong></span> <span class='ocrx_word' id='word_1_9' title='bbox 1644 566 1812 620; x_wconf 85' lang='lat' dir='ltr'><strong>dicitis</strong></span> 
     </span>
    </p>
   </div>
   <div class='ocr_carea' id='block_1_3' title="bbox 224 658 1808 734">
    <p class='ocr_par' dir='ltr' id='par_1_3' title="bbox 224 658 1808 734">
     <span class='ocr_line' id='line_1_3' title="bbox 224 658 1808 734; baseline -0.004 -16"><span class='ocrx_word' id='word_1_10' title='bbox 224 683 338 719; x_wconf 77' lang='lat' dir='ltr'><strong>esse</strong></span> <span class='ocrx_word' id='word_1_11' title='bbox 376 666 668 718; x_wconf 75' lang='lat' dir='ltr'><strong>Christum?</strong></span> <span class='ocrx_word' id='word_1_12' title='bbox 723 666 868 734; x_wconf 82' lang='lat' dir='ltr'><strong>cujus</strong></span> <span class='ocrx_word' id='word_1_13' title='bbox 917 664 1051 732; x_wconf 77' lang='lat' dir='ltr'><strong>[ilius</strong></span> <span class='ocrx_word' id='word_1_14' title='bbox 1102 673 1170 716; x_wconf 84' lang='lat' dir='ltr'><strong>est</strong></span> <span class='ocrx_word' id='word_1_15' title='bbox 1223 660 1454 730; x_wconf 78' lang='lat' dir='ltr'><strong>(Matth.</strong></span> <span class='ocrx_word' id='word_1_16' title='bbox 1505 659 1594 713; x_wconf 85' lang='grc'>22.</span> <span class='ocrx_word' id='word_1_17' title='bbox 1650 658 1808 726; x_wconf 71' lang='grc' dir='ltr'><strong>42)ἳ</strong></span> 
     </span>
    </p>
   </div>
   <div class='ocr_carea' id='block_1_4' title="bbox 228 749 1808 825">
    <p class='ocr_par' dir='ltr' id='par_1_4' title="bbox 228 749 1808 825">
     <span class='ocr_line' id='line_1_4' title="bbox 228 749 1808 825; baseline -0.006 -14"><span class='ocrx_word' id='word_1_18' title='bbox 228 756 578 825; x_wconf 75' lang='lat' dir='ltr'><strong>Respondent</strong></span> <span class='ocrx_word' id='word_1_19' title='bbox 602 756 789 810; x_wconf 81' lang='lat' dir='ltr'><strong>scribae</strong></span> <span class='ocrx_word' id='word_1_20' title='bbox 810 764 862 809; x_wconf 91' lang='lat' dir='ltr'><strong>et</strong></span> <span class='ocrx_word' id='word_1_21' title='bbox 886 754 1156 816; x_wconf 74' lang='lat' dir='ltr'><strong>Phariszci,</strong></span> <span class='ocrx_word' id='word_1_22' title='bbox 1185 750 1363 804; x_wconf 84' lang='lat' dir='ltr'><strong><em>David.</em></strong></span> <span class='ocrx_word' id='word_1_23' title='bbox 1393 750 1525 803; x_wconf 83' lang='lat' dir='ltr'><strong>iiinc</strong></span> <span class='ocrx_word' id='word_1_24' title='bbox 1554 749 1808 802; x_wconf 81' lang='lat' dir='ltr'><strong>Dominus</strong></span> 
     </span>
    </p>
   </div>
   <div class='ocr_carea' id='block_1_5' title="bbox 224 838 1805 910">
    <p class='ocr_par' dir='ltr' id='par_1_5' title="bbox 224 838 1805 910">
     <span class='ocr_line' id='line_1_5' title="bbox 224 838 1805 910; baseline -0.006 -12"><span class='ocrx_word' id='word_1_25' title='bbox 224 861 415 899; x_wconf 91' lang='lat' dir='ltr'><strong>corum</strong></span> <span class='ocrx_word' id='word_1_26' title='bbox 452 845 825 899; x_wconf 88' lang='lat' dir='ltr'><strong>contradicens</strong></span> <span class='ocrx_word' id='word_1_27' title='bbox 857 842 1091 910; x_wconf 79' lang='lat' dir='ltr'><strong>Opinioni</strong></span> <span class='ocrx_word' id='word_1_28' title='bbox 1114 882 1128 902; x_wconf 95' lang='lat'><strong>,</strong></span> <span class='ocrx_word' id='word_1_29' title='bbox 1162 855 1345 893; x_wconf 83' lang='lat' dir='ltr'><strong>rursus</strong></span> <span class='ocrx_word' id='word_1_30' title='bbox 1374 840 1568 892; x_wconf 91' lang='lat' dir='ltr'><strong>infert:</strong></span> <span class='ocrx_word' id='word_1_31' title='bbox 1600 855 1618 887; x_wconf 83' lang='lat' dir='ltr'><strong>t</strong></span> <span class='ocrx_word' id='word_1_32' title='bbox 1658 838 1805 902; x_wconf 70' lang='lat' dir='ltr'><strong>Quo~</strong></span> 
     </span>
    </p>
   </div>
   <div class='ocr_carea' id='block_1_6' title="bbox 225 928 1805 1003">
    <p class='ocr_par' dir='ltr' id='par_1_6' title="bbox 225 928 1805 1003">
     <span class='ocr_line' id='line_1_6' title="bbox 225 928 1805 1003; baseline -0.006 -14"><span class='ocrx_word' id='word_1_33' title='bbox 225 936 390 991; x_wconf 90' lang='lat' dir='ltr'><strong>modo</strong></span> <span class='ocrx_word' id='word_1_34' title='bbox 431 934 599 989; x_wconf 82' lang='lat' dir='ltr'><strong>David</strong></span> <span class='ocrx_word' id='word_1_35' title='bbox 650 936 701 987; x_wconf 92' lang='lat' dir='ltr'><strong>in</strong></span> <span class='ocrx_word' id='word_1_36' title='bbox 738 934 937 1003; x_wconf 79' lang='lat' dir='ltr'><strong>Spiritu</strong></span> <span class='ocrx_word' id='word_1_37' title='bbox 974 943 1159 985; x_wconf 83' lang='lat' dir='ltr'><strong>saneto</strong></span> <span class='ocrx_word' id='word_1_38' title='bbox 1188 939 1340 983; x_wconf 85' lang='lat' dir='ltr'><strong>vocat</strong></span> <span class='ocrx_word' id='word_1_39' title='bbox 1378 944 1496 981; x_wconf 91' lang='lat' dir='ltr'><strong>cum</strong></span> <span class='ocrx_word' id='word_1_40' title='bbox 1526 928 1805 981; x_wconf 90' lang='lat' dir='ltr'><strong>Dominum</strong></span> 
     </span>
    </p>
   </div>
   <div class='ocr_carea' id='block_1_7' title="bbox 229 1019 1806 1090">
    <p class='ocr_par' dir='ltr' id='par_1_7' title="bbox 229 1019 1806 1090">
     <span class='ocr_line' id='line_1_7' title="bbox 229 1019 1806 1090; baseline -0.006 -9"><span class='ocrx_word' id='word_1_41' title='bbox 229 1029 449 1090; x_wconf 83' lang='lat' dir='ltr'><strong>dicens,</strong></span> <span class='ocrx_word' id='word_1_42' title='bbox 482 1027 624 1079; x_wconf 77' lang='lat' dir='ltr'><strong>Dixit</strong></span> <span class='ocrx_word' id='word_1_43' title='bbox 668 1026 920 1078; x_wconf 87' lang='lat' dir='ltr'><strong>Dominus</strong></span> <span class='ocrx_word' id='word_1_44' title='bbox 949 1022 1172 1076; x_wconf 89' lang='lat' dir='ltr'><strong>Domino</strong></span> <span class='ocrx_word' id='word_1_45' title='bbox 1201 1035 1320 1075; x_wconf 93' lang='lat' dir='ltr'><strong>meo</strong></span> <span class='ocrx_word' id='word_1_46' title='bbox 1351 1062 1364 1083; x_wconf 96' lang='lat'><strong>,</strong></span> <span class='ocrx_word' id='word_1_47' title='bbox 1393 1020 1519 1073; x_wconf 85' lang='lat' dir='ltr'><strong>sede</strong></span> <span class='ocrx_word' id='word_1_48' title='bbox 1548 1035 1577 1072; x_wconf 90' lang='lat' dir='ltr'><strong>a</strong></span> <span class='ocrx_word' id='word_1_49' title='bbox 1605 1019 1806 1073; x_wconf 90' lang='lat' dir='ltr'><strong>dextris</strong></span> 
     </span>
    </p>
   </div>
   <div class='ocr_carea' id='block_1_8' title="bbox 226 1110 1807 1187">
    <p class='ocr_par' dir='ltr' id='par_1_8' title="bbox 226 1110 1807 1187">
     <span class='ocr_line' id='line_1_8' title="bbox 226 1110 1807 1187; baseline -0.007 -14"><span class='ocrx_word' id='word_1_50' title='bbox 226 1122 363 1173; x_wconf 85' lang='lat' dir='ltr'><strong>meis</strong></span> <span class='ocrx_word' id='word_1_51' title='bbox 409 1138 427 1169; x_wconf 72' lang='grc' dir='ltr'><strong>ι</strong></span> <span class='ocrx_word' id='word_1_52' title='bbox 461 1121 477 1187; x_wconf 95' lang='grc'>(</span> <span class='ocrx_word' id='word_1_53' title='bbox 516 1118 650 1171; x_wconf 85' lang='lat' dir='ltr'><strong><em>Ibid.</em></strong></span> <span class='ocrx_word' id='word_1_54' title='bbox 674 1134 721 1170; x_wconf 84' lang='grc' dir='ltr'><strong>υ.</strong></span> <span class='ocrx_word' id='word_1_55' title='bbox 757 1118 846 1172; x_wconf 68' lang='lat'><strong>4&#39;5.</strong></span> <span class='ocrx_word' id='word_1_56' title='bbox 880 1117 947 1170; x_wconf 72' lang='grc'><strong>44</strong></span> <span class='ocrx_word' id='word_1_57' title='bbox 971 1114 989 1184; x_wconf 96' lang='grc'>)</span> <span class='ocrx_word' id='word_1_58' title='bbox 1017 1116 1040 1166; x_wconf 89' lang='lat'><strong>?</strong></span> <span class='ocrx_word' id='word_1_59' title='bbox 1086 1114 1219 1168; x_wconf 85' lang='lat' dir='ltr'><strong>Illud</strong></span> <span class='ocrx_word' id='word_1_60' title='bbox 1266 1127 1422 1181; x_wconf 91' lang='lat' dir='ltr'><strong>porro</strong></span> <span class='ocrx_word' id='word_1_61' title='bbox 1450 1154 1464 1177; x_wconf 90' lang='lat'><strong>,</strong></span> <span class='ocrx_word' id='word_1_62' title='bbox 1497 1110 1563 1165; x_wconf 84' lang='lat' dir='ltr'><strong>In</strong></span> <span class='ocrx_word' id='word_1_63' title='bbox 1608 1111 1807 1179; x_wconf 94' lang='lat' dir='ltr'><strong>Spiritu</strong></span> 
     </span>
    </p>
   </div>
   <div class='ocr_carea' id='block_1_9' title="bbox 224 1201 1809 1276">
    <p class='ocr_par' dir='ltr' id='par_1_9' title="bbox 224 1201 1809 1276">
     <span class='ocr_line' id='line_1_9' title="bbox 224 1201 1809 1276; baseline -0.004 -15"><span class='ocrx_word' id='word_1_64' title='bbox 224 1218 401 1262; x_wconf 84' lang='lat' dir='ltr'><strong>sancto</strong></span> <span class='ocrx_word' id='word_1_65' title='bbox 435 1250 446 1271; x_wconf 93' lang='lat'><strong>,</strong></span> <span class='ocrx_word' id='word_1_66' title='bbox 479 1209 670 1276; x_wconf 77' lang='lat' dir='ltr'><strong>adjecit</strong></span> <span class='ocrx_word' id='word_1_67' title='bbox 700 1249 714 1272; x_wconf 90' lang='lat'><strong>,</strong></span> <span class='ocrx_word' id='word_1_68' title='bbox 755 1221 859 1260; x_wconf 90' lang='lat' dir='ltr'><strong>non</strong></span> <span class='ocrx_word' id='word_1_69' title='bbox 889 1214 945 1258; x_wconf 90' lang='lat' dir='ltr'><strong>ut</strong></span> <span class='ocrx_word' id='word_1_70' title='bbox 974 1204 1226 1272; x_wconf 86' lang='lat' dir='ltr'><strong>Spiritum</strong></span> <span class='ocrx_word' id='word_1_71' title='bbox 1274 1218 1483 1256; x_wconf 86' lang='lat' dir='ltr'><strong>servum</strong></span> <span class='ocrx_word' id='word_1_72' title='bbox 1511 1201 1809 1256; x_wconf 80' lang='lat' dir='ltr'><strong>declararet</strong></span> 
     </span>
    </p>
   </div>
   <div class='ocr_carea' id='block_1_10' title="bbox 225 1293 1802 1367">
    <p class='ocr_par' dir='ltr' id='par_1_10' title="bbox 225 1293 1802 1367">
     <span class='ocr_line' id='line_1_10' title="bbox 225 1293 1802 1367; baseline -0.005 -14"><span class='ocrx_word' id='word_1_73' title='bbox 225 1298 450 1362; x_wconf 87' lang='lat' dir='ltr'><strong>Christi,</strong></span> <span class='ocrx_word' id='word_1_74' title='bbox 482 1300 567 1367; x_wconf 86' lang='lat' dir='ltr'><strong>qui</strong></span> <span class='ocrx_word' id='word_1_75' title='bbox 599 1296 985 1366; x_wconf 68' lang='lat' dir='ltr'><strong>prmdicabatur</strong></span> <span class='ocrx_word' id='word_1_76' title='bbox 1010 1334 1025 1359; x_wconf 94' lang='lat'><strong>,</strong></span> <span class='ocrx_word' id='word_1_77' title='bbox 1057 1294 1149 1348; x_wconf 91' lang='lat' dir='ltr'><strong>sed</strong></span> <span class='ocrx_word' id='word_1_78' title='bbox 1173 1302 1229 1346; x_wconf 92' lang='lat' dir='ltr'><strong>ut</strong></span> <span class='ocrx_word' id='word_1_79' title='bbox 1253 1294 1424 1363; x_wconf 83' lang='lat' dir='ltr'><strong>palam</strong></span> <span class='ocrx_word' id='word_1_80' title='bbox 1453 1293 1758 1346; x_wconf 82' lang='lat' dir='ltr'><strong>ostenderet</strong></span> <span class='ocrx_word' id='word_1_81' title='bbox 1788 1333 1802 1355; x_wconf 92' lang='lat'><strong>,</strong></span> 
     </span>
    </p>
   </div>
   <div class='ocr_carea' id='block_1_11' title="bbox 224 1382 1799 1459">
    <p class='ocr_par' dir='ltr' id='par_1_11' title="bbox 224 1382 1799 1459">
     <span class='ocr_line' id='line_1_11' title="bbox 224 1382 1799 1459; baseline -0.006 -18"><span class='ocrx_word' id='word_1_82' title='bbox 224 1390 542 1459; x_wconf 80' lang='lat' dir='ltr'><strong>prophetam</strong></span> <span class='ocrx_word' id='word_1_83' title='bbox 568 1390 618 1441; x_wconf 90' lang='lat' dir='ltr'><strong>in</strong></span> <span class='ocrx_word' id='word_1_84' title='bbox 643 1387 841 1453; x_wconf 88' lang='lat' dir='ltr'><strong>Spiritu</strong></span> <span class='ocrx_word' id='word_1_85' title='bbox 866 1393 1052 1438; x_wconf 90' lang='lat' dir='ltr'><strong>sancto</strong></span> <span class='ocrx_word' id='word_1_86' title='bbox 1085 1383 1255 1437; x_wconf 81' lang='lat' dir='ltr'><strong>futura</strong></span> <span class='ocrx_word' id='word_1_87' title='bbox 1288 1382 1665 1451; x_wconf 73' lang='lat' dir='ltr'><strong>przcvidentem</strong></span> <span class='ocrx_word' id='word_1_88' title='bbox 1689 1422 1704 1447; x_wconf 92' lang='lat'><strong>,</strong></span> <span class='ocrx_word' id='word_1_89' title='bbox 1740 1382 1799 1433; x_wconf 81' lang='lat' dir='ltr'><strong>fi-</strong></span> 
     </span>
    </p>
   </div>
   <div class='ocr_carea' id='block_1_12' title="bbox 228 1472 1803 1533">
    <p class='ocr_par' dir='ltr' id='par_1_12' title="bbox 228 1472 1803 1533">
     <span class='ocr_line' id='line_1_12' title="bbox 228 1472 1803 1533; baseline -0.005 0"><span class='ocrx_word' id='word_1_90' title='bbox 228 1481 357 1533; x_wconf 86' lang='lat' dir='ltr'><strong>lium</strong></span> <span class='ocrx_word' id='word_1_91' title='bbox 385 1496 537 1533; x_wconf 91' lang='lat' dir='ltr'><strong>suum</strong></span> <span class='ocrx_word' id='word_1_92' title='bbox 568 1478 856 1533; x_wconf 91' lang='lat' dir='ltr'><strong>secundum</strong></span> <span class='ocrx_word' id='word_1_93' title='bbox 878 1490 1093 1530; x_wconf 84' lang='lat' dir='ltr'><strong>carnem</strong></span> <span class='ocrx_word' id='word_1_94' title='bbox 1123 1474 1403 1527; x_wconf 91' lang='lat' dir='ltr'><strong>Dominum</strong></span> <span class='ocrx_word' id='word_1_95' title='bbox 1434 1472 1675 1527; x_wconf 88' lang='lat' dir='ltr'><strong>confiteri</strong></span> <span class='ocrx_word' id='word_1_96' title='bbox 1716 1486 1803 1526; x_wconf 89' lang='lat' dir='ltr'><strong>se-</strong></span> 
     </span>
    </p>
   </div>
   <div class='ocr_carea' id='block_1_13' title="bbox 225 1564 1803 1637">
    <p class='ocr_par' dir='ltr' id='par_1_13' title="bbox 225 1564 1803 1637">
     <span class='ocr_line' id='line_1_13' title="bbox 225 1564 1803 1637; baseline -0.008 -10"><span class='ocrx_word' id='word_1_97' title='bbox 225 1573 459 1628; x_wconf 90' lang='lat' dir='ltr'><strong>cundum</strong></span> <span class='ocrx_word' id='word_1_98' title='bbox 490 1573 563 1626; x_wconf 93' lang='lat' dir='ltr'><strong>rei</strong></span> <span class='ocrx_word' id='word_1_99' title='bbox 585 1572 882 1625; x_wconf 80' lang='lat' dir='ltr'><strong>veritatem.</strong></span> <span class='ocrx_word' id='word_1_100' title='bbox 912 1568 1093 1637; x_wconf 88' lang='lat' dir='ltr'><strong>Neque</strong></span> <span class='ocrx_word' id='word_1_101' title='bbox 1122 1567 1261 1621; x_wconf 92' lang='lat' dir='ltr'><strong>enim</strong></span> <span class='ocrx_word' id='word_1_102' title='bbox 1287 1566 1353 1619; x_wconf 88' lang='lat' dir='ltr'><strong>de</strong></span> <span class='ocrx_word' id='word_1_103' title='bbox 1376 1564 1572 1634; x_wconf 85' lang='lat' dir='ltr'><strong>Spiritu</strong></span> <span class='ocrx_word' id='word_1_104' title='bbox 1599 1572 1803 1625; x_wconf 86' lang='lat' dir='ltr'><strong>sancto,</strong></span> 
     </span>
    </p>
   </div>
   <div class='ocr_carea' id='block_1_14' title="bbox 225 1655 1801 1730">
    <p class='ocr_par' dir='ltr' id='par_1_14' title="bbox 225 1655 1801 1730">
     <span class='ocr_line' id='line_1_14' title="bbox 225 1655 1801 1730; baseline -0.004 -13"><span class='ocrx_word' id='word_1_105' title='bbox 225 1666 316 1730; x_wconf 91' lang='lat' dir='ltr'><strong>qui</strong></span> <span class='ocrx_word' id='word_1_106' title='bbox 339 1665 500 1719; x_wconf 86' lang='lat' dir='ltr'><strong>etiam</strong></span> <span class='ocrx_word' id='word_1_107' title='bbox 526 1662 777 1716; x_wconf 84' lang='lat' dir='ltr'><strong>Dominus</strong></span> <span class='ocrx_word' id='word_1_108' title='bbox 813 1669 895 1715; x_wconf 90' lang='lat' dir='ltr'><strong>est</strong></span> <span class='ocrx_word' id='word_1_109' title='bbox 928 1700 942 1723; x_wconf 89' lang='lat'><strong>,</strong></span> <span class='ocrx_word' id='word_1_110' title='bbox 974 1658 1197 1727; x_wconf 67' lang='lat' dir='ltr'><strong>quaestio</strong></span> <span class='ocrx_word' id='word_1_111' title='bbox 1227 1666 1340 1710; x_wconf 90' lang='lat' dir='ltr'><strong>erat</strong></span> <span class='ocrx_word' id='word_1_112' title='bbox 1371 1697 1386 1722; x_wconf 92' lang='lat'><strong>,</strong></span> <span class='ocrx_word' id='word_1_113' title='bbox 1431 1656 1522 1710; x_wconf 88' lang='lat' dir='ltr'><strong>sed</strong></span> <span class='ocrx_word' id='word_1_114' title='bbox 1554 1655 1619 1709; x_wconf 93' lang='lat' dir='ltr'><strong>de</strong></span> <span class='ocrx_word' id='word_1_115' title='bbox 1647 1655 1759 1723; x_wconf 88' lang='lat' dir='ltr'><strong>ipso</strong></span> <span class='ocrx_word' id='word_1_116' title='bbox 1787 1669 1801 1710; x_wconf 88' lang='lat'><strong>:</strong></span> 
     </span>
    </p>
   </div>
   <div class='ocr_carea' id='block_1_15' title="bbox 224 1746 1805 1812">
    <p class='ocr_par' dir='ltr' id='par_1_15' title="bbox 224 1746 1805 1812">
     <span class='ocr_line' id='line_1_15' title="bbox 224 1746 1805 1812; baseline -0.006 -4"><span class='ocrx_word' id='word_1_117' title='bbox 224 1770 291 1809; x_wconf 85' lang='lat' dir='ltr'><strong>au</strong></span> <span class='ocrx_word' id='word_1_118' title='bbox 324 1755 529 1809; x_wconf 86' lang='lat' dir='ltr'><strong>scilicet</strong></span> <span class='ocrx_word' id='word_1_119' title='bbox 551 1752 713 1807; x_wconf 80' lang='lat' dir='ltr'><strong>David</strong></span> <span class='ocrx_word' id='word_1_120' title='bbox 735 1753 895 1806; x_wconf 82' lang='lat' dir='ltr'><strong>tilium</strong></span> <span class='ocrx_word' id='word_1_121' title='bbox 923 1750 1141 1804; x_wconf 82' lang='lat' dir='ltr'><strong>haberet</strong></span> <span class='ocrx_word' id='word_1_122' title='bbox 1165 1749 1469 1812; x_wconf 90' lang='lat' dir='ltr'><strong>Dominum,</strong></span> <span class='ocrx_word' id='word_1_123' title='bbox 1498 1763 1563 1800; x_wconf 89' lang='lat' dir='ltr'><strong>an</strong></span> <span class='ocrx_word' id='word_1_124' title='bbox 1591 1746 1805 1800; x_wconf 86' lang='lat' dir='ltr'><strong>herum?</strong></span> 
     </span>
    </p>
   </div>
   <div class='ocr_carea' id='block_1_16' title="bbox 223 1839 1805 1911">
    <p class='ocr_par' dir='ltr' id='par_1_16' title="bbox 223 1839 1805 1911">
     <span class='ocr_line' id='line_1_16' title="bbox 223 1839 1805 1911; baseline -0.004 -11"><span class='ocrx_word' id='word_1_125' title='bbox 223 1844 365 1900; x_wconf 84' lang='lat' dir='ltr'><strong>Sane</strong></span> <span class='ocrx_word' id='word_1_126' title='bbox 396 1844 647 1898; x_wconf 91' lang='lat' dir='ltr'><strong>Dominus</strong></span> <span class='ocrx_word' id='word_1_127' title='bbox 688 1843 1064 1899; x_wconf 66' lang='lat' dir='ltr'><strong>haereticorum</strong></span> <span class='ocrx_word' id='word_1_128' title='bbox 1106 1840 1510 1911; x_wconf 81' lang='lat' dir='ltr'><strong>sycophantiam</strong></span> <span class='ocrx_word' id='word_1_129' title='bbox 1562 1839 1651 1893; x_wconf 90' lang='lat' dir='ltr'><strong>diu</strong></span> <span class='ocrx_word' id='word_1_130' title='bbox 1680 1846 1805 1893; x_wconf 87' lang='lat' dir='ltr'><strong>ante</strong></span> 
     </span>
    </p>
   </div>
   <div class='ocr_carea' id='block_1_17' title="bbox 222 1931 1803 2004">
    <p class='ocr_par' dir='ltr' id='par_1_17' title="bbox 222 1931 1803 2004">
     <span class='ocr_line' id='line_1_17' title="bbox 222 1931 1803 2004; baseline -0.003 -15"><span class='ocrx_word' id='word_1_131' title='bbox 222 1935 550 1999; x_wconf 81' lang='lat' dir='ltr'><strong>confutans,</strong></span> <span class='ocrx_word' id='word_1_132' title='bbox 594 1934 926 2004; x_wconf 86' lang='lat' dir='ltr'><strong>Spiritusqne</strong></span> <span class='ocrx_word' id='word_1_133' title='bbox 990 1932 1160 1987; x_wconf 88' lang='lat' dir='ltr'><strong>sancti</strong></span> <span class='ocrx_word' id='word_1_134' title='bbox 1222 1931 1531 2000; x_wconf 77' lang='lat' dir='ltr'><strong>dignitatem</strong></span> <span class='ocrx_word' id='word_1_135' title='bbox 1583 1931 1803 1985; x_wconf 69' lang='lat' dir='ltr'><strong>illmsam</strong></span> 
     </span>
    </p>
   </div>
   <div class='ocr_carea' id='block_1_18' title="bbox 225 2023 1800 2095">
    <p class='ocr_par' dir='ltr' id='par_1_18' title="bbox 225 2023 1800 2095">
     <span class='ocr_line' id='line_1_18' title="bbox 225 2023 1800 2095; baseline -0.004 -14"><span class='ocrx_word' id='word_1_136' title='bbox 225 2042 552 2082; x_wconf 79' lang='lat' dir='ltr'><strong>conservans</strong></span> <span class='ocrx_word' id='word_1_137' title='bbox 585 2068 597 2089; x_wconf 92' lang='lat'><strong>,</strong></span> <span class='ocrx_word' id='word_1_138' title='bbox 628 2027 930 2095; x_wconf 88' lang='lat' dir='ltr'><strong>objectione</strong></span> <span class='ocrx_word' id='word_1_139' title='bbox 979 2025 1396 2078; x_wconf 85' lang='lat' dir='ltr'><strong>controversiam</strong></span> <span class='ocrx_word' id='word_1_140' title='bbox 1444 2023 1619 2077; x_wconf 81' lang='lat' dir='ltr'><strong>solvit.</strong></span> <span class='ocrx_word' id='word_1_141' title='bbox 1664 2023 1800 2089; x_wconf 83' lang='lat' dir='ltr'><strong>Quid</strong></span> 
     </span>
    </p>
   </div>
   <div class='ocr_carea' id='block_1_19' title="bbox 223 2115 1799 2190">
    <p class='ocr_par' dir='ltr' id='par_1_19' title="bbox 223 2115 1799 2190">
     <span class='ocr_line' id='line_1_19' title="bbox 223 2115 1799 2190; baseline -0.005 -15"><span class='ocrx_word' id='word_1_142' title='bbox 223 2136 352 2190; x_wconf 76' lang='lat' dir='ltr'><strong>ergo</strong></span> <span class='ocrx_word' id='word_1_143' title='bbox 382 2122 455 2173; x_wconf 87' lang='lat' dir='ltr'><strong>ait</strong></span> <span class='ocrx_word' id='word_1_144' title='bbox 479 2137 492 2175; x_wconf 88' lang='lat'><strong>:</strong></span> <span class='ocrx_word' id='word_1_145' title='bbox 528 2120 585 2174; x_wconf 85' lang='lat' dir='ltr'><strong>Si</strong></span> <span class='ocrx_word' id='word_1_146' title='bbox 614 2135 732 2189; x_wconf 87' lang='lat' dir='ltr'><strong>ergo</strong></span> <span class='ocrx_word' id='word_1_147' title='bbox 755 2118 921 2171; x_wconf 83' lang='lat' dir='ltr'><strong>David</strong></span> <span class='ocrx_word' id='word_1_148' title='bbox 943 2126 1083 2170; x_wconf 85' lang='lat' dir='ltr'><strong>vocat</strong></span> <span class='ocrx_word' id='word_1_149' title='bbox 1104 2132 1214 2168; x_wconf 88' lang='lat' dir='ltr'><strong>eum</strong></span> <span class='ocrx_word' id='word_1_150' title='bbox 1241 2115 1529 2177; x_wconf 82' lang='lat' dir='ltr'><strong>Dominum,</strong></span> <span class='ocrx_word' id='word_1_151' title='bbox 1551 2116 1799 2183; x_wconf 87' lang='lat' dir='ltr'><strong>quomodo</strong></span> 
     </span>
    </p>
   </div>
   <div class='ocr_carea' id='block_1_20' title="bbox 223 2206 1802 2281">
    <p class='ocr_par' dir='ltr' id='par_1_20' title="bbox 223 2206 1802 2281">
     <span class='ocr_line' id='line_1_20' title="bbox 223 2206 1802 2281; baseline -0.004 -16"><span class='ocrx_word' id='word_1_152' title='bbox 223 2216 361 2281; x_wconf 76' lang='lat' dir='ltr'><strong>[ilius</strong></span> <span class='ocrx_word' id='word_1_153' title='bbox 392 2214 498 2281; x_wconf 80' lang='lat' dir='ltr'><strong>ejus</strong></span> <span class='ocrx_word' id='word_1_154' title='bbox 527 2213 644 2265; x_wconf 87' lang='lat' dir='ltr'><strong>est?</strong></span> <span class='ocrx_word' id='word_1_155' title='bbox 692 2210 805 2264; x_wconf 84' lang='lat' dir='ltr'><strong>Non</strong></span> <span class='ocrx_word' id='word_1_156' title='bbox 835 2209 967 2263; x_wconf 80' lang='lat' dir='ltr'><strong>dixit</strong></span> <span class='ocrx_word' id='word_1_157' title='bbox 996 2250 1012 2275; x_wconf 90' lang='lat'><strong>,</strong></span> <span class='ocrx_word' id='word_1_158' title='bbox 1047 2208 1101 2263; x_wconf 90' lang='lat' dir='ltr'><strong>Si</strong></span> <span class='ocrx_word' id='word_1_159' title='bbox 1151 2222 1279 2276; x_wconf 81' lang='lat' dir='ltr'><strong>ergo</strong></span> <span class='ocrx_word' id='word_1_160' title='bbox 1308 2206 1538 2275; x_wconf 84' lang='lat' dir='ltr'><strong>Spiritus</strong></span> <span class='ocrx_word' id='word_1_161' title='bbox 1586 2218 1802 2259; x_wconf 81' lang='lat' dir='ltr'><strong>Sanctus</strong></span> 
     </span>
    </p>
   </div>
   <div class='ocr_carea' id='block_1_21' title="bbox 224 2298 1800 2364">
    <p class='ocr_par' dir='ltr' id='par_1_21' title="bbox 224 2298 1800 2364">
     <span class='ocr_line' id='line_1_21' title="bbox 224 2298 1800 2364; baseline -0.004 -9"><span class='ocrx_word' id='word_1_162' title='bbox 224 2313 377 2357; x_wconf 82' lang='lat' dir='ltr'><strong>vocat</strong></span> <span class='ocrx_word' id='word_1_163' title='bbox 402 2319 522 2357; x_wconf 89' lang='lat' dir='ltr'><strong>eum</strong></span> <span class='ocrx_word' id='word_1_164' title='bbox 554 2302 855 2364; x_wconf 87' lang='lat' dir='ltr'><strong>Domimun,</strong></span> <span class='ocrx_word' id='word_1_165' title='bbox 887 2302 1001 2362; x_wconf 84' lang='lat' dir='ltr'><strong>sed,</strong></span> <span class='ocrx_word' id='word_1_166' title='bbox 1037 2300 1097 2354; x_wconf 88' lang='lat' dir='ltr'><strong>Si</strong></span> <span class='ocrx_word' id='word_1_167' title='bbox 1128 2299 1291 2352; x_wconf 86' lang='lat' dir='ltr'><strong>David</strong></span> <span class='ocrx_word' id='word_1_168' title='bbox 1317 2308 1458 2351; x_wconf 81' lang='lat' dir='ltr'><strong>vocat</strong></span> <span class='ocrx_word' id='word_1_169' title='bbox 1481 2314 1592 2350; x_wconf 87' lang='lat' dir='ltr'><strong>eum</strong></span> <span class='ocrx_word' id='word_1_170' title='bbox 1627 2298 1800 2350; x_wconf 85' lang='lat' dir='ltr'><strong>Domi-</strong></span> 
     </span>
    </p>
   </div>
   <div class='ocr_carea' id='block_1_22' title="bbox 222 2391 1801 2465">
    <p class='ocr_par' dir='ltr' id='par_1_22' title="bbox 222 2391 1801 2465">
     <span class='ocr_line' id='line_1_22' title="bbox 222 2391 1801 2465; baseline -0.006 -16"><span class='ocrx_word' id='word_1_171' title='bbox 222 2413 364 2450; x_wconf 83' lang='lat' dir='ltr'><strong>num.</strong></span> <span class='ocrx_word' id='word_1_172' title='bbox 394 2396 500 2449; x_wconf 86' lang='lat' dir='ltr'><strong>Cur</strong></span> <span class='ocrx_word' id='word_1_173' title='bbox 538 2412 662 2465; x_wconf 85' lang='lat' dir='ltr'><strong>ergo</strong></span> <span class='ocrx_word' id='word_1_174' title='bbox 692 2394 893 2448; x_wconf 84' lang='lat' dir='ltr'><strong>addidit</strong></span> <span class='ocrx_word' id='word_1_175' title='bbox 919 2392 1045 2446; x_wconf 91' lang='lat' dir='ltr'><strong>illud</strong></span> <span class='ocrx_word' id='word_1_176' title='bbox 1077 2434 1090 2457; x_wconf 95' lang='lat'><strong>,</strong></span> <span class='ocrx_word' id='word_1_177' title='bbox 1139 2391 1202 2445; x_wconf 86' lang='lat' dir='ltr'><strong>In</strong></span> <span class='ocrx_word' id='word_1_178' title='bbox 1230 2391 1428 2459; x_wconf 85' lang='lat' dir='ltr'><strong>Spiritu</strong></span> <span class='ocrx_word' id='word_1_179' title='bbox 1463 2400 1635 2444; x_wconf 72' lang='lat' dir='ltr'><strong>sancto</strong></span> <span class='ocrx_word' id='word_1_180' title='bbox 1662 2399 1801 2442; x_wconf 85' lang='lat' dir='ltr'><strong>vocat</strong></span> 
     </span>
    </p>
   </div>
   <div class='ocr_carea' id='block_1_23' title="bbox 223 2482 1796 2553">
    <p class='ocr_par' dir='ltr' id='par_1_23' title="bbox 223 2482 1796 2553">
     <span class='ocr_line' id='line_1_23' title="bbox 223 2482 1796 2553; baseline -0.005 -13"><span class='ocrx_word' id='word_1_181' title='bbox 223 2504 335 2540; x_wconf 80' lang='lat' dir='ltr'><strong>eum</strong></span> <span class='ocrx_word' id='word_1_182' title='bbox 365 2485 679 2539; x_wconf 85' lang='lat' dir='ltr'><strong>Dominum?</strong></span> <span class='ocrx_word' id='word_1_183' title='bbox 710 2485 968 2553; x_wconf 87' lang='lat' dir='ltr'><strong>Quoniam</strong></span> <span class='ocrx_word' id='word_1_184' title='bbox 1003 2484 1069 2538; x_wconf 91' lang='lat' dir='ltr'><strong>de</strong></span> <span class='ocrx_word' id='word_1_185' title='bbox 1112 2483 1323 2538; x_wconf 84' lang='lat' dir='ltr'><strong>Christo</strong></span> <span class='ocrx_word' id='word_1_186' title='bbox 1349 2490 1472 2534; x_wconf 87' lang='lat' dir='ltr'><strong>ante</strong></span> <span class='ocrx_word' id='word_1_187' title='bbox 1514 2482 1796 2534; x_wconf 75' lang='lat' dir='ltr'><strong>adventum</strong></span> 
     </span>
    </p>
   </div>
   <div class='ocr_carea' id='block_1_24' title="bbox 222 2574 1797 2644">
    <p class='ocr_par' dir='ltr' id='par_1_24' title="bbox 222 2574 1797 2644">
     <span class='ocr_line' id='line_1_24' title="bbox 222 2574 1797 2644; baseline -0.005 -11"><span class='ocrx_word' id='word_1_188' title='bbox 222 2578 418 2633; x_wconf 89' lang='lat' dir='ltr'><strong>Christi</strong></span> <span class='ocrx_word' id='word_1_189' title='bbox 447 2579 623 2633; x_wconf 90' lang='lat' dir='ltr'><strong>dicere</strong></span> <span class='ocrx_word' id='word_1_190' title='bbox 647 2593 750 2631; x_wconf 89' lang='lat' dir='ltr'><strong>non</strong></span> <span class='ocrx_word' id='word_1_191' title='bbox 782 2586 895 2632; x_wconf 92' lang='lat' dir='ltr'><strong>erat</strong></span> <span class='ocrx_word' id='word_1_192' title='bbox 926 2576 1165 2644; x_wconf 80' lang='lat' dir='ltr'><strong>corporis</strong></span> <span class='ocrx_word' id='word_1_193' title='bbox 1193 2576 1445 2627; x_wconf 82' lang='lat' dir='ltr'><strong>intuentis</strong></span> <span class='ocrx_word' id='word_1_194' title='bbox 1470 2614 1482 2636; x_wconf 90' lang='lat'><strong>,</strong></span> <span class='ocrx_word' id='word_1_195' title='bbox 1514 2574 1604 2626; x_wconf 89' lang='lat' dir='ltr'><strong>sed</strong></span> <span class='ocrx_word' id='word_1_196' title='bbox 1629 2574 1797 2640; x_wconf 83' lang='lat' dir='ltr'><strong>Spiri-</strong></span> 
     </span>
    </p>
   </div>
   <div class='ocr_carea' id='block_1_25' title="bbox 223 2664 1798 2737">
    <p class='ocr_par' dir='ltr' id='par_1_25' title="bbox 223 2664 1798 2737">
     <span class='ocr_line' id='line_1_25' title="bbox 223 2664 1798 2737; baseline -0.003 -17"><span class='ocrx_word' id='word_1_197' title='bbox 223 2679 304 2722; x_wconf 85' lang='lat' dir='ltr'><strong>tus</strong></span> <span class='ocrx_word' id='word_1_198' title='bbox 336 2670 503 2721; x_wconf 83' lang='lat' dir='ltr'><strong>sancti</strong></span> <span class='ocrx_word' id='word_1_199' title='bbox 548 2666 1029 2737; x_wconf 66' lang='lat' dir='ltr'><strong>pratsiguiiicantis.</strong></span> <span class='ocrx_word' id='word_1_200' title='bbox 1062 2666 1242 2733; x_wconf 83' lang='lat' dir='ltr'><strong>Neque</strong></span> <span class='ocrx_word' id='word_1_201' title='bbox 1272 2665 1412 2717; x_wconf 86' lang='lat' dir='ltr'><strong>enim</strong></span> <span class='ocrx_word' id='word_1_202' title='bbox 1438 2680 1556 2732; x_wconf 74' lang='lat' dir='ltr'><strong>qum</strong></span> <span class='ocrx_word' id='word_1_203' title='bbox 1588 2664 1798 2716; x_wconf 70' lang='lat' dir='ltr'><strong>videbat</strong></span> 
     </span>
    </p>
   </div>
   <div class='ocr_carea' id='block_1_26' title="bbox 224 2757 1795 2829">
    <p class='ocr_par' dir='ltr' id='par_1_26' title="bbox 224 2757 1795 2829">
     <span class='ocr_line' id='line_1_26' title="bbox 224 2757 1795 2829; baseline -0.006 -14"><span class='ocrx_word' id='word_1_204' title='bbox 224 2760 387 2815; x_wconf 75' lang='lat' dir='ltr'><strong>liavid</strong></span> <span class='ocrx_word' id='word_1_205' title='bbox 415 2801 429 2823; x_wconf 88' lang='lat'><strong>,</strong></span> <span class='ocrx_word' id='word_1_206' title='bbox 456 2759 773 2829; x_wconf 61' lang='lat' dir='ltr'><strong>praedicabat</strong></span> <span class='ocrx_word' id='word_1_207' title='bbox 798 2776 814 2824; x_wconf 88' lang='lat'><strong>;</strong></span> <span class='ocrx_word' id='word_1_208' title='bbox 843 2757 936 2811; x_wconf 90' lang='lat' dir='ltr'><strong>sed</strong></span> <span class='ocrx_word' id='word_1_209' title='bbox 964 2774 1082 2826; x_wconf 73' lang='lat' dir='ltr'><strong>qua:</strong></span> <span class='ocrx_word' id='word_1_210' title='bbox 1105 2757 1333 2825; x_wconf 85' lang='lat' dir='ltr'><strong>Spiritus</strong></span> <span class='ocrx_word' id='word_1_211' title='bbox 1361 2764 1576 2808; x_wconf 90' lang='lat' dir='ltr'><strong>sanctus</strong></span> <span class='ocrx_word' id='word_1_212' title='bbox 1601 2770 1795 2823; x_wconf 72' lang='lat' dir='ltr'><strong>sugge-</strong></span> 
     </span>
    </p>
   </div>
   <div class='ocr_carea' id='block_1_27' title="bbox 220 2846 1794 2919">
    <p class='ocr_par' dir='ltr' id='par_1_27' title="bbox 220 2846 1794 2919">
     <span class='ocr_line' id='line_1_27' title="bbox 220 2846 1794 2919; baseline -0.004 -13"><span class='ocrx_word' id='word_1_213' title='bbox 220 2854 391 2915; x_wconf 83' lang='lat' dir='ltr'><strong>rebat,</strong></span> <span class='ocrx_word' id='word_1_214' title='bbox 423 2853 533 2905; x_wconf 69' lang='lat' dir='ltr'><strong>hmc</strong></span> <span class='ocrx_word' id='word_1_215' title='bbox 562 2868 654 2919; x_wconf 89' lang='lat' dir='ltr'><strong>per</strong></span> <span class='ocrx_word' id='word_1_216' title='bbox 679 2850 1007 2919; x_wconf 89' lang='lat' dir='ltr'><strong>spiritualem</strong></span> <span class='ocrx_word' id='word_1_217' title='bbox 1041 2850 1206 2917; x_wconf 70' lang='lat' dir='ltr'><strong>lyram</strong></span> <span class='ocrx_word' id='word_1_218' title='bbox 1231 2848 1487 2917; x_wconf 87' lang='lat' dir='ltr'><strong>pulsabat.</strong></span> <span class='ocrx_word' id='word_1_219' title='bbox 1516 2847 1639 2899; x_wconf 88' lang='lat' dir='ltr'><strong>ideo</strong></span> <span class='ocrx_word' id='word_1_220' title='bbox 1671 2846 1794 2899; x_wconf 89' lang='lat' dir='ltr'><strong>illud</strong></span> 
     </span>
    </p>
   </div>
   <div class='ocr_carea' id='block_1_28' title="bbox 216 2938 1797 3010">
    <p class='ocr_par' dir='ltr' id='par_1_28' title="bbox 216 2938 1797 3010">
     <span class='ocr_line' id='line_1_28' title="bbox 216 2938 1797 3010; baseline -0.003 -15"><span class='ocrx_word' id='word_1_221' title='bbox 216 2944 414 3010; x_wconf 83' lang='lat' dir='ltr'><strong>adjecit</strong></span> <span class='ocrx_word' id='word_1_222' title='bbox 446 2982 459 3006; x_wconf 96' lang='lat'><strong>,</strong></span> <span class='ocrx_word' id='word_1_223' title='bbox 495 2943 747 2996; x_wconf 86' lang='lat' dir='ltr'><strong>Dominus</strong></span> <span class='ocrx_word' id='word_1_224' title='bbox 781 2982 794 3005; x_wconf 92' lang='lat'><strong>,</strong></span> <span class='ocrx_word' id='word_1_225' title='bbox 847 2941 1108 3007; x_wconf 83' lang='lat' dir='ltr'><strong>Quomodo</strong></span> <span class='ocrx_word' id='word_1_226' title='bbox 1135 2939 1295 2992; x_wconf 77' lang='lat' dir='ltr'><strong>David</strong></span> <span class='ocrx_word' id='word_1_227' title='bbox 1322 2940 1373 2991; x_wconf 88' lang='lat' dir='ltr'><strong>iu</strong></span> <span class='ocrx_word' id='word_1_228' title='bbox 1404 2938 1597 3006; x_wconf 80' lang='lat' dir='ltr'><strong>Spiritu</strong></span> <span class='ocrx_word' id='word_1_229' title='bbox 1624 2948 1797 2990; x_wconf 82' lang='lat' dir='ltr'><strong>sancto</strong></span> 
     </span>
    </p>
   </div>
   <div class='ocr_carea' id='block_1_29' title="bbox 216 3028 1794 3095">
    <p class='ocr_par' dir='ltr' id='par_1_29' title="bbox 216 3028 1794 3095">
     <span class='ocr_line' id='line_1_29' title="bbox 216 3028 1794 3095; baseline -0.003 -10"><span class='ocrx_word' id='word_1_230' title='bbox 216 3043 360 3086; x_wconf 70' lang='lat' dir='ltr'><strong>vocat</strong></span> <span class='ocrx_word' id='word_1_231' title='bbox 382 3050 491 3085; x_wconf 87' lang='lat' dir='ltr'><strong>eum</strong></span> <span class='ocrx_word' id='word_1_232' title='bbox 523 3033 833 3086; x_wconf 84' lang='lat' dir='ltr'><strong>Dominum?</strong></span> <span class='ocrx_word' id='word_1_233' title='bbox 860 3032 936 3086; x_wconf 85' lang='lat' dir='ltr'><strong>Ne</strong></span> <span class='ocrx_word' id='word_1_234' title='bbox 959 3045 1083 3085; x_wconf 88' lang='lat' dir='ltr'><strong>vero</strong></span> <span class='ocrx_word' id='word_1_235' title='bbox 1108 3030 1384 3083; x_wconf 76' lang='lat' dir='ltr'><strong>litereticus</strong></span> <span class='ocrx_word' id='word_1_236' title='bbox 1412 3028 1794 3095; x_wconf 85' lang='lat' dir='ltr'><strong>blasphemiam</strong></span> 
     </span>
    </p>
   </div>
   <div class='ocr_carea' id='block_1_30' title="bbox 216 3120 1794 3195">
    <p class='ocr_par' dir='ltr' id='par_1_30' title="bbox 216 3120 1794 3195">
     <span class='ocr_line' id='line_1_30' title="bbox 216 3120 1794 3195; baseline -0.003 -20"><span class='ocrx_word' id='word_1_237' title='bbox 216 3125 472 3179; x_wconf 87' lang='lat' dir='ltr'><strong>adversus</strong></span> <span class='ocrx_word' id='word_1_238' title='bbox 490 3127 738 3195; x_wconf 89' lang='lat' dir='ltr'><strong>Spiritum</strong></span> <span class='ocrx_word' id='word_1_239' title='bbox 770 3132 1011 3179; x_wconf 89' lang='lat' dir='ltr'><strong>sanctum</strong></span> <span class='ocrx_word' id='word_1_240' title='bbox 1035 3122 1230 3187; x_wconf 86' lang='lat' dir='ltr'><strong>trahat,</strong></span> <span class='ocrx_word' id='word_1_241' title='bbox 1254 3120 1448 3188; x_wconf 86' lang='lat' dir='ltr'><strong>adjecit</strong></span> <span class='ocrx_word' id='word_1_242' title='bbox 1475 3134 1708 3182; x_wconf 89' lang='lat' dir='ltr'><strong>rursum,</strong></span> <span class='ocrx_word' id='word_1_243' title='bbox 1740 3128 1794 3171; x_wconf 92' lang='lat' dir='ltr'><strong>ut</strong></span> 
     </span>
    </p>
   </div>
   <div class='ocr_carea' id='block_1_31' title="bbox 215 3208 1789 3288">
    <p class='ocr_par' dir='ltr' id='par_1_31' title="bbox 215 3208 1789 3288">
     <span class='ocr_line' id='line_1_31' title="bbox 215 3208 1789 3288; baseline -0.006 -18"><span class='ocrx_word' id='word_1_244' title='bbox 215 3218 470 3283; x_wconf 78' lang='lat' dir='ltr'><strong>diximus,</strong></span> <span class='ocrx_word' id='word_1_245' title='bbox 497 3218 553 3272; x_wconf 88' lang='lat' dir='ltr'><strong>Si</strong></span> <span class='ocrx_word' id='word_1_246' title='bbox 580 3233 695 3288; x_wconf 86' lang='lat' dir='ltr'><strong>ergo</strong></span> <span class='ocrx_word' id='word_1_247' title='bbox 716 3216 879 3269; x_wconf 79' lang='lat' dir='ltr'><strong>David</strong></span> <span class='ocrx_word' id='word_1_248' title='bbox 907 3223 1047 3268; x_wconf 87' lang='lat' dir='ltr'><strong>vocat</strong></span> <span class='ocrx_word' id='word_1_249' title='bbox 1076 3229 1187 3266; x_wconf 81' lang='lat' dir='ltr'><strong>eum</strong></span> <span class='ocrx_word' id='word_1_250' title='bbox 1216 3210 1507 3272; x_wconf 82' lang='lat' dir='ltr'><strong>Dominum,</strong></span> <span class='ocrx_word' id='word_1_251' title='bbox 1542 3208 1789 3277; x_wconf 84' lang='lat' dir='ltr'><strong>quomodo</strong></span> 
     </span>
    </p>
   </div>
   <div class='ocr_carea' id='block_1_32' title="bbox 216 3301 1793 3379">
    <p class='ocr_par' dir='ltr' id='par_1_32' title="bbox 216 3301 1793 3379">
     <span class='ocr_line' id='line_1_32' title="bbox 216 3301 1793 3379; baseline -0.005 -18"><span class='ocrx_word' id='word_1_252' title='bbox 216 3310 359 3377; x_wconf 74' lang='lat' dir='ltr'><strong>[ilius</strong></span> <span class='ocrx_word' id='word_1_253' title='bbox 376 3311 484 3379; x_wconf 84' lang='lat' dir='ltr'><strong>ejus</strong></span> <span class='ocrx_word' id='word_1_254' title='bbox 500 3320 570 3361; x_wconf 75' lang='lat' dir='ltr'><strong>est</strong></span> <span class='ocrx_word' id='word_1_255' title='bbox 594 3308 619 3361; x_wconf 80' lang='lat'><strong><em>?</em></strong></span> <span class='ocrx_word' id='word_1_256' title='bbox 651 3308 810 3377; x_wconf 77' lang='lat' dir='ltr'><strong>igitur</strong></span> <span class='ocrx_word' id='word_1_257' title='bbox 834 3306 993 3358; x_wconf 87' lang='lat' dir='ltr'><strong>David</strong></span> <span class='ocrx_word' id='word_1_258' title='bbox 1011 3302 1279 3357; x_wconf 87' lang='lat' dir='ltr'><strong>Christum</strong></span> <span class='ocrx_word' id='word_1_259' title='bbox 1310 3302 1360 3353; x_wconf 90' lang='lat' dir='ltr'><strong>in</strong></span> <span class='ocrx_word' id='word_1_260' title='bbox 1384 3301 1585 3367; x_wconf 84' lang='lat' dir='ltr'><strong>Spiritu</strong></span> <span class='ocrx_word' id='word_1_261' title='bbox 1608 3308 1793 3353; x_wconf 87' lang='lat' dir='ltr'><strong>sancto</strong></span> 
     </span>
    </p>
   </div>
   <div class='ocr_carea' id='block_1_33' title="bbox 214 3390 1793 3461">
    <p class='ocr_par' dir='ltr' id='par_1_33' title="bbox 214 3390 1793 3461">
     <span class='ocr_line' id='line_1_33' title="bbox 214 3390 1793 3461; baseline -0.006 -8"><span class='ocrx_word' id='word_1_262' title='bbox 214 3408 374 3453; x_wconf 86' lang='lat' dir='ltr'><strong>vocat</strong></span> <span class='ocrx_word' id='word_1_263' title='bbox 400 3398 697 3451; x_wconf 90' lang='lat' dir='ltr'><strong>Dominum.</strong></span> <span class='ocrx_word' id='word_1_264' title='bbox 734 3395 863 3449; x_wconf 89' lang='lat' dir='ltr'><strong>Illud</strong></span> <span class='ocrx_word' id='word_1_265' title='bbox 894 3408 1018 3447; x_wconf 87' lang='lat' dir='ltr'><strong>vero</strong></span> <span class='ocrx_word' id='word_1_266' title='bbox 1040 3394 1369 3461; x_wconf 86' lang='lat' dir='ltr'><strong>potissimum</strong></span> <span class='ocrx_word' id='word_1_267' title='bbox 1394 3390 1793 3449; x_wconf 88' lang='lat' dir='ltr'><strong>consideremus</strong></span> 
     </span>
    </p>
   </div>
   <div class='ocr_carea' id='block_1_34' title="bbox 214 3480 1793 3557">
    <p class='ocr_par' dir='ltr' id='par_1_34' title="bbox 214 3480 1793 3557">
     <span class='ocr_line' id='line_1_34' title="bbox 214 3480 1793 3557; baseline -0.006 -15"><span class='ocrx_word' id='word_1_268' title='bbox 214 3505 431 3545; x_wconf 90' lang='lat' dir='ltr'><strong>omnem</strong></span> <span class='ocrx_word' id='word_1_269' title='bbox 452 3488 759 3557; x_wconf 85' lang='lat' dir='ltr'><strong>prophetam</strong></span> <span class='ocrx_word' id='word_1_270' title='bbox 778 3502 842 3541; x_wconf 91' lang='lat' dir='ltr'><strong>ex</strong></span> <span class='ocrx_word' id='word_1_271' title='bbox 871 3485 1067 3553; x_wconf 87' lang='lat' dir='ltr'><strong>Spiritu</strong></span> <span class='ocrx_word' id='word_1_272' title='bbox 1086 3490 1267 3536; x_wconf 90' lang='lat' dir='ltr'><strong>sancto</strong></span> <span class='ocrx_word' id='word_1_273' title='bbox 1292 3522 1305 3543; x_wconf 89' lang='lat'><strong>,</strong></span> <span class='ocrx_word' id='word_1_274' title='bbox 1326 3496 1443 3550; x_wconf 59' lang='lat' dir='ltr'><strong>quae</strong></span> <span class='ocrx_word' id='word_1_275' title='bbox 1475 3480 1793 3533; x_wconf 84' lang='lat' dir='ltr'><strong>conveniant</strong></span> 
     </span>
    </p>
   </div>
   <div class='ocr_carea' id='block_1_35' title="bbox 214 3570 1791 3649">
    <p class='ocr_par' dir='ltr' id='par_1_35' title="bbox 214 3570 1791 3649">
     <span class='ocr_line' id='line_1_35' title="bbox 214 3570 1791 3649; baseline -0.007 -16"><span class='ocrx_word' id='word_1_276' title='bbox 214 3580 382 3649; x_wconf 84' lang='lat' dir='ltr'><strong>loqui.</strong></span> <span class='ocrx_word' id='word_1_277' title='bbox 406 3576 602 3633; x_wconf 90' lang='lat' dir='ltr'><strong>Omnes</strong></span> <span class='ocrx_word' id='word_1_278' title='bbox 631 3579 771 3631; x_wconf 91' lang='lat' dir='ltr'><strong>enim</strong></span> <span class='ocrx_word' id='word_1_279' title='bbox 812 3575 1127 3630; x_wconf 83' lang='lat' dir='ltr'><strong>conﬁtemur</strong></span> <span class='ocrx_word' id='word_1_280' title='bbox 1150 3613 1164 3633; x_wconf 95' lang='lat'><strong>,</strong></span> <span class='ocrx_word' id='word_1_281' title='bbox 1192 3573 1480 3641; x_wconf 84' lang='lat' dir='ltr'><strong>prepltetas</strong></span> <span class='ocrx_word' id='word_1_282' title='bbox 1510 3571 1562 3623; x_wconf 89' lang='lat' dir='ltr'><strong>in</strong></span> <span class='ocrx_word' id='word_1_283' title='bbox 1593 3570 1791 3638; x_wconf 78' lang='lat' dir='ltr'><strong>Spiritu</strong></span> 
     </span>
    </p>
   </div>
   <div class='ocr_carea' id='block_1_36' title="bbox 210 3663 1793 3738">
    <p class='ocr_par' dir='ltr' id='par_1_36' title="bbox 210 3663 1793 3738">
     <span class='ocr_line' id='line_1_36' title="bbox 210 3663 1793 3738; baseline -0.006 -14"><span class='ocrx_word' id='word_1_284' title='bbox 210 3680 400 3725; x_wconf 84' lang='lat' dir='ltr'><strong>sancto</strong></span> <span class='ocrx_word' id='word_1_285' title='bbox 418 3670 661 3738; x_wconf 84' lang='lat' dir='ltr'><strong>loquutus</strong></span> <span class='ocrx_word' id='word_1_286' title='bbox 683 3683 801 3723; x_wconf 88' lang='lat' dir='ltr'><strong>esse</strong></span> <span class='ocrx_word' id='word_1_287' title='bbox 826 3709 841 3734; x_wconf 84' lang='lat'><strong>,</strong></span> <span class='ocrx_word' id='word_1_288' title='bbox 870 3668 1026 3737; x_wconf 90' lang='lat' dir='ltr'><strong>idque</strong></span> <span class='ocrx_word' id='word_1_289' title='bbox 1047 3665 1330 3736; x_wconf 82' lang='lat' dir='ltr'><strong>Apostolus</strong></span> <span class='ocrx_word' id='word_1_290' title='bbox 1366 3665 1676 3718; x_wconf 83' lang='lat' dir='ltr'><strong>testiﬁcatur</strong></span> <span class='ocrx_word' id='word_1_291' title='bbox 1711 3663 1793 3715; x_wconf 90' lang='lat' dir='ltr'><strong>di-</strong></span> 
     </span>
    </p>
   </div>
   <div class='ocr_carea' id='block_1_37' title="bbox 212 3755 1792 3827">
    <p class='ocr_par' dir='ltr' id='par_1_37' title="bbox 212 3755 1792 3827">
     <span class='ocr_line' id='line_1_37' title="bbox 212 3755 1792 3827; baseline -0.003 -14"><span class='ocrx_word' id='word_1_292' title='bbox 212 3776 369 3825; x_wconf 90' lang='lat' dir='ltr'><strong>cens,</strong></span> <span class='ocrx_word' id='word_1_293' title='bbox 427 3778 444 3811; x_wconf 81' lang='lat' dir='ltr'><strong>t</strong></span> <span class='ocrx_word' id='word_1_294' title='bbox 480 3761 619 3814; x_wconf 81' lang='lat' dir='ltr'><strong>Bene</strong></span> <span class='ocrx_word' id='word_1_295' title='bbox 643 3758 871 3827; x_wconf 75' lang='lat' dir='ltr'><strong>Spiritus</strong></span> <span class='ocrx_word' id='word_1_296' title='bbox 898 3766 1113 3811; x_wconf 90' lang='lat' dir='ltr'><strong>sanctus</strong></span> <span class='ocrx_word' id='word_1_297' title='bbox 1136 3758 1383 3825; x_wconf 73' lang='lat' dir='ltr'><strong>loquutus</strong></span> <span class='ocrx_word' id='word_1_298' title='bbox 1415 3765 1495 3809; x_wconf 91' lang='lat' dir='ltr'><strong>est</strong></span> <span class='ocrx_word' id='word_1_299' title='bbox 1523 3755 1587 3807; x_wconf 89' lang='lat' dir='ltr'><strong>ad</strong></span> <span class='ocrx_word' id='word_1_300' title='bbox 1618 3764 1792 3823; x_wconf 79' lang='lat' dir='ltr'><strong>patres</strong></span> 
     </span>
    </p>
   </div>
   <div class='ocr_carea' id='block_1_38' title="bbox 211 3848 1793 3920">
    <p class='ocr_par' dir='ltr' id='par_1_38' title="bbox 211 3848 1793 3920">
     <span class='ocr_line' id='line_1_38' title="bbox 211 3848 1793 3920; baseline -0.003 -16"><span class='ocrx_word' id='word_1_301' title='bbox 211 3863 425 3907; x_wconf 85' lang='lat' dir='ltr'><strong>vestros</strong></span> <span class='ocrx_word' id='word_1_302' title='bbox 455 3869 548 3920; x_wconf 81' lang='lat' dir='ltr'><strong>per</strong></span> <span class='ocrx_word' id='word_1_303' title='bbox 571 3851 879 3919; x_wconf 81' lang='lat' dir='ltr'><strong>prophetam</strong></span> <span class='ocrx_word' id='word_1_304' title='bbox 916 3869 932 3899; x_wconf 73' lang='grc' dir='ltr'><strong><em>ι</em></strong></span> <span class='ocrx_word' id='word_1_305' title='bbox 964 3849 1094 3918; x_wconf 80' lang='lat' dir='ltr'><strong>(Act.</strong></span> <span class='ocrx_word' id='word_1_306' title='bbox 1128 3849 1216 3901; x_wconf 80' lang='grc'><strong>28.</strong></span> <span class='ocrx_word' id='word_1_307' title='bbox 1247 3848 1361 3917; x_wconf 66' lang='grc'><strong>25.)</strong></span> <span class='ocrx_word' id='word_1_308' title='bbox 1392 3849 1451 3901; x_wconf 84' lang='grc' dir='ltr'><strong>Ει</strong></span> <span class='ocrx_word' id='word_1_309' title='bbox 1483 3850 1670 3902; x_wconf 81' lang='lat' dir='ltr'><strong>iterum</strong></span> <span class='ocrx_word' id='word_1_310' title='bbox 1702 3864 1793 3917; x_wconf 79' lang='lat' dir='ltr'><strong>ge-</strong></span> 
     </span>
    </p>
   </div>
   <div class='ocr_carea' id='block_1_39' title="bbox 212 3940 1795 4010">
    <p class='ocr_par' dir='ltr' id='par_1_39' title="bbox 212 3940 1795 4010">
     <span class='ocr_line' id='line_1_39' title="bbox 212 3940 1795 4010; baseline -0.003 -12"><span class='ocrx_word' id='word_1_311' title='bbox 212 3947 437 3998; x_wconf 88' lang='lat' dir='ltr'><strong>neratim</strong></span> <span class='ocrx_word' id='word_1_312' title='bbox 464 3943 603 3996; x_wconf 91' lang='lat' dir='ltr'><strong>Deus</strong></span> <span class='ocrx_word' id='word_1_313' title='bbox 629 3944 703 3995; x_wconf 85' lang='lat' dir='ltr'><strong>ait</strong></span> <span class='ocrx_word' id='word_1_314' title='bbox 733 3958 745 3996; x_wconf 88' lang='lat'><strong>:</strong></span> <span class='ocrx_word' id='word_1_315' title='bbox 782 3960 799 3992; x_wconf 73' lang='grc' dir='ltr'><strong><em>ο</em></strong></span> <span class='ocrx_word' id='word_1_316' title='bbox 832 3940 1107 3994; x_wconf 80' lang='lat' dir='ltr'><strong>Effundam</strong></span> <span class='ocrx_word' id='word_1_317' title='bbox 1145 3940 1211 3993; x_wconf 91' lang='lat' dir='ltr'><strong>de</strong></span> <span class='ocrx_word' id='word_1_318' title='bbox 1240 3940 1436 4010; x_wconf 88' lang='lat' dir='ltr'><strong>Spiritu</strong></span> <span class='ocrx_word' id='word_1_319' title='bbox 1478 3955 1596 3993; x_wconf 89' lang='lat' dir='ltr'><strong>meo</strong></span> <span class='ocrx_word' id='word_1_320' title='bbox 1632 3954 1795 4008; x_wconf 88' lang='lat' dir='ltr'><strong>super</strong></span> 
     </span>
    </p>
   </div>
   <div class='ocr_carea' id='block_1_40' title="bbox 210 4028 1792 4101">
    <p class='ocr_par' dir='ltr' id='par_1_40' title="bbox 210 4028 1792 4101">
     <span class='ocr_line' id='line_1_40' title="bbox 210 4028 1792 4101; baseline 0.001 -17"><span class='ocrx_word' id='word_1_321' title='bbox 210 4048 428 4087; x_wconf 88' lang='lat' dir='ltr'><strong>omnem</strong></span> <span class='ocrx_word' id='word_1_322' title='bbox 456 4049 691 4092; x_wconf 85' lang='lat' dir='ltr'><strong>carnem,</strong></span> <span class='ocrx_word' id='word_1_323' title='bbox 711 4044 767 4086; x_wconf 88' lang='lat' dir='ltr'><strong>et</strong></span> <span class='ocrx_word' id='word_1_324' title='bbox 790 4032 1178 4101; x_wconf 88' lang='lat' dir='ltr'><strong>prophetabuut</strong></span> <span class='ocrx_word' id='word_1_325' title='bbox 1215 4050 1233 4081; x_wconf 74' lang='grc' dir='ltr'><strong>ι</strong></span> <span class='ocrx_word' id='word_1_326' title='bbox 1267 4033 1282 4098; x_wconf 86' lang='lat'><strong>(</strong></span> <span class='ocrx_word' id='word_1_327' title='bbox 1308 4031 1443 4084; x_wconf 84' lang='lat' dir='ltr'><strong>Joet.</strong></span> <span class='ocrx_word' id='word_1_328' title='bbox 1474 4030 1528 4083; x_wconf 81' lang='grc'>2.</span> <span class='ocrx_word' id='word_1_329' title='bbox 1557 4028 1678 4096; x_wconf 81' lang='grc'><strong>28).</strong></span> <span class='ocrx_word' id='word_1_330' title='bbox 1726 4033 1792 4085; x_wconf 83' lang='grc' dir='ltr'><strong>Ει</strong></span> 
     </span>
    </p>
   </div>
   <div class='ocr_carea' id='block_1_41' title="bbox 208 4122 1792 4196">
    <p class='ocr_par' dir='ltr' id='par_1_41' title="bbox 208 4122 1792 4196">
     <span class='ocr_line' id='line_1_41' title="bbox 208 4122 1792 4196; baseline -0.001 -19"><span class='ocrx_word' id='word_1_331' title='bbox 208 4124 441 4196; x_wconf 79' lang='lat' dir='ltr'><strong>Moyses,</strong></span> <span class='ocrx_word' id='word_1_332' title='bbox 468 4142 486 4173; x_wconf 86' lang='grc'><em>‹</em></span> <span class='ocrx_word' id='word_1_333' title='bbox 512 4124 639 4189; x_wconf 85' lang='lat' dir='ltr'><strong>Quis</strong></span> <span class='ocrx_word' id='word_1_334' title='bbox 659 4123 1028 4177; x_wconf 87' lang='lat' dir='ltr'><strong>dabitomnem</strong></span> <span class='ocrx_word' id='word_1_335' title='bbox 1063 4123 1310 4191; x_wconf 87' lang='lat' dir='ltr'><strong>populum</strong></span> <span class='ocrx_word' id='word_1_336' title='bbox 1338 4122 1540 4175; x_wconf 87' lang='lat' dir='ltr'><strong>Domini</strong></span> <span class='ocrx_word' id='word_1_337' title='bbox 1566 4123 1792 4191; x_wconf 72' lang='lat' dir='ltr'><strong>prophe-</strong></span> 
     </span>
    </p>
   </div>
   <div class='ocr_carea' id='block_1_42' title="bbox 209 4212 1791 4281">
    <p class='ocr_par' dir='ltr' id='par_1_42' title="bbox 209 4212 1791 4281">
     <span class='ocr_line' id='line_1_42' title="bbox 209 4212 1791 4281; baseline 0 -14"><span class='ocrx_word' id='word_1_338' title='bbox 209 4225 292 4269; x_wconf 90' lang='lat' dir='ltr'><strong>tas</strong></span> <span class='ocrx_word' id='word_1_339' title='bbox 323 4229 463 4277; x_wconf 87' lang='lat' dir='ltr'><strong>esse,</strong></span> <span class='ocrx_word' id='word_1_340' title='bbox 485 4229 602 4267; x_wconf 90' lang='lat' dir='ltr'><strong>cum</strong></span> <span class='ocrx_word' id='word_1_341' title='bbox 643 4214 843 4267; x_wconf 84' lang='lat' dir='ltr'><strong>dederit</strong></span> <span class='ocrx_word' id='word_1_342' title='bbox 885 4212 1137 4266; x_wconf 87' lang='lat' dir='ltr'><strong>Dominus</strong></span> <span class='ocrx_word' id='word_1_343' title='bbox 1165 4212 1413 4280; x_wconf 89' lang='lat' dir='ltr'><strong>Spiritum</strong></span> <span class='ocrx_word' id='word_1_344' title='bbox 1447 4228 1597 4265; x_wconf 91' lang='lat' dir='ltr'><strong>suum</strong></span> <span class='ocrx_word' id='word_1_345' title='bbox 1629 4229 1791 4281; x_wconf 89' lang='lat' dir='ltr'><strong>super</strong></span> 
     </span>
    </p>
   </div>
   <div class='ocr_carea' id='block_1_43' title="bbox 218 4306 1792 4377">
    <p class='ocr_par' dir='ltr' id='par_1_43' title="bbox 218 4306 1792 4377">
     <span class='ocr_line' id='line_1_43' title="bbox 218 4306 1792 4377; baseline 0.001 -17"><span class='ocrx_word' id='word_1_346' title='bbox 218 4312 395 4376; x_wconf 66' lang='lat' dir='ltr'><strong>ipsos:</strong></span> <span class='ocrx_word' id='word_1_347' title='bbox 418 4307 599 4377; x_wconf 82' lang='lat' dir='ltr'><strong>(Nunt.</strong></span> <span class='ocrx_word' id='word_1_348' title='bbox 625 4309 707 4362; x_wconf 76' lang='lat' dir='ltr'><strong>ll.</strong></span> <span class='ocrx_word' id='word_1_349' title='bbox 733 4307 858 4375; x_wconf 67' lang='lat'><strong>29)?</strong></span> <span class='ocrx_word' id='word_1_350' title='bbox 889 4306 983 4360; x_wconf 84' lang='lat' dir='ltr'><strong>Hic</strong></span> <span class='ocrx_word' id='word_1_351' title='bbox 998 4306 1328 4359; x_wconf 85' lang='lat' dir='ltr'><strong>attendamus</strong></span> <span class='ocrx_word' id='word_1_352' title='bbox 1342 4307 1640 4377; x_wconf 80' lang='lat' dir='ltr'><strong>diligenter,</strong></span> <span class='ocrx_word' id='word_1_353' title='bbox 1660 4323 1792 4376; x_wconf 87' lang='lat' dir='ltr'><strong>quo-</strong></span> 
     </span>
    </p>
   </div>
   <div class='ocr_carea' id='block_1_44' title="bbox 208 4398 1791 4468">
    <p class='ocr_par' dir='ltr' id='par_1_44' title="bbox 208 4398 1791 4468">
     <span class='ocr_line' id='line_1_44' title="bbox 208 4398 1791 4468; baseline -0.001 -13"><span class='ocrx_word' id='word_1_354' title='bbox 208 4400 600 4468; x_wconf 85' lang='lat' dir='ltr'><strong>modoSpiritus</strong></span> <span class='ocrx_word' id='word_1_355' title='bbox 616 4398 780 4453; x_wconf 89' lang='lat' dir='ltr'><strong>sancti</strong></span> <span class='ocrx_word' id='word_1_356' title='bbox 796 4398 1040 4451; x_wconf 87' lang='lat' dir='ltr'><strong>divinitas</strong></span> <span class='ocrx_word' id='word_1_357' title='bbox 1055 4399 1573 4461; x_wconf 85' lang='lat' dir='ltr'><strong>demonstretur,nou</strong></span> <span class='ocrx_word' id='word_1_358' title='bbox 1591 4415 1619 4453; x_wconf 88' lang='lat' dir='ltr'><strong>a</strong></span> <span class='ocrx_word' id='word_1_359' title='bbox 1640 4401 1791 4453; x_wconf 85' lang='lat' dir='ltr'><strong>nobis</strong></span> 
     </span>
    </p>
   </div>
   <div class='ocr_carea' id='block_1_45' title="bbox 208 4490 1789 4561">
    <p class='ocr_par' dir='ltr' id='par_1_45' title="bbox 208 4490 1789 4561">
     <span class='ocr_line' id='line_1_45' title="bbox 208 4490 1789 4561; baseline -0.003 -14"><span class='ocrx_word' id='word_1_360' title='bbox 208 4495 460 4555; x_wconf 81' lang='lat' dir='ltr'><strong>cxaltata,</strong></span> <span class='ocrx_word' id='word_1_361' title='bbox 478 4492 566 4545; x_wconf 91' lang='lat' dir='ltr'><strong>sed</strong></span> <span class='ocrx_word' id='word_1_362' title='bbox 584 4507 611 4543; x_wconf 91' lang='lat' dir='ltr'><strong>a</strong></span> <span class='ocrx_word' id='word_1_363' title='bbox 635 4492 843 4560; x_wconf 90' lang='lat' dir='ltr'><strong>propria</strong></span> <span class='ocrx_word' id='word_1_364' title='bbox 862 4490 1111 4559; x_wconf 84' lang='lat' dir='ltr'><strong>dignitate</strong></span> <span class='ocrx_word' id='word_1_365' title='bbox 1128 4491 1410 4548; x_wconf 84' lang='lat' dir='ltr'><strong>celebrata.</strong></span> <span class='ocrx_word' id='word_1_366' title='bbox 1427 4491 1655 4561; x_wconf 83' lang='lat' dir='ltr'><strong>Mihique</strong></span> <span class='ocrx_word' id='word_1_367' title='bbox 1669 4507 1789 4546; x_wconf 90' lang='lat' dir='ltr'><strong>cou-</strong></span> 
     </span>
    </p>
   </div>
   <div class='ocr_carea' id='block_1_46' title="bbox 208 4583 1785 4653">
    <p class='ocr_par' dir='ltr' id='par_1_46' title="bbox 208 4583 1785 4653">
     <span class='ocr_line' id='line_1_46' title="bbox 208 4583 1785 4653; baseline -0.001 -16"><span class='ocrx_word' id='word_1_368' title='bbox 208 4586 386 4638; x_wconf 91' lang='lat' dir='ltr'><strong>cedite</strong></span> <span class='ocrx_word' id='word_1_369' title='bbox 410 4592 465 4636; x_wconf 94' lang='lat' dir='ltr'><strong>ut</strong></span> <span class='ocrx_word' id='word_1_370' title='bbox 482 4584 887 4652; x_wconf 79' lang='lat' dir='ltr'><strong>interrogatione</strong></span> <span class='ocrx_word' id='word_1_371' title='bbox 901 4593 954 4637; x_wconf 92' lang='lat' dir='ltr'><strong>et</strong></span> <span class='ocrx_word' id='word_1_372' title='bbox 968 4583 1312 4653; x_wconf 88' lang='lat' dir='ltr'><strong>responsione</strong></span> <span class='ocrx_word' id='word_1_373' title='bbox 1328 4598 1438 4638; x_wconf 90' lang='lat' dir='ltr'><strong>rem</strong></span> <span class='ocrx_word' id='word_1_374' title='bbox 1462 4585 1785 4651; x_wconf 86' lang='lat' dir='ltr'><strong>prepositam</strong></span> 
     </span>
    </p>
   </div>
   <div class='ocr_carea' id='block_1_47' title="bbox 210 4673 1787 4743">
    <p class='ocr_par' dir='ltr' id='par_1_47' title="bbox 210 4673 1787 4743">
     <span class='ocr_line' id='line_1_47' title="bbox 210 4673 1787 4743; baseline -0.002 -16"><span class='ocrx_word' id='word_1_375' title='bbox 210 4684 433 4728; x_wconf 87' lang='lat' dir='ltr'><strong>tractem</strong></span> <span class='ocrx_word' id='word_1_376' title='bbox 461 4691 474 4729; x_wconf 92' lang='lat'><strong>:</strong></span> <span class='ocrx_word' id='word_1_377' title='bbox 507 4673 803 4741; x_wconf 89' lang='lat' dir='ltr'><strong>hujusmodi</strong></span> <span class='ocrx_word' id='word_1_378' title='bbox 834 4674 973 4726; x_wconf 92' lang='lat' dir='ltr'><strong>enim</strong></span> <span class='ocrx_word' id='word_1_379' title='bbox 1006 4676 1385 4743; x_wconf 58' lang='lat' dir='ltr'><strong>quaestionibus</strong></span> <span class='ocrx_word' id='word_1_380' title='bbox 1416 4674 1621 4728; x_wconf 74' lang='lat' dir='ltr'><strong>facilior</strong></span> <span class='ocrx_word' id='word_1_381' title='bbox 1662 4692 1787 4729; x_wconf 69' lang='lat' dir='ltr'><strong>eia-</strong></span> 
     </span>
    </p>
   </div>
   <div class='ocr_carea' id='block_1_48' title="bbox 210 4763 1782 4833">
    <p class='ocr_par' dir='ltr' id='par_1_48' title="bbox 210 4763 1782 4833">
     <span class='ocr_line' id='line_1_48' title="bbox 210 4763 1782 4833; baseline 0 -18"><span class='ocrx_word' id='word_1_382' title='bbox 210 4764 289 4817; x_wconf 89' lang='lat' dir='ltr'><strong>dit</strong></span> <span class='ocrx_word' id='word_1_383' title='bbox 311 4763 588 4817; x_wconf 90' lang='lat' dir='ltr'><strong>dubiorum</strong></span> <span class='ocrx_word' id='word_1_384' title='bbox 618 4764 829 4817; x_wconf 89' lang='lat' dir='ltr'><strong>solutio.</strong></span> <span class='ocrx_word' id='word_1_385' title='bbox 860 4763 1251 4833; x_wconf 86' lang='lat' dir='ltr'><strong>lnterrogemus</strong></span> <span class='ocrx_word' id='word_1_386' title='bbox 1281 4779 1407 4833; x_wconf 82' lang='lat' dir='ltr'><strong>ergo</strong></span> <span class='ocrx_word' id='word_1_387' title='bbox 1428 4782 1439 4821; x_wconf 86' lang='lat'>:</span> <span class='ocrx_word' id='word_1_388' title='bbox 1464 4765 1782 4818; x_wconf 70' lang='lat' dir='ltr'><strong>Fati-murae</strong></span> 
     </span>
    </p>
   </div>
   <div class='ocr_carea' id='block_1_49' title="bbox 211 4854 1779 4924">
    <p class='ocr_par' dir='ltr' id='par_1_49' title="bbox 211 4854 1779 4924">
     <span class='ocr_line' id='line_1_49' title="bbox 211 4854 1779 4924; baseline 0.003 -19"><span class='ocrx_word' id='word_1_389' title='bbox 211 4854 471 4922; x_wconf 90' lang='lat' dir='ltr'><strong>Spiritum</strong></span> <span class='ocrx_word' id='word_1_390' title='bbox 497 4864 737 4908; x_wconf 88' lang='lat' dir='ltr'><strong>sanctum</strong></span> <span class='ocrx_word' id='word_1_391' title='bbox 764 4855 1039 4923; x_wconf 82' lang='lat' dir='ltr'><strong>loquutnm</strong></span> <span class='ocrx_word' id='word_1_392' title='bbox 1072 4871 1189 4910; x_wconf 91' lang='lat' dir='ltr'><strong>esse</strong></span> <span class='ocrx_word' id='word_1_393' title='bbox 1221 4872 1312 4924; x_wconf 89' lang='lat' dir='ltr'><strong>per</strong></span> <span class='ocrx_word' id='word_1_394' title='bbox 1354 4860 1639 4924; x_wconf 80' lang='lat' dir='ltr'><strong>prephetas</strong></span> <span class='ocrx_word' id='word_1_395' title='bbox 1672 4900 1684 4917; x_wconf 91' lang='lat'><strong>,</strong></span> <span class='ocrx_word' id='word_1_396' title='bbox 1716 4875 1779 4909; x_wconf 88' lang='lat' dir='ltr'><strong>an</strong></span> 
     </span>
    </p>
   </div>
   <div class='ocr_carea' id='block_1_50' title="bbox 210 4945 1779 5015">
    <p class='ocr_par' dir='ltr' id='par_1_50' title="bbox 210 4945 1779 5015">
     <span class='ocr_line' id='line_1_50' title="bbox 210 4945 1779 5015; baseline -0.001 -17"><span class='ocrx_word' id='word_1_397' title='bbox 210 4954 445 5015; x_wconf 74' lang='lat' dir='ltr'><strong>negant,</strong></span> <span class='ocrx_word' id='word_1_398' title='bbox 489 4946 572 4999; x_wconf 92' lang='lat' dir='ltr'><strong>vel</strong></span> <span class='ocrx_word' id='word_1_399' title='bbox 601 4946 845 5000; x_wconf 90' lang='lat' dir='ltr'><strong>dubitant</strong></span> <span class='ocrx_word' id='word_1_400' title='bbox 872 4947 894 5000; x_wconf 67' lang='grc' dir='ltr'><strong>ἲ</strong></span> <span class='ocrx_word' id='word_1_401' title='bbox 920 4945 975 5001; x_wconf 88' lang='lat' dir='ltr'><strong>Si</strong></span> <span class='ocrx_word' id='word_1_402' title='bbox 1016 4946 1260 5000; x_wconf 85' lang='lat' dir='ltr'><strong>dubitant</strong></span> <span class='ocrx_word' id='word_1_403' title='bbox 1290 4988 1304 5011; x_wconf 92' lang='lat'><strong>,</strong></span> <span class='ocrx_word' id='word_1_404' title='bbox 1338 4962 1454 5014; x_wconf 67' lang='lat' dir='ltr'><strong>qua:</strong></span> <span class='ocrx_word' id='word_1_405' title='bbox 1495 4958 1617 5000; x_wconf 88' lang='lat' dir='ltr'><strong>ante</strong></span> <span class='ocrx_word' id='word_1_406' title='bbox 1643 4950 1779 4999; x_wconf 81' lang='lat' dir='ltr'><strong>dicta</strong></span> 
     </span>
    </p>
   </div>
   <div class='ocr_carea' id='block_1_51' title="bbox 208 5036 1781 5105">
    <p class='ocr_par' dir='ltr' id='par_1_51' title="bbox 208 5036 1781 5105">
     <span class='ocr_line' id='line_1_51' title="bbox 208 5036 1781 5105; baseline 0.001 -18"><span class='ocrx_word' id='word_1_407' title='bbox 208 5045 334 5089; x_wconf 86' lang='lat' dir='ltr'><strong>sunt</strong></span> <span class='ocrx_word' id='word_1_408' title='bbox 373 5036 422 5087; x_wconf 91' lang='lat' dir='ltr'><strong>in</strong></span> <span class='ocrx_word' id='word_1_409' title='bbox 454 5037 762 5089; x_wconf 89' lang='lat' dir='ltr'><strong>memoriam</strong></span> <span class='ocrx_word' id='word_1_410' title='bbox 806 5051 1118 5090; x_wconf 91' lang='lat' dir='ltr'><strong>revocemus</strong></span> <span class='ocrx_word' id='word_1_411' title='bbox 1145 5077 1159 5101; x_wconf 96' lang='lat'><strong>,</strong></span> <span class='ocrx_word' id='word_1_412' title='bbox 1189 5036 1457 5105; x_wconf 89' lang='lat' dir='ltr'><strong>quomodo</strong></span> <span class='ocrx_word' id='word_1_413' title='bbox 1502 5036 1611 5103; x_wconf 81' lang='lat' dir='ltr'><strong>ipse</strong></span> <span class='ocrx_word' id='word_1_414' title='bbox 1647 5038 1781 5089; x_wconf 82' lang='lat' dir='ltr'><strong>Dens</strong></span> 
     </span>
    </p>
   </div>
   <div class='ocr_carea' id='block_1_52' title="bbox 211 5125 1779 5195">
    <p class='ocr_par' dir='ltr' id='par_1_52' title="bbox 211 5125 1779 5195">
     <span class='ocr_line' id='line_1_52' title="bbox 211 5125 1779 5195; baseline 0.001 -18"><span class='ocrx_word' id='word_1_415' title='bbox 211 5125 525 5180; x_wconf 81' lang='lat' dir='ltr'><strong>testificatur</strong></span> <span class='ocrx_word' id='word_1_416' title='bbox 549 5125 731 5180; x_wconf 90' lang='lat' dir='ltr'><strong>dicens</strong></span> <span class='ocrx_word' id='word_1_417' title='bbox 766 5168 779 5192; x_wconf 91' lang='lat'><strong>,</strong></span> <span class='ocrx_word' id='word_1_418' title='bbox 827 5125 1101 5192; x_wconf 70' lang='lat' dir='ltr'><strong>Effundam</strong></span> <span class='ocrx_word' id='word_1_419' title='bbox 1145 5127 1206 5180; x_wconf 84' lang='lat' dir='ltr'><strong>de</strong></span> <span class='ocrx_word' id='word_1_420' title='bbox 1244 5128 1439 5195; x_wconf 85' lang='lat' dir='ltr'><strong>Spiritu</strong></span> <span class='ocrx_word' id='word_1_421' title='bbox 1487 5144 1592 5179; x_wconf 81' lang='lat' dir='ltr'><strong>meo</strong></span> <span class='ocrx_word' id='word_1_422' title='bbox 1631 5145 1779 5193; x_wconf 77' lang='lat' dir='ltr'><strong>super</strong></span> 
     </span>
    </p>
   </div>
   <div class='ocr_carea' id='block_1_53' title="bbox 208 5216 1781 5286">
    <p class='ocr_par' dir='ltr' id='par_1_53' title="bbox 208 5216 1781 5286">
     <span class='ocr_line' id='line_1_53' title="bbox 208 5216 1781 5286; baseline 0.003 -20"><span class='ocrx_word' id='word_1_423' title='bbox 208 5230 407 5269; x_wconf 85' lang='lat' dir='ltr'><strong>omnem</strong></span> <span class='ocrx_word' id='word_1_424' title='bbox 436 5230 634 5267; x_wconf 83' lang='lat' dir='ltr'><strong>carnem</strong></span> <span class='ocrx_word' id='word_1_425' title='bbox 663 5252 695 5280; x_wconf 84' lang='lat'><strong>,.</strong></span> <span class='ocrx_word' id='word_1_426' title='bbox 721 5226 765 5269; x_wconf 82' lang='lat' dir='ltr'><strong>et</strong></span> <span class='ocrx_word' id='word_1_427' title='bbox 793 5217 1157 5285; x_wconf 82' lang='lat' dir='ltr'><strong>propltetabunt</strong></span> <span class='ocrx_word' id='word_1_428' title='bbox 1186 5217 1209 5269; x_wconf 87' lang='lat'><strong><em>?</em></strong></span> <span class='ocrx_word' id='word_1_429' title='bbox 1236 5216 1461 5286; x_wconf 88' lang='lat' dir='ltr'><strong>Spiritus</strong></span> <span class='ocrx_word' id='word_1_430' title='bbox 1488 5218 1629 5270; x_wconf 91' lang='lat' dir='ltr'><strong>enim</strong></span> <span class='ocrx_word' id='word_1_431' title='bbox 1660 5233 1781 5285; x_wconf 86' lang='lat' dir='ltr'><strong>pro-</strong></span> 
     </span>
    </p>
   </div>
   <div class='ocr_carea' id='block_1_54' title="bbox 210 5304 1776 5369">
    <p class='ocr_par' dir='ltr' id='par_1_54' title="bbox 210 5304 1776 5369">
     <span class='ocr_line' id='line_1_54' title="bbox 210 5304 1776 5369; baseline 0.004 -14"><span class='ocrx_word' id='word_1_432' title='bbox 210 5304 475 5369; x_wconf 88' lang='lat' dir='ltr'><strong>pheticam</strong></span> <span class='ocrx_word' id='word_1_433' title='bbox 521 5304 768 5358; x_wconf 87' lang='lat' dir='ltr'><strong>virtutem</strong></span> <span class='ocrx_word' id='word_1_434' title='bbox 815 5307 1031 5361; x_wconf 79' lang='lat' dir='ltr'><strong>excitat.</strong></span> <span class='ocrx_word' id='word_1_435' title='bbox 1085 5307 1173 5361; x_wconf 87' lang='lat' dir='ltr'><strong>Sic</strong></span> <span class='ocrx_word' id='word_1_436' title='bbox 1220 5318 1267 5361; x_wconf 91' lang='lat' dir='ltr'><strong>et</strong></span> <span class='ocrx_word' id='word_1_437' title='bbox 1323 5308 1410 5361; x_wconf 90' lang='lat' dir='ltr'><strong>ille</strong></span> <span class='ocrx_word' id='word_1_438' title='bbox 1454 5308 1776 5361; x_wconf 78' lang='lat' dir='ltr'><strong>admirabilis</strong></span> 
     </span>
    </p>
   </div>
   <div class='ocr_carea' id='block_1_55' title="bbox 208 5394 1775 5468">
    <p class='ocr_par' dir='ltr' id='par_1_55' title="bbox 208 5394 1775 5468">
     <span class='ocr_line' id='line_1_55' title="bbox 208 5394 1775 5468; baseline 0.003 -20"><span class='ocrx_word' id='word_1_439' title='bbox 208 5394 418 5468; x_wconf 75' lang='lat' dir='ltr'><strong>Moyses</strong></span> <span class='ocrx_word' id='word_1_440' title='bbox 444 5438 457 5459; x_wconf 92' lang='lat'><strong>,</strong></span> <span class='ocrx_word' id='word_1_441' title='bbox 509 5405 566 5450; x_wconf 91' lang='lat' dir='ltr'><strong>ut</strong></span> <span class='ocrx_word' id='word_1_442' title='bbox 611 5397 853 5451; x_wconf 89' lang='lat' dir='ltr'><strong>ostendat</strong></span> <span class='ocrx_word' id='word_1_443' title='bbox 897 5398 1225 5466; x_wconf 85' lang='lat' dir='ltr'><strong>prephetiam</strong></span> <span class='ocrx_word' id='word_1_444' title='bbox 1267 5414 1330 5452; x_wconf 77' lang='lat' dir='ltr'><strong>ex</strong></span> <span class='ocrx_word' id='word_1_445' title='bbox 1356 5398 1553 5467; x_wconf 87' lang='lat' dir='ltr'><strong>Spiritu</strong></span> <span class='ocrx_word' id='word_1_446' title='bbox 1592 5410 1775 5453; x_wconf 74' lang='lat' dir='ltr'><strong>saneto</strong></span> 
     </span>
    </p>
   </div>
   <div class='ocr_carea' id='block_1_56' title="bbox 210 5488 1771 5559">
    <p class='ocr_par' dir='ltr' id='par_1_56' title="bbox 210 5488 1771 5559">
     <span class='ocr_line' id='line_1_56' title="bbox 210 5488 1771 5559; baseline 0.006 -23"><span class='ocrx_word' id='word_1_447' title='bbox 210 5488 472 5550; x_wconf 87' lang='lat' dir='ltr'><strong>proficisci</strong></span> <span class='ocrx_word' id='word_1_448' title='bbox 501 5498 552 5542; x_wconf 91' lang='lat' dir='ltr'><strong>et</strong></span> <span class='ocrx_word' id='word_1_449' title='bbox 577 5488 847 5553; x_wconf 90' lang='lat' dir='ltr'><strong>constitui,</strong></span> <span class='ocrx_word' id='word_1_450' title='bbox 870 5489 919 5540; x_wconf 93' lang='lat' dir='ltr'><strong>in</strong></span> <span class='ocrx_word' id='word_1_451' title='bbox 945 5490 1081 5543; x_wconf 87' lang='lat' dir='ltr'><strong>hanc</strong></span> <span class='ocrx_word' id='word_1_452' title='bbox 1105 5505 1345 5558; x_wconf 82' lang='lat' dir='ltr'><strong>magnam</strong></span> <span class='ocrx_word' id='word_1_453' title='bbox 1367 5491 1771 5559; x_wconf 80' lang='lat' dir='ltr'><strong>miraliilemque</strong></span> 
     </span>
    </p>
   </div>
   <div class='ocr_carea' id='block_1_57' title="bbox 210 5578 1774 5649">
    <p class='ocr_par' dir='ltr' id='par_1_57' title="bbox 210 5578 1774 5649">
     <span class='ocr_line' id='line_1_57' title="bbox 210 5578 1774 5649; baseline 0.004 -22"><span class='ocrx_word' id='word_1_454' title='bbox 210 5580 383 5647; x_wconf 86' lang='lat' dir='ltr'><strong>erupit</strong></span> <span class='ocrx_word' id='word_1_455' title='bbox 411 5593 591 5632; x_wconf 90' lang='lat' dir='ltr'><strong>vocetn</strong></span> <span class='ocrx_word' id='word_1_456' title='bbox 624 5595 637 5635; x_wconf 90' lang='lat'>:</span> <span class='ocrx_word' id='word_1_457' title='bbox 675 5597 693 5629; x_wconf 82' lang='lat' dir='ltr'><strong>t</strong></span> <span class='ocrx_word' id='word_1_458' title='bbox 726 5579 788 5631; x_wconf 85' lang='lat' dir='ltr'><strong>Et</strong></span> <span class='ocrx_word' id='word_1_459' title='bbox 823 5580 938 5647; x_wconf 87' lang='lat' dir='ltr'><strong>quis</strong></span> <span class='ocrx_word' id='word_1_460' title='bbox 972 5578 1116 5633; x_wconf 91' lang='lat' dir='ltr'><strong>dabit</strong></span> <span class='ocrx_word' id='word_1_461' title='bbox 1150 5596 1359 5634; x_wconf 90' lang='lat' dir='ltr'><strong>omnem</strong></span> <span class='ocrx_word' id='word_1_462' title='bbox 1394 5582 1637 5649; x_wconf 88' lang='lat' dir='ltr'><strong>populum</strong></span> <span class='ocrx_word' id='word_1_463' title='bbox 1670 5583 1774 5634; x_wconf 87' lang='lat' dir='ltr'><strong>Do-</strong></span> 
     </span>
    </p>
   </div>
   <div class='ocr_carea' id='block_1_58' title="bbox 211 5666 1768 5740">
    <p class='ocr_par' dir='ltr' id='par_1_58' title="bbox 211 5666 1768 5740">
     <span class='ocr_line' id='line_1_58' title="bbox 211 5666 1768 5740; baseline 0.006 -26"><span class='ocrx_word' id='word_1_464' title='bbox 211 5666 337 5720; x_wconf 89' lang='lat' dir='ltr'><strong>mini</strong></span> <span class='ocrx_word' id='word_1_465' title='bbox 370 5669 651 5737; x_wconf 79' lang='lat' dir='ltr'><strong>prophetas</strong></span> <span class='ocrx_word' id='word_1_466' title='bbox 670 5683 788 5722; x_wconf 84' lang='lat' dir='ltr'><strong>esse</strong></span> <span class='ocrx_word' id='word_1_467' title='bbox 809 5710 823 5731; x_wconf 96' lang='lat'><strong>,</strong></span> <span class='ocrx_word' id='word_1_468' title='bbox 847 5683 966 5721; x_wconf 91' lang='lat' dir='ltr'><strong>cum</strong></span> <span class='ocrx_word' id='word_1_469' title='bbox 996 5669 1201 5723; x_wconf 88' lang='lat' dir='ltr'><strong>dederit</strong></span> <span class='ocrx_word' id='word_1_470' title='bbox 1238 5672 1490 5723; x_wconf 90' lang='lat' dir='ltr'><strong>Dominus</strong></span> <span class='ocrx_word' id='word_1_471' title='bbox 1518 5673 1768 5740; x_wconf 84' lang='lat' dir='ltr'><strong>Spiritum</strong></span> 
     </span>
    </p>
   </div>
   <div class='ocr_carea' id='block_1_59' title="bbox 211 5760 1772 5828">
    <p class='ocr_par' dir='ltr' id='par_1_59' title="bbox 211 5760 1772 5828">
     <span class='ocr_line' id='line_1_59' title="bbox 211 5760 1772 5828; baseline 0.005 -21"><span class='ocrx_word' id='word_1_472' title='bbox 211 5766 445 5811; x_wconf 73' lang='lat' dir='ltr'><strong>sanctum</strong></span> <span class='ocrx_word' id='word_1_473' title='bbox 479 5773 630 5812; x_wconf 91' lang='lat' dir='ltr'><strong>suum</strong></span> <span class='ocrx_word' id='word_1_474' title='bbox 657 5773 815 5828; x_wconf 88' lang='lat' dir='ltr'><strong>super</strong></span> <span class='ocrx_word' id='word_1_475' title='bbox 836 5760 965 5812; x_wconf 84' lang='lat' dir='ltr'><strong>eos?</strong></span> <span class='ocrx_word' id='word_1_476' title='bbox 996 5777 1012 5804; x_wconf 75' lang='grc' dir='ltr'>δ</span> <span class='ocrx_word' id='word_1_477' title='bbox 1048 5760 1101 5812; x_wconf 90' lang='lat' dir='ltr'><strong>Si</strong></span> <span class='ocrx_word' id='word_1_478' title='bbox 1130 5770 1304 5813; x_wconf 89' lang='lat' dir='ltr'><strong>autem</strong></span> <span class='ocrx_word' id='word_1_479' title='bbox 1336 5776 1459 5814; x_wconf 84' lang='lat' dir='ltr'><strong>vere</strong></span> <span class='ocrx_word' id='word_1_480' title='bbox 1480 5763 1772 5816; x_wconf 86' lang='lat' dir='ltr'><strong>confitean-</strong></span> 
     </span>
    </p>
   </div>
   <div class='ocr_carea' id='block_1_60' title="bbox 212 5848 1771 5922">
    <p class='ocr_par' dir='ltr' id='par_1_60' title="bbox 212 5848 1771 5922">
     <span class='ocr_line' id='line_1_60' title="bbox 212 5848 1771 5922; baseline 0.004 -23"><span class='ocrx_word' id='word_1_481' title='bbox 212 5850 293 5899; x_wconf 69' lang='lat' dir='ltr'><strong>tur</strong></span> <span class='ocrx_word' id='word_1_482' title='bbox 307 5848 358 5901; x_wconf 88' lang='lat' dir='ltr'><strong>id</strong></span> <span class='ocrx_word' id='word_1_483' title='bbox 389 5850 528 5920; x_wconf 90' lang='lat' dir='ltr'><strong>quod</strong></span> <span class='ocrx_word' id='word_1_484' title='bbox 556 5851 889 5907; x_wconf 82' lang='lat' dir='ltr'><strong>verissimum</strong></span> <span class='ocrx_word' id='word_1_485' title='bbox 913 5860 1013 5918; x_wconf 87' lang='lat' dir='ltr'><strong>est,</strong></span> <span class='ocrx_word' id='word_1_486' title='bbox 1044 5866 1230 5922; x_wconf 88' lang='lat' dir='ltr'><strong>nempe</strong></span> <span class='ocrx_word' id='word_1_487' title='bbox 1254 5850 1503 5919; x_wconf 87' lang='lat' dir='ltr'><strong>Spiritum</strong></span> <span class='ocrx_word' id='word_1_488' title='bbox 1534 5862 1771 5912; x_wconf 82' lang='lat' dir='ltr'><strong>sanctum</strong></span> 
     </span>
    </p>
   </div>
   <div class='ocr_carea' id='block_1_61' title="bbox 1448 452 2268 517">
    <p class='ocr_par' dir='ltr' id='par_1_61' title="bbox 1448 452 2268 517">
     <span class='ocr_line' id='line_1_61' title="bbox 1448 452 2268 517; baseline 0.011 -9"><span class='ocrx_word' id='word_1_489' title='bbox 1448 456 1533 508; x_wconf 76' lang='lat' dir='ltr'><strong>DE</strong></span> <span class='ocrx_word' id='word_1_490' title='bbox 1574 452 1935 510; x_wconf 76' lang='lat' dir='ltr'><strong>SERPENTE</strong></span> <span class='ocrx_word' id='word_1_491' title='bbox 1972 457 2268 517; x_wconf 72' lang='lat' dir='ltr'><strong>HOMILIA.</strong></span> 
     </span>
    </p>
   </div>
   <div class='ocr_carea' id='block_1_62' title="bbox 3374 487 3487 546">
    <p class='ocr_par' dir='ltr' id='par_1_62' title="bbox 3374 487 3487 546">
     <span class='ocr_line' id='line_1_62' title="bbox 3374 487 3487 546; baseline 0.035 -4"><span class='ocrx_word' id='word_1_492' title='bbox 3374 487 3487 546; x_wconf 84' lang='lat'><strong>514</strong></span> 
     </span>
    </p>
   </div>
   <div class='ocr_carea' id='block_1_63' title="bbox 1920 570 3492 652">
    <p class='ocr_par' dir='ltr' id='par_1_63' title="bbox 1920 570 3492 652">
     <span class='ocr_line' id='line_1_63' title="bbox 1920 570 3492 652; baseline 0.019 -29"><span class='ocrx_word' id='word_1_493' title='bbox 1920 570 2192 641; x_wconf 90' lang='lat' dir='ltr'><strong>loquutum</strong></span> <span class='ocrx_word' id='word_1_494' title='bbox 2221 592 2341 633; x_wconf 90' lang='lat' dir='ltr'><strong>esse</strong></span> <span class='ocrx_word' id='word_1_495' title='bbox 2372 586 2421 633; x_wconf 84' lang='lat' dir='ltr'><strong>tn</strong></span> <span class='ocrx_word' id='word_1_496' title='bbox 2449 581 2739 651; x_wconf 85' lang='lat' dir='ltr'><strong>prephetis,</strong></span> <span class='ocrx_word' id='word_1_497' title='bbox 2769 584 2890 640; x_wconf 89' lang='lat' dir='ltr'><strong>audi</strong></span> <span class='ocrx_word' id='word_1_498' title='bbox 2917 596 2973 641; x_wconf 92' lang='lat' dir='ltr'><strong>ut</strong></span> <span class='ocrx_word' id='word_1_499' title='bbox 2995 587 3181 645; x_wconf 89' lang='lat' dir='ltr'><strong>beatus</strong></span> <span class='ocrx_word' id='word_1_500' title='bbox 3203 591 3289 649; x_wconf 87' lang='lat' dir='ltr'><strong>ille</strong></span> <span class='ocrx_word' id='word_1_501' title='bbox 3313 596 3492 652; x_wconf 83' lang='lat' dir='ltr'><strong>admi-</strong></span> 
     </span>
    </p>
   </div>
   <div class='ocr_carea' id='block_1_64' title="bbox 1916 665 3489 749">
    <p class='ocr_par' dir='ltr' id='par_1_64' title="bbox 1916 665 3489 749">
     <span class='ocr_line' id='line_1_64' title="bbox 1916 665 3489 749; baseline 0.018 -34"><span class='ocrx_word' id='word_1_502' title='bbox 1916 665 2216 735; x_wconf 88' lang='lat' dir='ltr'><strong>randusque</strong></span> <span class='ocrx_word' id='word_1_503' title='bbox 2246 668 2551 738; x_wconf 86' lang='lat' dir='ltr'><strong>Zacharias,</strong></span> <span class='ocrx_word' id='word_1_504' title='bbox 2582 674 2932 733; x_wconf 67' lang='lat' dir='ltr'><strong>Praecursoris</strong></span> <span class='ocrx_word' id='word_1_505' title='bbox 2950 689 3123 749; x_wconf 90' lang='lat' dir='ltr'><strong>pater,</strong></span> <span class='ocrx_word' id='word_1_506' title='bbox 3156 682 3319 741; x_wconf 90' lang='lat' dir='ltr'><strong>Deum</strong></span> <span class='ocrx_word' id='word_1_507' title='bbox 3348 688 3489 744; x_wconf 78' lang='lat' dir='ltr'><strong>dicat</strong></span> 
     </span>
    </p>
   </div>
   <div class='ocr_carea' id='block_1_65' title="bbox 1917 754 3487 842">
    <p class='ocr_par' dir='ltr' id='par_1_65' title="bbox 1917 754 3487 842">
     <span class='ocr_line' id='line_1_65' title="bbox 1917 754 3487 842; baseline 0.017 -34"><span class='ocrx_word' id='word_1_508' title='bbox 1917 754 2174 823; x_wconf 89' lang='lat' dir='ltr'><strong>Spiritum</strong></span> <span class='ocrx_word' id='word_1_509' title='bbox 2200 770 2438 815; x_wconf 90' lang='lat' dir='ltr'><strong>sanetum</strong></span> <span class='ocrx_word' id='word_1_510' title='bbox 2461 805 2474 827; x_wconf 94' lang='lat'><strong>,</strong></span> <span class='ocrx_word' id='word_1_511' title='bbox 2499 765 2585 833; x_wconf 93' lang='lat' dir='ltr'><strong>qui</strong></span> <span class='ocrx_word' id='word_1_512' title='bbox 2626 779 2721 832; x_wconf 89' lang='lat' dir='ltr'><strong>per</strong></span> <span class='ocrx_word' id='word_1_513' title='bbox 2761 768 3049 835; x_wconf 89' lang='lat' dir='ltr'><strong>prophetas</strong></span> <span class='ocrx_word' id='word_1_514' title='bbox 3090 772 3338 842; x_wconf 89' lang='lat' dir='ltr'><strong>loquutus</strong></span> <span class='ocrx_word' id='word_1_515' title='bbox 3365 788 3447 832; x_wconf 88' lang='lat' dir='ltr'><strong>est</strong></span> <span class='ocrx_word' id='word_1_516' title='bbox 3470 796 3487 835; x_wconf 86' lang='lat'><strong>:</strong></span> 
     </span>
    </p>
   </div>
   <div class='ocr_carea' id='block_1_66' title="bbox 1923 846 3491 930">
    <p class='ocr_par' dir='ltr' id='par_1_66' title="bbox 1923 846 3491 930">
     <span class='ocr_line' id='line_1_66' title="bbox 1923 846 3491 930; baseline 0.017 -35"><span class='ocrx_word' id='word_1_517' title='bbox 1923 863 1940 895; x_wconf 73' lang='grc' dir='ltr'><strong><em>ι</em></strong></span> <span class='ocrx_word' id='word_1_518' title='bbox 1973 846 2286 902; x_wconf 88' lang='lat' dir='ltr'><strong>Benedictus</strong></span> <span class='ocrx_word' id='word_1_519' title='bbox 2309 851 2561 907; x_wconf 89' lang='lat' dir='ltr'><strong>Dominus</strong></span> <span class='ocrx_word' id='word_1_520' title='bbox 2592 855 2730 909; x_wconf 89' lang='lat' dir='ltr'><strong>Deus</strong></span> <span class='ocrx_word' id='word_1_521' title='bbox 2757 854 2915 911; x_wconf 87' lang='lat' dir='ltr'><strong>Israel</strong></span> <span class='ocrx_word' id='word_1_522' title='bbox 2945 901 2957 919; x_wconf 86' lang='lat'><em>.</em></span> <span class='ocrx_word' id='word_1_523' title='bbox 2989 862 3107 928; x_wconf 87' lang='lat' dir='ltr'><strong>quia</strong></span> <span class='ocrx_word' id='word_1_524' title='bbox 3137 864 3367 919; x_wconf 86' lang='lat' dir='ltr'><strong>visitavit</strong></span> <span class='ocrx_word' id='word_1_525' title='bbox 3392 907 3405 930; x_wconf 85' lang='lat'><strong>,</strong></span> <span class='ocrx_word' id='word_1_526' title='bbox 3436 878 3491 923; x_wconf 92' lang='lat' dir='ltr'><strong>et</strong></span> 
     </span>
    </p>
   </div>
   <div class='ocr_carea' id='block_1_67' title="bbox 1918 939 3491 1011">
    <p class='ocr_par' dir='ltr' id='par_1_67' title="bbox 1918 939 3491 1011">
     <span class='ocr_line' id='line_1_67' title="bbox 1918 939 3491 1011; baseline 0.013 -21"><span class='ocrx_word' id='word_1_527' title='bbox 1918 939 2039 991; x_wconf 89' lang='lat' dir='ltr'><strong>fecit</strong></span> <span class='ocrx_word' id='word_1_528' title='bbox 2063 939 2480 1008; x_wconf 84' lang='lat' dir='ltr'><strong>redemptionem</strong></span> <span class='ocrx_word' id='word_1_529' title='bbox 2504 946 2671 1011; x_wconf 88' lang='lat' dir='ltr'><strong>plebis</strong></span> <span class='ocrx_word' id='word_1_530' title='bbox 2698 961 2805 1000; x_wconf 63' lang='lat' dir='ltr'><strong>suae</strong></span> <span class='ocrx_word' id='word_1_531' title='bbox 2846 964 2859 1011; x_wconf 84' lang='lat'><strong>;</strong></span> <span class='ocrx_word' id='word_1_532' title='bbox 2891 960 2943 1001; x_wconf 92' lang='lat' dir='ltr'><strong>et</strong></span> <span class='ocrx_word' id='word_1_533' title='bbox 2970 952 3143 1005; x_wconf 84' lang='lat' dir='ltr'><strong>erexit</strong></span> <span class='ocrx_word' id='word_1_534' title='bbox 3169 968 3333 1008; x_wconf 92' lang='lat' dir='ltr'><strong>cornu</strong></span> <span class='ocrx_word' id='word_1_535' title='bbox 3351 957 3491 1009; x_wconf 83' lang='lat' dir='ltr'><strong>salu-</strong></span> 
     </span>
    </p>
   </div>
   <div class='ocr_carea' id='block_1_68' title="bbox 1918 1028 3486 1111">
    <p class='ocr_par' dir='ltr' id='par_1_68' title="bbox 1918 1028 3486 1111">
     <span class='ocr_line' id='line_1_68' title="bbox 1918 1028 3486 1111; baseline 0.013 -31"><span class='ocrx_word' id='word_1_536' title='bbox 1918 1028 1983 1081; x_wconf 91' lang='lat' dir='ltr'><strong>tis</strong></span> <span class='ocrx_word' id='word_1_537' title='bbox 2012 1030 2166 1083; x_wconf 92' lang='lat' dir='ltr'><strong>nobis</strong></span> <span class='ocrx_word' id='word_1_538' title='bbox 2192 1030 2245 1083; x_wconf 90' lang='lat' dir='ltr'><strong>in</strong></span> <span class='ocrx_word' id='word_1_539' title='bbox 2271 1032 2429 1086; x_wconf 91' lang='lat' dir='ltr'><strong>domo</strong></span> <span class='ocrx_word' id='word_1_540' title='bbox 2460 1033 2623 1087; x_wconf 89' lang='lat' dir='ltr'><strong>David</strong></span> <span class='ocrx_word' id='word_1_541' title='bbox 2654 1038 2798 1103; x_wconf 91' lang='lat' dir='ltr'><strong>pueri</strong></span> <span class='ocrx_word' id='word_1_542' title='bbox 2824 1039 2901 1091; x_wconf 91' lang='lat' dir='ltr'><strong>sui</strong></span> <span class='ocrx_word' id='word_1_543' title='bbox 2930 1055 2943 1093; x_wconf 90' lang='lat'><strong>:</strong></span> <span class='ocrx_word' id='word_1_544' title='bbox 2971 1041 3107 1094; x_wconf 87' lang='lat' dir='ltr'><strong>sicut</strong></span> <span class='ocrx_word' id='word_1_545' title='bbox 3140 1042 3388 1111; x_wconf 90' lang='lat' dir='ltr'><strong>loquutus</strong></span> <span class='ocrx_word' id='word_1_546' title='bbox 3404 1057 3486 1101; x_wconf 79' lang='lat' dir='ltr'><strong>est</strong></span> 
     </span>
    </p>
   </div>
   <div class='ocr_carea' id='block_1_69' title="bbox 1915 1124 3485 1201">
    <p class='ocr_par' dir='ltr' id='par_1_69' title="bbox 1915 1124 3485 1201">
     <span class='ocr_line' id='line_1_69' title="bbox 1915 1124 3485 1201; baseline 0.012 -30"><span class='ocrx_word' id='word_1_547' title='bbox 1915 1133 2009 1187; x_wconf 90' lang='lat' dir='ltr'><strong>per</strong></span> <span class='ocrx_word' id='word_1_548' title='bbox 2047 1134 2107 1173; x_wconf 93' lang='lat' dir='ltr'><strong>os</strong></span> <span class='ocrx_word' id='word_1_549' title='bbox 2149 1131 2453 1176; x_wconf 89' lang='lat' dir='ltr'><strong>sanctorum</strong></span> <span class='ocrx_word' id='word_1_550' title='bbox 2489 1164 2502 1186; x_wconf 91' lang='lat'><strong>,</strong></span> <span class='ocrx_word' id='word_1_551' title='bbox 2534 1124 2622 1193; x_wconf 91' lang='lat' dir='ltr'><strong>qui</strong></span> <span class='ocrx_word' id='word_1_552' title='bbox 2656 1141 2684 1177; x_wconf 90' lang='lat' dir='ltr'><strong>a</strong></span> <span class='ocrx_word' id='word_1_553' title='bbox 2719 1129 2915 1182; x_wconf 68' lang='lat' dir='ltr'><strong>saeculo</strong></span> <span class='ocrx_word' id='word_1_554' title='bbox 2952 1142 3075 1184; x_wconf 90' lang='lat' dir='ltr'><strong>sunt</strong></span> <span class='ocrx_word' id='word_1_555' title='bbox 3108 1135 3485 1201; x_wconf 86' lang='lat' dir='ltr'><strong>prophetarum</strong></span> 
     </span>
    </p>
   </div>
   <div class='ocr_carea' id='block_1_70' title="bbox 1914 1210 3492 1297">
    <p class='ocr_par' dir='ltr' id='par_1_70' title="bbox 1914 1210 3492 1297">
     <span class='ocr_line' id='line_1_70' title="bbox 1914 1210 3492 1297; baseline 0.011 -34"><span class='ocrx_word' id='word_1_556' title='bbox 1914 1210 2029 1278; x_wconf 87' lang='lat' dir='ltr'><strong>ejus</strong></span> <span class='ocrx_word' id='word_1_557' title='bbox 2057 1229 2076 1261; x_wconf 71' lang='grc' dir='ltr'><strong><em>ι</em></strong></span> <span class='ocrx_word' id='word_1_558' title='bbox 2109 1210 2258 1282; x_wconf 88' lang='lat' dir='ltr'><strong>(Luc.</strong></span> <span class='ocrx_word' id='word_1_559' title='bbox 2293 1214 2344 1270; x_wconf 81' lang='grc'><strong>1.</strong></span> <span class='ocrx_word' id='word_1_560' title='bbox 2375 1214 2587 1287; x_wconf 81' lang='lat'><strong>68-70).</strong></span> <span class='ocrx_word' id='word_1_561' title='bbox 2634 1216 2689 1271; x_wconf 91' lang='lat' dir='ltr'><strong>Si</strong></span> <span class='ocrx_word' id='word_1_562' title='bbox 2718 1234 2842 1287; x_wconf 81' lang='lat' dir='ltr'><strong>ergo</strong></span> <span class='ocrx_word' id='word_1_563' title='bbox 2865 1220 3001 1273; x_wconf 90' lang='lat' dir='ltr'><strong>Deus</strong></span> <span class='ocrx_word' id='word_1_564' title='bbox 3028 1231 3129 1287; x_wconf 82' lang='lat' dir='ltr'><strong>est,</strong></span> <span class='ocrx_word' id='word_1_565' title='bbox 3156 1224 3261 1287; x_wconf 89' lang='lat' dir='ltr'><strong>ille,</strong></span> <span class='ocrx_word' id='word_1_566' title='bbox 3281 1227 3368 1294; x_wconf 88' lang='lat' dir='ltr'><strong>qui</strong></span> <span class='ocrx_word' id='word_1_567' title='bbox 3398 1244 3492 1297; x_wconf 77' lang='lat' dir='ltr'><strong>per</strong></span> 
     </span>
    </p>
   </div>
   <div class='ocr_carea' id='block_1_71' title="bbox 1914 1301 3488 1377">
    <p class='ocr_par' dir='ltr' id='par_1_71' title="bbox 1914 1301 3488 1377">
     <span class='ocr_line' id='line_1_71' title="bbox 1914 1301 3488 1377; baseline 0.011 -25"><span class='ocrx_word' id='word_1_568' title='bbox 1914 1313 1975 1353; x_wconf 91' lang='lat' dir='ltr'><strong>os</strong></span> <span class='ocrx_word' id='word_1_569' title='bbox 2012 1301 2392 1369; x_wconf 88' lang='lat' dir='ltr'><strong>prophetarum</strong></span> <span class='ocrx_word' id='word_1_570' title='bbox 2422 1306 2670 1375; x_wconf 89' lang='lat' dir='ltr'><strong>loquutus</strong></span> <span class='ocrx_word' id='word_1_571' title='bbox 2694 1317 2776 1361; x_wconf 90' lang='lat' dir='ltr'><strong>est</strong></span> <span class='ocrx_word' id='word_1_572' title='bbox 2803 1348 2817 1373; x_wconf 91' lang='lat'><strong>,</strong></span> <span class='ocrx_word' id='word_1_573' title='bbox 2851 1318 2905 1363; x_wconf 89' lang='lat' dir='ltr'><strong>et</strong></span> <span class='ocrx_word' id='word_1_574' title='bbox 2932 1311 3159 1377; x_wconf 86' lang='lat' dir='ltr'><strong>Spiritus</strong></span> <span class='ocrx_word' id='word_1_575' title='bbox 3188 1325 3405 1370; x_wconf 90' lang='lat' dir='ltr'><strong>sanctus</strong></span> <span class='ocrx_word' id='word_1_576' title='bbox 3438 1320 3488 1370; x_wconf 93' lang='lat' dir='ltr'><strong>in</strong></span> 
     </span>
    </p>
   </div>
   <div class='ocr_carea' id='block_1_72' title="bbox 1916 1390 3492 1462">
    <p class='ocr_par' dir='ltr' id='par_1_72' title="bbox 1916 1390 3492 1462">
     <span class='ocr_line' id='line_1_72' title="bbox 1916 1390 3492 1462; baseline 0.014 -22"><span class='ocrx_word' id='word_1_577' title='bbox 1916 1390 2187 1458; x_wconf 89' lang='lat' dir='ltr'><strong>prophetis</strong></span> <span class='ocrx_word' id='word_1_578' title='bbox 2214 1392 2461 1462; x_wconf 87' lang='lat' dir='ltr'><strong>loquutus</strong></span> <span class='ocrx_word' id='word_1_579' title='bbox 2491 1405 2603 1460; x_wconf 90' lang='lat' dir='ltr'><strong>est,</strong></span> <span class='ocrx_word' id='word_1_580' title='bbox 2655 1406 2711 1449; x_wconf 90' lang='lat' dir='ltr'><strong>ut</strong></span> <span class='ocrx_word' id='word_1_581' title='bbox 2736 1399 2808 1451; x_wconf 87' lang='lat' dir='ltr'><strong>ait</strong></span> <span class='ocrx_word' id='word_1_582' title='bbox 2838 1399 2995 1453; x_wconf 88' lang='lat' dir='ltr'><strong>David</strong></span> <span class='ocrx_word' id='word_1_583' title='bbox 3041 1402 3092 1454; x_wconf 91' lang='lat' dir='ltr'><strong>in</strong></span> <span class='ocrx_word' id='word_1_584' title='bbox 3126 1403 3262 1457; x_wconf 89' lang='lat' dir='ltr'><strong>libro</strong></span> <span class='ocrx_word' id='word_1_585' title='bbox 3292 1406 3492 1462; x_wconf 69' lang='lat' dir='ltr'><strong>Rectio-</strong></span> 
     </span>
    </p>
   </div>
   <div class='ocr_carea' id='block_1_73' title="bbox 1916 1465 3488 1564">
    <p class='ocr_par' dir='ltr' id='par_1_73' title="bbox 1916 1465 3488 1564">
     <span class='ocr_line' id='line_1_73' title="bbox 1916 1465 3488 1564; baseline 0.013 -33"><span class='ocrx_word' id='word_1_586' title='bbox 1916 1493 2036 1533; x_wconf 89' lang='lat' dir='ltr'><strong>rum</strong></span> <span class='ocrx_word' id='word_1_587' title='bbox 2077 1495 2091 1533; x_wconf 89' lang='lat'><strong>:</strong></span> <span class='ocrx_word' id='word_1_588' title='bbox 2127 1481 2351 1549; x_wconf 78' lang='lat' dir='ltr'><strong>Spiritus</strong></span> <span class='ocrx_word' id='word_1_589' title='bbox 2380 1485 2509 1537; x_wconf 84' lang='lat' dir='ltr'><strong>enim</strong></span> <span class='ocrx_word' id='word_1_590' title='bbox 2536 1485 2784 1540; x_wconf 81' lang='lat' dir='ltr'><strong>Dominus</strong></span> <span class='ocrx_word' id='word_1_591' title='bbox 2814 1491 3048 1555; x_wconf 81' lang='lat' dir='ltr'><strong>loquutus</strong></span> <span class='ocrx_word' id='word_1_592' title='bbox 3078 1502 3147 1545; x_wconf 85' lang='lat' dir='ltr'><strong>est</strong></span> <span class='ocrx_word' id='word_1_593' title='bbox 3193 1495 3244 1547; x_wconf 86' lang='lat' dir='ltr'><strong>in</strong></span> <span class='ocrx_word' id='word_1_594' title='bbox 3291 1465 3411 1564; x_wconf 53' lang='grc' dir='ltr'><strong>νηί(</strong></span> <span class='ocrx_word' id='word_1_595' title='bbox 3432 1497 3488 1553; x_wconf 79' lang='grc'>2.</span> 
     </span>
    </p>
   </div>
   <div class='ocr_carea' id='block_1_74' title="bbox 1917 1569 3489 1656">
    <p class='ocr_par' dir='ltr' id='par_1_74' title="bbox 1917 1569 3489 1656">
     <span class='ocr_line' id='line_1_74' title="bbox 1917 1569 3489 1656; baseline 0.011 -33"><span class='ocrx_word' id='word_1_596' title='bbox 1917 1569 2046 1639; x_wconf 85' lang='lat' dir='ltr'><strong>Reg.</strong></span> <span class='ocrx_word' id='word_1_597' title='bbox 2093 1571 2181 1626; x_wconf 79' lang='grc'><strong>23.</strong></span> <span class='ocrx_word' id='word_1_598' title='bbox 2211 1574 2246 1626; x_wconf 84' lang='grc'><strong>2</strong></span> <span class='ocrx_word' id='word_1_599' title='bbox 2271 1573 2288 1641; x_wconf 94' lang='grc'>)</span> <span class='ocrx_word' id='word_1_600' title='bbox 2316 1590 2329 1633; x_wconf 88' lang='grc'><strong>;</strong></span> <span class='ocrx_word' id='word_1_601' title='bbox 2361 1589 2487 1643; x_wconf 76' lang='lat' dir='ltr'><strong>ergo</strong></span> <span class='ocrx_word' id='word_1_602' title='bbox 2518 1585 2571 1629; x_wconf 91' lang='lat' dir='ltr'><strong>et</strong></span> <span class='ocrx_word' id='word_1_603' title='bbox 2616 1577 2753 1631; x_wconf 90' lang='lat' dir='ltr'><strong>Deus</strong></span> <span class='ocrx_word' id='word_1_604' title='bbox 2782 1590 2834 1632; x_wconf 88' lang='lat' dir='ltr'><strong>et</strong></span> <span class='ocrx_word' id='word_1_605' title='bbox 2863 1580 3121 1637; x_wconf 90' lang='lat' dir='ltr'><strong>Dominus</strong></span> <span class='ocrx_word' id='word_1_606' title='bbox 3153 1595 3234 1639; x_wconf 90' lang='lat' dir='ltr'><strong>est</strong></span> <span class='ocrx_word' id='word_1_607' title='bbox 3261 1585 3489 1656; x_wconf 89' lang='lat' dir='ltr'><strong>Spiritus</strong></span> 
     </span>
    </p>
   </div>
   <div class='ocr_carea' id='block_1_75' title="bbox 1914 1662 3483 1737">
    <p class='ocr_par' dir='ltr' id='par_1_75' title="bbox 1914 1662 3483 1737">
     <span class='ocr_line' id='line_1_75' title="bbox 1914 1662 3483 1737; baseline 0.012 -25"><span class='ocrx_word' id='word_1_608' title='bbox 1914 1669 2127 1715; x_wconf 87' lang='lat' dir='ltr'><strong>sanctus</strong></span> <span class='ocrx_word' id='word_1_609' title='bbox 2154 1662 2242 1730; x_wconf 90' lang='lat' dir='ltr'><strong>qui</strong></span> <span class='ocrx_word' id='word_1_610' title='bbox 2272 1677 2366 1731; x_wconf 87' lang='lat' dir='ltr'><strong>per</strong></span> <span class='ocrx_word' id='word_1_611' title='bbox 2397 1665 2685 1733; x_wconf 87' lang='lat' dir='ltr'><strong>prophetas</strong></span> <span class='ocrx_word' id='word_1_612' title='bbox 2716 1668 2965 1737; x_wconf 91' lang='lat' dir='ltr'><strong>loquutus</strong></span> <span class='ocrx_word' id='word_1_613' title='bbox 2994 1680 3093 1726; x_wconf 90' lang='lat' dir='ltr'><strong>est.</strong></span> <span class='ocrx_word' id='word_1_614' title='bbox 3146 1674 3341 1729; x_wconf 80' lang='lat' dir='ltr'><strong>Verum</strong></span> <span class='ocrx_word' id='word_1_615' title='bbox 3370 1678 3483 1732; x_wconf 85' lang='lat' dir='ltr'><strong>cla-</strong></span> 
     </span>
    </p>
   </div>
   <div class='ocr_carea' id='block_1_76' title="bbox 1915 1750 3484 1837">
    <p class='ocr_par' dir='ltr' id='par_1_76' title="bbox 1915 1750 3484 1837">
     <span class='ocr_line' id='line_1_76' title="bbox 1915 1750 3484 1837; baseline 0.012 -35"><span class='ocrx_word' id='word_1_616' title='bbox 1915 1765 2027 1804; x_wconf 74' lang='lat' dir='ltr'><strong>ram</strong></span> <span class='ocrx_word' id='word_1_617' title='bbox 2052 1750 2209 1821; x_wconf 86' lang='lat' dir='ltr'><strong>hujus</strong></span> <span class='ocrx_word' id='word_1_618' title='bbox 2241 1754 2317 1809; x_wconf 87' lang='lat' dir='ltr'><strong>rei</strong></span> <span class='ocrx_word' id='word_1_619' title='bbox 2345 1754 2855 1812; x_wconf 87' lang='lat' dir='ltr'><strong>demonstrationem</strong></span> <span class='ocrx_word' id='word_1_620' title='bbox 2883 1763 3083 1831; x_wconf 88' lang='lat' dir='ltr'><strong>accipe.</strong></span> <span class='ocrx_word' id='word_1_621' title='bbox 3122 1766 3335 1820; x_wconf 89' lang='lat' dir='ltr'><strong>Divinus</strong></span> <span class='ocrx_word' id='word_1_622' title='bbox 3363 1784 3484 1837; x_wconf 86' lang='lat' dir='ltr'><strong>apo-</strong></span> 
     </span>
    </p>
   </div>
   <div class='ocr_carea' id='block_1_77' title="bbox 1913 1843 3489 1921">
    <p class='ocr_par' dir='ltr' id='par_1_77' title="bbox 1913 1843 3489 1921">
     <span class='ocr_line' id='line_1_77' title="bbox 1913 1843 3489 1921; baseline 0.012 -27"><span class='ocrx_word' id='word_1_623' title='bbox 1913 1843 2078 1896; x_wconf 90' lang='lat' dir='ltr'><strong>stolus</strong></span> <span class='ocrx_word' id='word_1_624' title='bbox 2097 1858 2191 1912; x_wconf 90' lang='lat' dir='ltr'><strong>per</strong></span> <span class='ocrx_word' id='word_1_625' title='bbox 2208 1845 2565 1913; x_wconf 88' lang='lat' dir='ltr'><strong>propheticam</strong></span> <span class='ocrx_word' id='word_1_626' title='bbox 2588 1863 2770 1903; x_wconf 87' lang='lat' dir='ltr'><strong>vocem</strong></span> <span class='ocrx_word' id='word_1_627' title='bbox 2786 1851 2967 1906; x_wconf 89' lang='lat' dir='ltr'><strong>volens</strong></span> <span class='ocrx_word' id='word_1_628' title='bbox 2984 1854 3232 1921; x_wconf 87' lang='lat' dir='ltr'><strong>Spiritum</strong></span> <span class='ocrx_word' id='word_1_629' title='bbox 3251 1869 3489 1914; x_wconf 89' lang='lat' dir='ltr'><strong>sanctum</strong></span> 
     </span>
    </p>
   </div>
   <div class='ocr_carea' id='block_1_78' title="bbox 1912 1933 3486 2005">
    <p class='ocr_par' dir='ltr' id='par_1_78' title="bbox 1912 1933 3486 2005">
     <span class='ocr_line' id='line_1_78' title="bbox 1912 1933 3486 2005; baseline 0.01 -19"><span class='ocrx_word' id='word_1_630' title='bbox 1912 1933 2194 1988; x_wconf 89' lang='lat' dir='ltr'><strong>ostendere</strong></span> <span class='ocrx_word' id='word_1_631' title='bbox 2223 1974 2237 1997; x_wconf 93' lang='lat'><strong>,</strong></span> <span class='ocrx_word' id='word_1_632' title='bbox 2286 1935 2336 1988; x_wconf 92' lang='lat' dir='ltr'><strong>in</strong></span> <span class='ocrx_word' id='word_1_633' title='bbox 2382 1938 2605 2005; x_wconf 88' lang='lat' dir='ltr'><strong>epistola</strong></span> <span class='ocrx_word' id='word_1_634' title='bbox 2630 1940 2694 1993; x_wconf 90' lang='lat' dir='ltr'><strong>ad</strong></span> <span class='ocrx_word' id='word_1_635' title='bbox 2718 1938 3020 1995; x_wconf 83' lang='lat' dir='ltr'><strong>Corinthios</strong></span> <span class='ocrx_word' id='word_1_636' title='bbox 3042 1944 3115 1996; x_wconf 89' lang='lat' dir='ltr'><strong>ait</strong></span> <span class='ocrx_word' id='word_1_637' title='bbox 3143 1960 3157 1998; x_wconf 86' lang='lat'>:</span> <span class='ocrx_word' id='word_1_638' title='bbox 3185 1964 3202 1995; x_wconf 79' lang='lat' dir='ltr'><strong>t</strong></span> <span class='ocrx_word' id='word_1_639' title='bbox 3233 1947 3284 1999; x_wconf 90' lang='lat' dir='ltr'><strong>Si</strong></span> <span class='ocrx_word' id='word_1_640' title='bbox 3307 1960 3486 2003; x_wconf 85' lang='lat' dir='ltr'><strong>autem</strong></span> 
     </span>
    </p>
   </div>
   <div class='ocr_carea' id='block_1_79' title="bbox 1913 2026 3490 2105">
    <p class='ocr_par' dir='ltr' id='par_1_79' title="bbox 1913 2026 3490 2105">
     <span class='ocr_line' id='line_1_79' title="bbox 1913 2026 3490 2105; baseline 0.011 -27"><span class='ocrx_word' id='word_1_641' title='bbox 1913 2039 2100 2079; x_wconf 90' lang='lat' dir='ltr'><strong>omnes</strong></span> <span class='ocrx_word' id='word_1_642' title='bbox 2126 2026 2447 2096; x_wconf 82' lang='lat' dir='ltr'><strong>prOphetent</strong></span> <span class='ocrx_word' id='word_1_643' title='bbox 2477 2071 2491 2094; x_wconf 97' lang='lat'><strong>,</strong></span> <span class='ocrx_word' id='word_1_644' title='bbox 2542 2032 2704 2085; x_wconf 91' lang='lat' dir='ltr'><strong>intret</strong></span> <span class='ocrx_word' id='word_1_645' title='bbox 2732 2041 2907 2087; x_wconf 87' lang='lat' dir='ltr'><strong>autem</strong></span> <span class='ocrx_word' id='word_1_646' title='bbox 2940 2036 3057 2102; x_wconf 86' lang='lat' dir='ltr'><strong>quis</strong></span> <span class='ocrx_word' id='word_1_647' title='bbox 3095 2037 3323 2092; x_wconf 86' lang='lat' dir='ltr'><strong>infidelis</strong></span> <span class='ocrx_word' id='word_1_648' title='bbox 3354 2081 3369 2105; x_wconf 90' lang='lat'><strong>,</strong></span> <span class='ocrx_word' id='word_1_649' title='bbox 3409 2043 3490 2097; x_wconf 87' lang='lat' dir='ltr'><strong>vel</strong></span> 
     </span>
    </p>
   </div>
   <div class='ocr_carea' id='block_1_80' title="bbox 1912 2114 3485 2191">
    <p class='ocr_par' dir='ltr' id='par_1_80' title="bbox 1912 2114 3485 2191">
     <span class='ocr_line' id='line_1_80' title="bbox 1912 2114 3485 2191; baseline 0.011 -24"><span class='ocrx_word' id='word_1_650' title='bbox 1912 2114 2070 2168; x_wconf 69' lang='lat' dir='ltr'><strong>&#39;nliota</strong></span> <span class='ocrx_word' id='word_1_651' title='bbox 2093 2158 2107 2181; x_wconf 90' lang='lat'><strong>,</strong></span> <span class='ocrx_word' id='word_1_652' title='bbox 2146 2120 2478 2172; x_wconf 88' lang='lat' dir='ltr'><strong>convincitur</strong></span> <span class='ocrx_word' id='word_1_653' title='bbox 2506 2120 2572 2172; x_wconf 92' lang='lat' dir='ltr'><strong>ah</strong></span> <span class='ocrx_word' id='word_1_654' title='bbox 2598 2122 2841 2175; x_wconf 85' lang='lat' dir='ltr'><strong>omnibus</strong></span> <span class='ocrx_word' id='word_1_655' title='bbox 2872 2163 2887 2187; x_wconf 94' lang='lat'><strong>,</strong></span> <span class='ocrx_word' id='word_1_656' title='bbox 2934 2123 3253 2191; x_wconf 90' lang='lat' dir='ltr'><strong>dijudicatur</strong></span> <span class='ocrx_word' id='word_1_657' title='bbox 3277 2130 3343 2183; x_wconf 92' lang='lat' dir='ltr'><strong>ab</strong></span> <span class='ocrx_word' id='word_1_658' title='bbox 3373 2146 3485 2184; x_wconf 87' lang='lat' dir='ltr'><strong>om-</strong></span> 
     </span>
    </p>
   </div>
   <div class='ocr_carea' id='block_1_81' title="bbox 1912 2207 3487 2279">
    <p class='ocr_par' dir='ltr' id='par_1_81' title="bbox 1912 2207 3487 2279">
     <span class='ocr_line' id='line_1_81' title="bbox 1912 2207 3487 2279; baseline 0.01 -20"><span class='ocrx_word' id='word_1_659' title='bbox 1912 2207 2068 2260; x_wconf 90' lang='lat' dir='ltr'><strong>nibus</strong></span> <span class='ocrx_word' id='word_1_660' title='bbox 2095 2222 2109 2270; x_wconf 88' lang='lat'><strong>;</strong></span> <span class='ocrx_word' id='word_1_661' title='bbox 2139 2210 2343 2263; x_wconf 82' lang='lat' dir='ltr'><strong>occulta</strong></span> <span class='ocrx_word' id='word_1_662' title='bbox 2373 2211 2549 2263; x_wconf 90' lang='lat' dir='ltr'><strong>cordis</strong></span> <span class='ocrx_word' id='word_1_663' title='bbox 2579 2212 2693 2279; x_wconf 84' lang='lat' dir='ltr'><strong>ejus</strong></span> <span class='ocrx_word' id='word_1_664' title='bbox 2726 2216 2999 2269; x_wconf 69' lang='lat' dir='ltr'><strong>manifesta</strong></span> <span class='ocrx_word' id='word_1_665' title='bbox 3037 2218 3205 2274; x_wconf 89' lang='lat' dir='ltr'><strong>fiunt:</strong></span> <span class='ocrx_word' id='word_1_666' title='bbox 3231 2230 3284 2275; x_wconf 92' lang='lat' dir='ltr'><strong>et</strong></span> <span class='ocrx_word' id='word_1_667' title='bbox 3310 2222 3377 2275; x_wconf 91' lang='lat' dir='ltr'><strong>ita</strong></span> <span class='ocrx_word' id='word_1_668' title='bbox 3400 2238 3487 2275; x_wconf 84' lang='lat' dir='ltr'><strong>ca-</strong></span> 
     </span>
    </p>
   </div>
   <div class='ocr_carea' id='block_1_82' title="bbox 1910 2296 3486 2379">
    <p class='ocr_par' dir='ltr' id='par_1_82' title="bbox 1910 2296 3486 2379">
     <span class='ocr_line' id='line_1_82' title="bbox 1910 2296 3486 2379; baseline 0.011 -29"><span class='ocrx_word' id='word_1_669' title='bbox 1910 2296 2043 2351; x_wconf 89' lang='lat' dir='ltr'><strong>dens</strong></span> <span class='ocrx_word' id='word_1_670' title='bbox 2075 2298 2127 2351; x_wconf 93' lang='lat' dir='ltr'><strong>in</strong></span> <span class='ocrx_word' id='word_1_671' title='bbox 2168 2298 2358 2353; x_wconf 76' lang='lat' dir='ltr'><strong>facii-m</strong></span> <span class='ocrx_word' id='word_1_672' title='bbox 2403 2302 2693 2368; x_wconf 89' lang='lat' dir='ltr'><strong>adorabit,</strong></span> <span class='ocrx_word' id='word_1_673' title='bbox 2750 2308 3098 2372; x_wconf 86' lang='lat' dir='ltr'><strong>pronuntians</strong></span> <span class='ocrx_word' id='word_1_674' title='bbox 3126 2351 3139 2372; x_wconf 94' lang='lat'><strong>,</strong></span> <span class='ocrx_word' id='word_1_675' title='bbox 3179 2312 3317 2379; x_wconf 91' lang='lat' dir='ltr'><strong>quod</strong></span> <span class='ocrx_word' id='word_1_676' title='bbox 3361 2329 3486 2369; x_wconf 85' lang='lat' dir='ltr'><strong>vere</strong></span> 
     </span>
    </p>
   </div>
   <div class='ocr_carea' id='block_1_83' title="bbox 1917 2388 3489 2471">
    <p class='ocr_par' dir='ltr' id='par_1_83' title="bbox 1917 2388 3489 2471">
     <span class='ocr_line' id='line_1_83' title="bbox 1917 2388 3489 2471; baseline 0.011 -30"><span class='ocrx_word' id='word_1_677' title='bbox 1917 2388 2053 2443; x_wconf 88' lang='lat' dir='ltr'><strong>Deus</strong></span> <span class='ocrx_word' id='word_1_678' title='bbox 2082 2390 2132 2443; x_wconf 91' lang='lat' dir='ltr'><strong>in</strong></span> <span class='ocrx_word' id='word_1_679' title='bbox 2159 2390 2308 2444; x_wconf 89' lang='lat' dir='ltr'><strong>vobis</strong></span> <span class='ocrx_word' id='word_1_680' title='bbox 2339 2392 2405 2445; x_wconf 91' lang='lat' dir='ltr'><strong>sit</strong></span> <span class='ocrx_word' id='word_1_681' title='bbox 2442 2410 2460 2443; x_wconf 82' lang='grc'><strong>›</strong></span> <span class='ocrx_word' id='word_1_682' title='bbox 2500 2396 2575 2461; x_wconf 88' lang='lat' dir='ltr'><strong>(I.</strong></span> <span class='ocrx_word' id='word_1_683' title='bbox 2610 2393 2724 2447; x_wconf 88' lang='lat' dir='ltr'><strong>Cor.</strong></span> <span class='ocrx_word' id='word_1_684' title='bbox 2762 2396 2845 2449; x_wconf 71' lang='grc'><strong>14.</strong></span> <span class='ocrx_word' id='word_1_685' title='bbox 2876 2396 2965 2450; x_wconf 72' lang='grc'><strong>24.</strong></span> <span class='ocrx_word' id='word_1_686' title='bbox 2989 2398 3102 2466; x_wconf 73' lang='lat'><strong>25).</strong></span> <span class='ocrx_word' id='word_1_687' title='bbox 3136 2400 3295 2455; x_wconf 82' lang='lat' dir='ltr'><strong>Vides</strong></span> <span class='ocrx_word' id='word_1_688' title='bbox 3329 2404 3489 2471; x_wconf 54' lang='lat' dir='ltr'><strong>picta.</strong></span> 
     </span>
    </p>
   </div>
   <div class='ocr_carea' id='block_1_84' title="bbox 1912 2480 3483 2562">
    <p class='ocr_par' dir='ltr' id='par_1_84' title="bbox 1912 2480 3483 2562">
     <span class='ocr_line' id='line_1_84' title="bbox 1912 2480 3483 2562; baseline 0.01 -29"><span class='ocrx_word' id='word_1_689' title='bbox 1912 2480 1976 2533; x_wconf 87' lang='lat' dir='ltr'><strong>tis</strong></span> <span class='ocrx_word' id='word_1_690' title='bbox 2001 2480 2273 2536; x_wconf 87' lang='lat' dir='ltr'><strong>doctorem</strong></span> <span class='ocrx_word' id='word_1_691' title='bbox 2301 2483 2443 2537; x_wconf 87' lang='lat' dir='ltr'><strong>clare</strong></span> <span class='ocrx_word' id='word_1_692' title='bbox 2472 2484 2726 2550; x_wconf 88' lang='lat' dir='ltr'><strong>iudicare,</strong></span> <span class='ocrx_word' id='word_1_693' title='bbox 2757 2485 3007 2556; x_wconf 90' lang='lat' dir='ltr'><strong>Spiritum</strong></span> <span class='ocrx_word' id='word_1_694' title='bbox 3041 2492 3092 2544; x_wconf 92' lang='lat' dir='ltr'><strong>in</strong></span> <span class='ocrx_word' id='word_1_695' title='bbox 3118 2494 3483 2562; x_wconf 75' lang='lat' dir='ltr'><strong>prophetanti-</strong></span> 
     </span>
    </p>
   </div>
   <div class='ocr_carea' id='block_1_85' title="bbox 1909 2569 2722 2638">
    <p class='ocr_par' dir='ltr' id='par_1_85' title="bbox 1909 2569 2722 2638">
     <span class='ocr_line' id='line_1_85' title="bbox 1909 2569 2722 2638; baseline 0.006 -16"><span class='ocrx_word' id='word_1_696' title='bbox 1909 2569 2007 2622; x_wconf 91' lang='lat' dir='ltr'><strong>bus</strong></span> <span class='ocrx_word' id='word_1_697' title='bbox 2028 2569 2325 2638; x_wconf 88' lang='lat' dir='ltr'><strong>loquentem</strong></span> <span class='ocrx_word' id='word_1_698' title='bbox 2359 2573 2521 2626; x_wconf 89' lang='lat' dir='ltr'><strong>Deum</strong></span> <span class='ocrx_word' id='word_1_699' title='bbox 2554 2589 2671 2628; x_wconf 87' lang='lat' dir='ltr'><strong>esse</strong></span> <span class='ocrx_word' id='word_1_700' title='bbox 2700 2576 2722 2627; x_wconf 87' lang='lat'><strong>?</strong></span> 
     </span>
    </p>
   </div>
   <div class='ocr_carea' id='block_1_86' title="bbox 1980 2659 3484 2744">
    <p class='ocr_par' dir='ltr' id='par_1_86' title="bbox 1980 2659 3484 2744">
     <span class='ocr_line' id='line_1_86' title="bbox 1980 2659 3484 2744; baseline 0.012 -31"><span class='ocrx_word' id='word_1_701' title='bbox 1980 2659 2064 2713; x_wconf 80' lang='lat' dir='ltr'><strong>l0.</strong></span> <span class='ocrx_word' id='word_1_702' title='bbox 2109 2661 2214 2714; x_wconf 88' lang='lat' dir='ltr'><strong>Cur</strong></span> <span class='ocrx_word' id='word_1_703' title='bbox 2235 2676 2362 2729; x_wconf 78' lang='lat' dir='ltr'><strong>ergo</strong></span> <span class='ocrx_word' id='word_1_704' title='bbox 2396 2705 2409 2728; x_wconf 92' lang='lat'><strong>,</strong></span> <span class='ocrx_word' id='word_1_705' title='bbox 2445 2663 2694 2720; x_wconf 71' lang='lat' dir='ltr'><strong>haeretice</strong></span> <span class='ocrx_word' id='word_1_706' title='bbox 2722 2709 2735 2731; x_wconf 91' lang='lat'><strong>,</strong></span> <span class='ocrx_word' id='word_1_707' title='bbox 2770 2669 3144 2725; x_wconf 81' lang='lat' dir='ltr'><strong>scandalizaris</strong></span> <span class='ocrx_word' id='word_1_708' title='bbox 3175 2674 3312 2728; x_wconf 91' lang='lat' dir='ltr'><strong>circa</strong></span> <span class='ocrx_word' id='word_1_709' title='bbox 3347 2677 3484 2744; x_wconf 84' lang='lat' dir='ltr'><strong>piam</strong></span> 
     </span>
    </p>
   </div>
   <div class='ocr_carea' id='block_1_87' title="bbox 1908 2747 3485 2831">
    <p class='ocr_par' dir='ltr' id='par_1_87' title="bbox 1908 2747 3485 2831">
     <span class='ocr_line' id='line_1_87' title="bbox 1908 2747 3485 2831; baseline 0.012 -30"><span class='ocrx_word' id='word_1_710' title='bbox 1908 2747 2064 2801; x_wconf 79' lang='lat' dir='ltr'><strong>fidem</strong></span> <span class='ocrx_word' id='word_1_711' title='bbox 2096 2749 2239 2804; x_wconf 89' lang='lat' dir='ltr'><strong>?cnr</strong></span> <span class='ocrx_word' id='word_1_712' title='bbox 2264 2753 2605 2808; x_wconf 80' lang='lat' dir='ltr'><strong>calumniaris</strong></span> <span class='ocrx_word' id='word_1_713' title='bbox 2649 2756 2875 2825; x_wconf 89' lang='lat' dir='ltr'><strong>Spiritus</strong></span> <span class='ocrx_word' id='word_1_714' title='bbox 2914 2762 3083 2813; x_wconf 83' lang='lat' dir='ltr'><strong>sancti</strong></span> <span class='ocrx_word' id='word_1_715' title='bbox 3129 2763 3435 2831; x_wconf 70' lang='lat' dir='ltr'><strong>dignitatem</strong></span> <span class='ocrx_word' id='word_1_716' title='bbox 3463 2769 3485 2819; x_wconf 69' lang='grc' dir='ltr'><em>ἲ</em></span> 
     </span>
    </p>
   </div>
   <div class='ocr_carea' id='block_1_88' title="bbox 1906 2841 3480 2922">
    <p class='ocr_par' dir='ltr' id='par_1_88' title="bbox 1906 2841 3480 2922">
     <span class='ocr_line' id='line_1_88' title="bbox 1906 2841 3480 2922; baseline 0.011 -29"><span class='ocrx_word' id='word_1_717' title='bbox 1906 2856 2001 2894; x_wconf 90' lang='lat' dir='ltr'><strong>cur</strong></span> <span class='ocrx_word' id='word_1_718' title='bbox 2030 2841 2151 2895; x_wconf 82' lang='lat' dir='ltr'><strong>fidei</strong></span> <span class='ocrx_word' id='word_1_719' title='bbox 2183 2843 2568 2901; x_wconf 86' lang='lat' dir='ltr'><strong>confessionem</strong></span> <span class='ocrx_word' id='word_1_720' title='bbox 2598 2850 3021 2917; x_wconf 85' lang='lat' dir='ltr'><strong>transgrederis?</strong></span> <span class='ocrx_word' id='word_1_721' title='bbox 3049 2853 3190 2919; x_wconf 75' lang='lat' dir='ltr'><strong>Lege</strong></span> <span class='ocrx_word' id='word_1_722' title='bbox 3220 2866 3366 2922; x_wconf 84' lang='lat' dir='ltr'><strong>pacta</strong></span> <span class='ocrx_word' id='word_1_723' title='bbox 3398 2869 3480 2911; x_wconf 88' lang='lat' dir='ltr'><strong>tua</strong></span> 
     </span>
    </p>
   </div>
   <div class='ocr_carea' id='block_1_89' title="bbox 1908 2930 3478 3007">
    <p class='ocr_par' dir='ltr' id='par_1_89' title="bbox 1908 2930 3478 3007">
     <span class='ocr_line' id='line_1_89' title="bbox 1908 2930 3478 3007; baseline 0.011 -24"><span class='ocrx_word' id='word_1_724' title='bbox 1908 2930 1959 2984; x_wconf 94' lang='lat' dir='ltr'><strong>in</strong></span> <span class='ocrx_word' id='word_1_725' title='bbox 1988 2934 2253 3002; x_wconf 89' lang='lat' dir='ltr'><strong>mysteriis</strong></span> <span class='ocrx_word' id='word_1_726' title='bbox 2281 2936 2470 2989; x_wconf 90' lang='lat' dir='ltr'><strong>emissa</strong></span> <span class='ocrx_word' id='word_1_727' title='bbox 2494 2978 2508 3001; x_wconf 95' lang='lat'><strong>,</strong></span> <span class='ocrx_word' id='word_1_728' title='bbox 2539 2939 2801 3005; x_wconf 90' lang='lat' dir='ltr'><strong>quomodo</strong></span> <span class='ocrx_word' id='word_1_729' title='bbox 2828 2940 3027 2996; x_wconf 73' lang='lat' dir='ltr'><strong>dixeris</strong></span> <span class='ocrx_word' id='word_1_730' title='bbox 3055 2985 3070 3007; x_wconf 93' lang='lat'><strong>,</strong></span> <span class='ocrx_word' id='word_1_731' title='bbox 3106 2943 3265 2997; x_wconf 84' lang='lat' dir='ltr'><strong>Credo</strong></span> <span class='ocrx_word' id='word_1_732' title='bbox 3293 2948 3342 2999; x_wconf 86' lang='lat' dir='ltr'><strong>in</strong></span> <span class='ocrx_word' id='word_1_733' title='bbox 3376 2947 3478 3001; x_wconf 82' lang='lat' dir='ltr'><strong>Pa-</strong></span> 
     </span>
    </p>
   </div>
   <div class='ocr_carea' id='block_1_90' title="bbox 1907 3022 3482 3101">
    <p class='ocr_par' dir='ltr' id='par_1_90' title="bbox 1907 3022 3482 3101">
     <span class='ocr_line' id='line_1_90' title="bbox 1907 3022 3482 3101; baseline 0.011 -28"><span class='ocrx_word' id='word_1_734' title='bbox 1907 3031 2032 3074; x_wconf 84' lang='lat' dir='ltr'><strong>trem</strong></span> <span class='ocrx_word' id='word_1_735' title='bbox 2059 3034 2104 3075; x_wconf 88' lang='lat' dir='ltr'><strong>et</strong></span> <span class='ocrx_word' id='word_1_736' title='bbox 2136 3022 2327 3077; x_wconf 82' lang='lat' dir='ltr'><strong>Filium</strong></span> <span class='ocrx_word' id='word_1_737' title='bbox 2357 3036 2403 3077; x_wconf 86' lang='lat' dir='ltr'><strong>et</strong></span> <span class='ocrx_word' id='word_1_738' title='bbox 2430 3025 2678 3093; x_wconf 86' lang='lat' dir='ltr'><strong>Spiritum</strong></span> <span class='ocrx_word' id='word_1_739' title='bbox 2696 3041 2940 3082; x_wconf 82' lang='lat' dir='ltr'><strong>sanctum.</strong></span> <span class='ocrx_word' id='word_1_740' title='bbox 2980 3036 3055 3085; x_wconf 79' lang='lat' dir='ltr'><strong>An</strong></span> <span class='ocrx_word' id='word_1_741' title='bbox 3081 3036 3217 3101; x_wconf 85' lang='lat' dir='ltr'><strong>quod</strong></span> <span class='ocrx_word' id='word_1_742' title='bbox 3251 3037 3448 3091; x_wconf 86' lang='lat' dir='ltr'><strong>credidi</strong></span> <span class='ocrx_word' id='word_1_743' title='bbox 3471 3071 3482 3081; x_wconf 85' lang='lat'><em>-</em></span> 
     </span>
    </p>
   </div>
   <div class='ocr_carea' id='block_1_91' title="bbox 1905 3112 3480 3198">
    <p class='ocr_par' dir='ltr' id='par_1_91' title="bbox 1905 3112 3480 3198">
     <span class='ocr_line' id='line_1_91' title="bbox 1905 3112 3480 3198; baseline 0.013 -33"><span class='ocrx_word' id='word_1_744' title='bbox 1905 3112 1971 3165; x_wconf 90' lang='lat' dir='ltr'><strong>sti</strong></span> <span class='ocrx_word' id='word_1_745' title='bbox 2002 3151 2018 3175; x_wconf 92' lang='lat'><strong>,</strong></span> <span class='ocrx_word' id='word_1_746' title='bbox 2060 3112 2343 3167; x_wconf 89' lang='lat' dir='ltr'><strong>eliminasti</strong></span> <span class='ocrx_word' id='word_1_747' title='bbox 2374 3115 2397 3168; x_wconf 69' lang='grc' dir='ltr'><em>ἲ</em></span> <span class='ocrx_word' id='word_1_748' title='bbox 2436 3116 2575 3184; x_wconf 89' lang='lat' dir='ltr'><strong>qttod</strong></span> <span class='ocrx_word' id='word_1_749' title='bbox 2620 3118 2893 3173; x_wconf 85' lang='lat' dir='ltr'><strong>confessus</strong></span> <span class='ocrx_word' id='word_1_750' title='bbox 2933 3137 3009 3186; x_wconf 84' lang='lat' dir='ltr'><strong>es,</strong></span> <span class='ocrx_word' id='word_1_751' title='bbox 3045 3127 3317 3180; x_wconf 83' lang='lat' dir='ltr'><strong>avertisti?</strong></span> <span class='ocrx_word' id='word_1_752' title='bbox 3343 3130 3480 3198; x_wconf 80' lang='lat' dir='ltr'><strong>quod</strong></span> 
     </span>
    </p>
   </div>
   <div class='ocr_carea' id='block_1_92' title="bbox 1906 3204 3480 3280">
    <p class='ocr_par' dir='ltr' id='par_1_92' title="bbox 1906 3204 3480 3280">
     <span class='ocr_line' id='line_1_92' title="bbox 1906 3204 3480 3280; baseline 0.013 -26"><span class='ocrx_word' id='word_1_753' title='bbox 1906 3205 2077 3271; x_wconf 87' lang='lat' dir='ltr'><strong>palam</strong></span> <span class='ocrx_word' id='word_1_754' title='bbox 2108 3204 2383 3260; x_wconf 90' lang='lat' dir='ltr'><strong>declarasti</strong></span> <span class='ocrx_word' id='word_1_755' title='bbox 2420 3249 2434 3271; x_wconf 95' lang='lat'><strong>,</strong></span> <span class='ocrx_word' id='word_1_756' title='bbox 2468 3208 2567 3263; x_wconf 92' lang='lat' dir='ltr'><strong>hoc</strong></span> <span class='ocrx_word' id='word_1_757' title='bbox 2592 3211 2751 3280; x_wconf 78' lang='lat' dir='ltr'><strong>impie</strong></span> <span class='ocrx_word' id='word_1_758' title='bbox 2790 3212 3114 3269; x_wconf 77' lang='lat' dir='ltr'><strong>labefactasti</strong></span> <span class='ocrx_word' id='word_1_759' title='bbox 3146 3219 3167 3269; x_wconf 91' lang='lat'><strong>?</strong></span> <span class='ocrx_word' id='word_1_760' title='bbox 3215 3218 3480 3276; x_wconf 88' lang='lat' dir='ltr'><strong>bellumne</strong></span> 
     </span>
    </p>
   </div>
   <div class='ocr_carea' id='block_1_93' title="bbox 1904 3298 3482 3376">
    <p class='ocr_par' dir='ltr' id='par_1_93' title="bbox 1904 3298 3482 3376">
     <span class='ocr_line' id='line_1_93' title="bbox 1904 3298 3482 3376; baseline 0.012 -29"><span class='ocrx_word' id='word_1_761' title='bbox 1904 3307 2024 3347; x_wconf 90' lang='lat' dir='ltr'><strong>cum</strong></span> <span class='ocrx_word' id='word_1_762' title='bbox 2055 3310 2182 3363; x_wconf 90' lang='lat' dir='ltr'><strong>pace</strong></span> <span class='ocrx_word' id='word_1_763' title='bbox 2208 3298 2347 3363; x_wconf 65' lang='lat' dir='ltr'><strong>geris</strong></span> <span class='ocrx_word' id='word_1_764' title='bbox 2379 3298 2400 3350; x_wconf 89' lang='lat'><strong>?</strong></span> <span class='ocrx_word' id='word_1_765' title='bbox 2437 3299 2779 3368; x_wconf 81' lang='lat' dir='ltr'><strong>abnegastiue</strong></span> <span class='ocrx_word' id='word_1_766' title='bbox 2831 3304 3030 3357; x_wconf 87' lang='lat' dir='ltr'><strong>fidem?</strong></span> <span class='ocrx_word' id='word_1_767' title='bbox 3068 3317 3120 3359; x_wconf 92' lang='lat' dir='ltr'><strong>et</strong></span> <span class='ocrx_word' id='word_1_768' title='bbox 3163 3311 3482 3376; x_wconf 77' lang='lat' dir='ltr'><strong>quzrstiOnes</strong></span> 
     </span>
    </p>
   </div>
   <div class='ocr_carea' id='block_1_94' title="bbox 1902 3386 3479 3463">
    <p class='ocr_par' dir='ltr' id='par_1_94' title="bbox 1902 3386 3479 3463">
     <span class='ocr_line' id='line_1_94' title="bbox 1902 3386 3479 3463; baseline 0.011 -25"><span class='ocrx_word' id='word_1_769' title='bbox 1902 3399 2086 3439; x_wconf 89' lang='lat' dir='ltr'><strong>moves</strong></span> <span class='ocrx_word' id='word_1_770' title='bbox 2110 3386 2134 3439; x_wconf 79' lang='lat' dir='ltr'><strong>‘I</strong></span> <span class='ocrx_word' id='word_1_771' title='bbox 2158 3387 2427 3451; x_wconf 87' lang='lat' dir='ltr'><strong>Credenti,</strong></span> <span class='ocrx_word' id='word_1_772' title='bbox 2456 3390 2723 3445; x_wconf 83' lang='lat' dir='ltr'><strong>confitenti</strong></span> <span class='ocrx_word' id='word_1_773' title='bbox 2756 3394 2844 3446; x_wconf 90' lang='lat' dir='ltr'><strong>tibi</strong></span> <span class='ocrx_word' id='word_1_774' title='bbox 2876 3394 3121 3448; x_wconf 88' lang='lat' dir='ltr'><strong>traditmn</strong></span> <span class='ocrx_word' id='word_1_775' title='bbox 3150 3407 3228 3451; x_wconf 88' lang='lat' dir='ltr'><strong>est</strong></span> <span class='ocrx_word' id='word_1_776' title='bbox 3260 3399 3479 3463; x_wconf 84' lang='lat' dir='ltr'><strong>donum,</strong></span> 
     </span>
    </p>
   </div>
   <div class='ocr_carea' id='block_1_95' title="bbox 1904 3477 3478 3558">
    <p class='ocr_par' dir='ltr' id='par_1_95' title="bbox 1904 3477 3478 3558">
     <span class='ocr_line' id='line_1_95' title="bbox 1904 3477 3478 3558; baseline 0.011 -32"><span class='ocrx_word' id='word_1_777' title='bbox 1904 3482 1957 3527; x_wconf 87' lang='lat' dir='ltr'><strong>et</strong></span> <span class='ocrx_word' id='word_1_778' title='bbox 1987 3483 2105 3543; x_wconf 88' lang='lat' dir='ltr'><strong>post</strong></span> <span class='ocrx_word' id='word_1_779' title='bbox 2136 3477 2331 3530; x_wconf 92' lang='lat' dir='ltr'><strong>donum</strong></span> <span class='ocrx_word' id='word_1_780' title='bbox 2368 3479 2499 3533; x_wconf 86' lang='lat' dir='ltr'><strong>lides</strong></span> <span class='ocrx_word' id='word_1_781' title='bbox 2528 3482 2850 3545; x_wconf 88' lang='lat' dir='ltr'><strong>eliminatur,</strong></span> <span class='ocrx_word' id='word_1_782' title='bbox 2880 3493 2932 3536; x_wconf 91' lang='lat' dir='ltr'><strong>et</strong></span> <span class='ocrx_word' id='word_1_783' title='bbox 2962 3484 3226 3539; x_wconf 90' lang='lat' dir='ltr'><strong>inducitur</strong></span> <span class='ocrx_word' id='word_1_784' title='bbox 3249 3489 3478 3558; x_wconf 81' lang='lat' dir='ltr'><strong>disputa-</strong></span> 
     </span>
    </p>
   </div>
   <div class='ocr_carea' id='block_1_96' title="bbox 1905 3566 3479 3644">
    <p class='ocr_par' dir='ltr' id='par_1_96' title="bbox 1905 3566 3479 3644">
     <span class='ocr_line' id='line_1_96' title="bbox 1905 3566 3479 3644; baseline 0.01 -25"><span class='ocrx_word' id='word_1_785' title='bbox 1905 3566 2020 3619; x_wconf 79' lang='lat' dir='ltr'><strong>tio?</strong></span> <span class='ocrx_word' id='word_1_786' title='bbox 2058 3566 2136 3621; x_wconf 84' lang='lat' dir='ltr'><strong>Ne</strong></span> <span class='ocrx_word' id='word_1_787' title='bbox 2182 3570 2502 3623; x_wconf 88' lang='lat' dir='ltr'><strong>contumelia</strong></span> <span class='ocrx_word' id='word_1_788' title='bbox 2556 3571 2759 3625; x_wconf 79' lang='lat' dir='ltr'><strong>afﬁcias</strong></span> <span class='ocrx_word' id='word_1_789' title='bbox 2798 3573 3107 3643; x_wconf 86' lang='lat' dir='ltr'><strong>dignitatem</strong></span> <span class='ocrx_word' id='word_1_790' title='bbox 3157 3579 3377 3644; x_wconf 69' lang='lat' dir='ltr'><strong>gratim:</strong></span> <span class='ocrx_word' id='word_1_791' title='bbox 3413 3598 3479 3634; x_wconf 86' lang='lat' dir='ltr'><strong>ne</strong></span> 
     </span>
    </p>
   </div>
   <div class='ocr_carea' id='block_1_97' title="bbox 1902 3656 3475 3738">
    <p class='ocr_par' dir='ltr' id='par_1_97' title="bbox 1902 3656 3475 3738">
     <span class='ocr_line' id='line_1_97' title="bbox 1902 3656 3475 3738; baseline 0.013 -31"><span class='ocrx_word' id='word_1_792' title='bbox 1902 3656 2067 3711; x_wconf 84' lang='lat' dir='ltr'><strong>violes</strong></span> <span class='ocrx_word' id='word_1_793' title='bbox 2097 3667 2248 3728; x_wconf 87' lang='lat' dir='ltr'><strong>pacta</strong></span> <span class='ocrx_word' id='word_1_794' title='bbox 2272 3661 2558 3716; x_wconf 72' lang='lat' dir='ltr'><strong>tremenda:</strong></span> <span class='ocrx_word' id='word_1_795' title='bbox 2579 3662 2720 3716; x_wconf 88' lang='lat' dir='ltr'><strong>illius</strong></span> <span class='ocrx_word' id='word_1_796' title='bbox 2748 3672 2799 3716; x_wconf 90' lang='lat' dir='ltr'><strong>et</strong></span> <span class='ocrx_word' id='word_1_797' title='bbox 2826 3664 3430 3726; x_wconf 64' lang='lat' dir='ltr'><strong>horrendteinitiationis</strong></span> <span class='ocrx_word' id='word_1_798' title='bbox 3461 3715 3475 3738; x_wconf 97' lang='lat'><strong>,</strong></span> 
     </span>
    </p>
   </div>
   <div class='ocr_carea' id='block_1_98' title="bbox 1903 3749 3476 3820">
    <p class='ocr_par' dir='ltr' id='par_1_98' title="bbox 1903 3749 3476 3820">
     <span class='ocr_line' id='line_1_98' title="bbox 1903 3749 3476 3820; baseline 0.01 -18"><span class='ocrx_word' id='word_1_799' title='bbox 1903 3762 2021 3802; x_wconf 90' lang='lat' dir='ltr'><strong>cum</strong></span> <span class='ocrx_word' id='word_1_800' title='bbox 2045 3749 2319 3806; x_wconf 87' lang='lat' dir='ltr'><strong>confessus</strong></span> <span class='ocrx_word' id='word_1_801' title='bbox 2349 3766 2408 3807; x_wconf 89' lang='lat' dir='ltr'><strong>es</strong></span> <span class='ocrx_word' id='word_1_802' title='bbox 2441 3763 2490 3806; x_wconf 89' lang='lat' dir='ltr'><strong>te</strong></span> <span class='ocrx_word' id='word_1_803' title='bbox 2519 3754 2756 3820; x_wconf 86' lang='lat' dir='ltr'><strong>credere,</strong></span> <span class='ocrx_word' id='word_1_804' title='bbox 2791 3756 2841 3810; x_wconf 92' lang='lat' dir='ltr'><strong>in</strong></span> <span class='ocrx_word' id='word_1_805' title='bbox 2871 3758 3083 3812; x_wconf 85' lang='lat' dir='ltr'><strong>nomine</strong></span> <span class='ocrx_word' id='word_1_806' title='bbox 3113 3760 3281 3814; x_wconf 85' lang='lat' dir='ltr'><strong>Patris</strong></span> <span class='ocrx_word' id='word_1_807' title='bbox 3302 3773 3351 3814; x_wconf 89' lang='lat' dir='ltr'><strong>et</strong></span> <span class='ocrx_word' id='word_1_808' title='bbox 3386 3764 3476 3817; x_wconf 83' lang='lat' dir='ltr'><strong>Fi-</strong></span> 
     </span>
    </p>
   </div>
   <div class='ocr_carea' id='block_1_99' title="bbox 1901 3839 3475 3913">
    <p class='ocr_par' dir='ltr' id='par_1_99' title="bbox 1901 3839 3475 3913">
     <span class='ocr_line' id='line_1_99' title="bbox 1901 3839 3475 3913; baseline 0.01 -21"><span class='ocrx_word' id='word_1_809' title='bbox 1901 3839 1955 3892; x_wconf 91' lang='lat' dir='ltr'><strong>lii</strong></span> <span class='ocrx_word' id='word_1_810' title='bbox 1983 3851 2033 3893; x_wconf 88' lang='lat' dir='ltr'><strong>et</strong></span> <span class='ocrx_word' id='word_1_811' title='bbox 2064 3840 2289 3909; x_wconf 89' lang='lat' dir='ltr'><strong>Spiritus</strong></span> <span class='ocrx_word' id='word_1_812' title='bbox 2304 3844 2490 3904; x_wconf 87' lang='lat' dir='ltr'><strong>sancti,</strong></span> <span class='ocrx_word' id='word_1_813' title='bbox 2525 3843 2817 3913; x_wconf 83' lang='lat' dir='ltr'><strong>baptizatus</strong></span> <span class='ocrx_word' id='word_1_814' title='bbox 2838 3863 2894 3900; x_wconf 89' lang='lat' dir='ltr'><strong>es</strong></span> <span class='ocrx_word' id='word_1_815' title='bbox 2916 3850 3161 3903; x_wconf 87' lang='lat' dir='ltr'><strong>similiter</strong></span> <span class='ocrx_word' id='word_1_816' title='bbox 3186 3851 3238 3905; x_wconf 90' lang='lat' dir='ltr'><strong>in</strong></span> <span class='ocrx_word' id='word_1_817' title='bbox 3266 3852 3475 3907; x_wconf 84' lang='lat' dir='ltr'><strong>Patrem</strong></span> 
     </span>
    </p>
   </div>
   <div class='ocr_carea' id='block_1_100' title="bbox 1902 3930 3477 4000">
    <p class='ocr_par' dir='ltr' id='par_1_100' title="bbox 1902 3930 3477 4000">
     <span class='ocr_line' id='line_1_100' title="bbox 1902 3930 3477 4000; baseline 0.01 -18"><span class='ocrx_word' id='word_1_818' title='bbox 1902 3938 1953 3982; x_wconf 90' lang='lat' dir='ltr'><strong>ct</strong></span> <span class='ocrx_word' id='word_1_819' title='bbox 1981 3930 2171 3983; x_wconf 88' lang='lat' dir='ltr'><strong>Filiutn</strong></span> <span class='ocrx_word' id='word_1_820' title='bbox 2204 3940 2257 3984; x_wconf 92' lang='lat' dir='ltr'><strong>et</strong></span> <span class='ocrx_word' id='word_1_821' title='bbox 2296 3932 2545 4000; x_wconf 89' lang='lat' dir='ltr'><strong>Spiritum</strong></span> <span class='ocrx_word' id='word_1_822' title='bbox 2575 3946 2811 3988; x_wconf 90' lang='lat' dir='ltr'><strong>sanctum</strong></span> <span class='ocrx_word' id='word_1_823' title='bbox 2850 3953 2862 3999; x_wconf 92' lang='lat'><strong>;</strong></span> <span class='ocrx_word' id='word_1_824' title='bbox 2906 3938 3204 3993; x_wconf 77' lang='lat' dir='ltr'><strong>benedictio</strong></span> <span class='ocrx_word' id='word_1_825' title='bbox 3234 3944 3477 3998; x_wconf 87' lang='lat' dir='ltr'><strong>similiter</strong></span> 
     </span>
    </p>
   </div>
   <div class='ocr_carea' id='block_1_101' title="bbox 1902 4020 3477 4098">
    <p class='ocr_par' dir='ltr' id='par_1_101' title="bbox 1902 4020 3477 4098">
     <span class='ocr_line' id='line_1_101' title="bbox 1902 4020 3477 4098; baseline 0.01 -24"><span class='ocrx_word' id='word_1_826' title='bbox 1902 4020 1953 4074; x_wconf 92' lang='lat' dir='ltr'><strong>in</strong></span> <span class='ocrx_word' id='word_1_827' title='bbox 1989 4024 2203 4076; x_wconf 89' lang='lat' dir='ltr'><strong>nomine</strong></span> <span class='ocrx_word' id='word_1_828' title='bbox 2232 4023 2402 4079; x_wconf 85' lang='lat' dir='ltr'><strong>Patris</strong></span> <span class='ocrx_word' id='word_1_829' title='bbox 2446 4035 2497 4078; x_wconf 90' lang='lat' dir='ltr'><strong>et</strong></span> <span class='ocrx_word' id='word_1_830' title='bbox 2542 4026 2661 4080; x_wconf 88' lang='lat' dir='ltr'><strong>Filii</strong></span> <span class='ocrx_word' id='word_1_831' title='bbox 2707 4037 2760 4082; x_wconf 87' lang='lat' dir='ltr'><strong>et</strong></span> <span class='ocrx_word' id='word_1_832' title='bbox 2805 4028 3034 4098; x_wconf 89' lang='lat' dir='ltr'><strong>Spiritus</strong></span> <span class='ocrx_word' id='word_1_833' title='bbox 3077 4034 3267 4087; x_wconf 91' lang='lat' dir='ltr'><strong>sancti.</strong></span> <span class='ocrx_word' id='word_1_834' title='bbox 3314 4035 3477 4090; x_wconf 87' lang='lat' dir='ltr'><strong>Nobis</strong></span> 
     </span>
    </p>
   </div>
   <div class='ocr_carea' id='block_1_102' title="bbox 1902 4110 3474 4191">
    <p class='ocr_par' dir='ltr' id='par_1_102' title="bbox 1902 4110 3474 4191">
     <span class='ocr_line' id='line_1_102' title="bbox 1902 4110 3474 4191; baseline 0.01 -26"><span class='ocrx_word' id='word_1_835' title='bbox 1902 4110 2038 4165; x_wconf 91' lang='lat' dir='ltr'><strong>dona</strong></span> <span class='ocrx_word' id='word_1_836' title='bbox 2066 4114 2245 4183; x_wconf 69' lang='lat' dir='ltr'><strong>gratia:</strong></span> <span class='ocrx_word' id='word_1_837' title='bbox 2277 4155 2291 4177; x_wconf 93' lang='lat'><strong>,</strong></span> <span class='ocrx_word' id='word_1_838' title='bbox 2320 4129 2347 4166; x_wconf 89' lang='lat' dir='ltr'><strong>a</strong></span> <span class='ocrx_word' id='word_1_839' title='bbox 2381 4116 2529 4169; x_wconf 92' lang='lat' dir='ltr'><strong>vobis</strong></span> <span class='ocrx_word' id='word_1_840' title='bbox 2560 4116 2882 4185; x_wconf 88' lang='lat' dir='ltr'><strong>blasphemia</strong></span> <span class='ocrx_word' id='word_1_841' title='bbox 2932 4122 2981 4173; x_wconf 90' lang='lat' dir='ltr'><strong>in</strong></span> <span class='ocrx_word' id='word_1_842' title='bbox 3013 4124 3232 4191; x_wconf 79' lang='lat' dir='ltr'><strong>gratiam</strong></span> <span class='ocrx_word' id='word_1_843' title='bbox 3260 4125 3282 4175; x_wconf 86' lang='lat'>?</span> <span class='ocrx_word' id='word_1_844' title='bbox 3311 4126 3474 4181; x_wconf 89' lang='lat' dir='ltr'><strong>Nobis</strong></span> 
     </span>
    </p>
   </div>
   <div class='ocr_carea' id='block_1_103' title="bbox 1901 4200 3475 4283">
    <p class='ocr_par' dir='ltr' id='par_1_103' title="bbox 1901 4200 3475 4283">
     <span class='ocr_line' id='line_1_103' title="bbox 1901 4200 3475 4283; baseline 0.011 -30"><span class='ocrx_word' id='word_1_845' title='bbox 1901 4200 2116 4255; x_wconf 89' lang='lat' dir='ltr'><strong>libertas</strong></span> <span class='ocrx_word' id='word_1_846' title='bbox 2158 4217 2186 4254; x_wconf 91' lang='lat' dir='ltr'><strong>a</strong></span> <span class='ocrx_word' id='word_1_847' title='bbox 2218 4202 2416 4271; x_wconf 88' lang='lat' dir='ltr'><strong>Spiritu</strong></span> <span class='ocrx_word' id='word_1_848' title='bbox 2458 4215 2683 4269; x_wconf 87' lang='lat' dir='ltr'><strong>sancto;</strong></span> <span class='ocrx_word' id='word_1_849' title='bbox 2731 4223 2759 4259; x_wconf 91' lang='lat' dir='ltr'><strong>a</strong></span> <span class='ocrx_word' id='word_1_850' title='bbox 2797 4209 2947 4262; x_wconf 88' lang='lat' dir='ltr'><strong>vobis</strong></span> <span class='ocrx_word' id='word_1_851' title='bbox 2990 4214 3217 4267; x_wconf 85' lang='lat' dir='ltr'><strong>servitus</strong></span> <span class='ocrx_word' id='word_1_852' title='bbox 3259 4215 3475 4283; x_wconf 91' lang='lat' dir='ltr'><strong>Spiritui</strong></span> 
     </span>
    </p>
   </div>
   <div class='ocr_carea' id='block_1_104' title="bbox 1899 4292 3473 4370">
    <p class='ocr_par' dir='ltr' id='par_1_104' title="bbox 1899 4292 3473 4370">
     <span class='ocr_line' id='line_1_104' title="bbox 1899 4292 3473 4370; baseline 0.011 -25"><span class='ocrx_word' id='word_1_853' title='bbox 1899 4300 2083 4345; x_wconf 86' lang='lat' dir='ltr'><strong>sancto</strong></span> <span class='ocrx_word' id='word_1_854' title='bbox 2101 4292 2416 4347; x_wconf 87' lang='lat' dir='ltr'><strong>adscribitur</strong></span> <span class='ocrx_word' id='word_1_855' title='bbox 2439 4298 2462 4347; x_wconf 82' lang='lat' dir='ltr'><strong>‘t</strong></span> <span class='ocrx_word' id='word_1_856' title='bbox 2482 4294 2525 4349; x_wconf 94' lang='grc' dir='ltr'>Ο</span> <span class='ocrx_word' id='word_1_857' title='bbox 2543 4297 2815 4351; x_wconf 87' lang='lat' dir='ltr'><strong>stultitiam</strong></span> <span class='ocrx_word' id='word_1_858' title='bbox 2839 4299 2851 4351; x_wconf 87' lang='lat' dir='ltr'><strong>l</strong></span> <span class='ocrx_word' id='word_1_859' title='bbox 2876 4315 2907 4353; x_wconf 94' lang='grc' dir='ltr'><strong>ο</strong></span> <span class='ocrx_word' id='word_1_860' title='bbox 2931 4300 3189 4370; x_wconf 78' lang='lat' dir='ltr'><strong>ingratum</strong></span> <span class='ocrx_word' id='word_1_861' title='bbox 3216 4307 3473 4362; x_wconf 84' lang='lat' dir='ltr'><strong>animum!</strong></span> 
     </span>
    </p>
   </div>
   <div class='ocr_carea' id='block_1_105' title="bbox 1900 4381 3473 4453">
    <p class='ocr_par' dir='ltr' id='par_1_105' title="bbox 1900 4381 3473 4453">
     <span class='ocr_line' id='line_1_105' title="bbox 1900 4381 3473 4453; baseline 0.013 -19"><span class='ocrx_word' id='word_1_862' title='bbox 1900 4381 2002 4436; x_wconf 86' lang='lat' dir='ltr'><strong>Aut</strong></span> <span class='ocrx_word' id='word_1_863' title='bbox 2044 4397 2237 4435; x_wconf 83' lang='lat' dir='ltr'><strong>novam</strong></span> <span class='ocrx_word' id='word_1_864' title='bbox 2279 4399 2409 4453; x_wconf 76' lang='lat' dir='ltr'><strong>nega</strong></span> <span class='ocrx_word' id='word_1_865' title='bbox 2440 4389 2663 4453; x_wconf 80' lang='lat' dir='ltr'><strong>gratiam</strong></span> <span class='ocrx_word' id='word_1_866' title='bbox 2699 4429 2713 4452; x_wconf 93' lang='lat'><strong>,</strong></span> <span class='ocrx_word' id='word_1_867' title='bbox 2744 4398 2836 4443; x_wconf 90' lang='lat' dir='ltr'><strong>aut</strong></span> <span class='ocrx_word' id='word_1_868' title='bbox 2878 4390 3037 4446; x_wconf 86' lang='lat' dir='ltr'><strong>Vetus</strong></span> <span class='ocrx_word' id='word_1_869' title='bbox 3072 4393 3473 4453; x_wconf 86' lang='lat' dir='ltr'><strong>Testamentum</strong></span> 
     </span>
    </p>
   </div>
   <div class='ocr_carea' id='block_1_106' title="bbox 1899 4476 3471 4555">
    <p class='ocr_par' dir='ltr' id='par_1_106' title="bbox 1899 4476 3471 4555">
     <span class='ocr_line' id='line_1_106' title="bbox 1899 4476 3471 4555; baseline 0.01 -28"><span class='ocrx_word' id='word_1_870' title='bbox 1899 4488 2179 4539; x_wconf 89' lang='lat' dir='ltr'><strong>reverere,</strong></span> <span class='ocrx_word' id='word_1_871' title='bbox 2207 4476 2291 4529; x_wconf 86' lang='lat' dir='ltr'><strong>vel</strong></span> <span class='ocrx_word' id='word_1_872' title='bbox 2341 4478 2532 4547; x_wconf 88' lang='lat' dir='ltr'><strong>ubique</strong></span> <span class='ocrx_word' id='word_1_873' title='bbox 2578 4490 2750 4535; x_wconf 88' lang='lat' dir='ltr'><strong>statue</strong></span> <span class='ocrx_word' id='word_1_874' title='bbox 2795 4482 3069 4539; x_wconf 87' lang='lat' dir='ltr'><strong>Trinitatis</strong></span> <span class='ocrx_word' id='word_1_875' title='bbox 3116 4489 3471 4555; x_wconf 76' lang='lat' dir='ltr'><strong>:equalitatem</strong></span> 
     </span>
    </p>
   </div>
   <div class='ocr_carea' id='block_1_107' title="bbox 1900 4565 3468 4644">
    <p class='ocr_par' dir='ltr' id='par_1_107' title="bbox 1900 4565 3468 4644">
     <span class='ocr_line' id='line_1_107' title="bbox 1900 4565 3468 4644; baseline 0.008 -25"><span class='ocrx_word' id='word_1_876' title='bbox 1900 4565 2118 4621; x_wconf 89' lang='lat' dir='ltr'><strong>honoris</strong></span> <span class='ocrx_word' id='word_1_877' title='bbox 2141 4609 2153 4631; x_wconf 89' lang='lat'><strong>,</strong></span> <span class='ocrx_word' id='word_1_878' title='bbox 2182 4582 2340 4634; x_wconf 88' lang='lat' dir='ltr'><strong>quam</strong></span> <span class='ocrx_word' id='word_1_879' title='bbox 2370 4583 2509 4637; x_wconf 66' lang='lat' dir='ltr'><strong>satpe</strong></span> <span class='ocrx_word' id='word_1_880' title='bbox 2532 4571 2679 4624; x_wconf 89' lang='lat' dir='ltr'><strong>vobis</strong></span> <span class='ocrx_word' id='word_1_881' title='bbox 2701 4588 2763 4625; x_wconf 78' lang='lat' dir='ltr'><strong>ex</strong></span> <span class='ocrx_word' id='word_1_882' title='bbox 2795 4574 2975 4626; x_wconf 82' lang='lat' dir='ltr'><strong>ninltis</strong></span> <span class='ocrx_word' id='word_1_883' title='bbox 3005 4576 3291 4644; x_wconf 74' lang='lat' dir='ltr'><strong>Scriptura:</strong></span> <span class='ocrx_word' id='word_1_884' title='bbox 3318 4581 3468 4631; x_wconf 90' lang='lat' dir='ltr'><strong>testi-</strong></span> 
     </span>
    </p>
   </div>
   <div class='ocr_carea' id='block_1_108' title="bbox 1898 4661 3465 4730">
    <p class='ocr_par' dir='ltr' id='par_1_108' title="bbox 1898 4661 3465 4730">
     <span class='ocr_line' id='line_1_108' title="bbox 1898 4661 3465 4730; baseline 0.008 -18"><span class='ocrx_word' id='word_1_885' title='bbox 1898 4662 2091 4713; x_wconf 89' lang='lat' dir='ltr'><strong>moniis</strong></span> <span class='ocrx_word' id='word_1_886' title='bbox 2143 4661 2478 4728; x_wconf 77' lang='lat' dir='ltr'><strong>probavimus</strong></span> <span class='ocrx_word' id='word_1_887' title='bbox 2513 4680 2524 4713; x_wconf 90' lang='lat'><strong>:</strong></span> <span class='ocrx_word' id='word_1_888' title='bbox 2554 4663 2742 4730; x_wconf 91' lang='lat' dir='ltr'><strong>quibus</strong></span> <span class='ocrx_word' id='word_1_889' title='bbox 2770 4664 2927 4717; x_wconf 88' lang='lat' dir='ltr'><strong>aliam</strong></span> <span class='ocrx_word' id='word_1_890' title='bbox 2960 4665 3465 4725; x_wconf 79' lang='lat' dir='ltr'><strong>demonstrationem</strong></span> 
     </span>
    </p>
   </div>
   <div class='ocr_carea' id='block_1_109' title="bbox 1898 4750 3467 4826">
    <p class='ocr_par' dir='ltr' id='par_1_109' title="bbox 1898 4750 3467 4826">
     <span class='ocr_line' id='line_1_109' title="bbox 1898 4750 3467 4826; baseline 0.008 -23"><span class='ocrx_word' id='word_1_891' title='bbox 1898 4750 2185 4818; x_wconf 84' lang='lat' dir='ltr'><strong>adjungere</strong></span> <span class='ocrx_word' id='word_1_892' title='bbox 2224 4752 2410 4818; x_wconf 82' lang='lat' dir='ltr'><strong>placet.</strong></span> <span class='ocrx_word' id='word_1_893' title='bbox 2437 4750 2599 4815; x_wconf 85' lang='lat' dir='ltr'><strong>Nova,</strong></span> <span class='ocrx_word' id='word_1_894' title='bbox 2634 4764 2690 4805; x_wconf 93' lang='lat' dir='ltr'><strong>ut</strong></span> <span class='ocrx_word' id='word_1_895' title='bbox 2719 4769 2859 4822; x_wconf 61' lang='lat' dir='ltr'><strong>sa‘pe</strong></span> <span class='ocrx_word' id='word_1_896' title='bbox 2888 4755 3017 4820; x_wconf 78' lang='lat' dir='ltr'><strong>dixi,</strong></span> <span class='ocrx_word' id='word_1_897' title='bbox 3048 4772 3189 4826; x_wconf 76' lang='lat' dir='ltr'><strong>S&#39;J‘pe</strong></span> <span class='ocrx_word' id='word_1_898' title='bbox 3214 4760 3263 4812; x_wconf 91' lang='lat' dir='ltr'><strong>in</strong></span> <span class='ocrx_word' id='word_1_899' title='bbox 3292 4761 3467 4818; x_wconf 82' lang='lat' dir='ltr'><strong>Veteri</strong></span> 
     </span>
    </p>
   </div>
   <div class='ocr_carea' id='block_1_110' title="bbox 1897 4842 3469 4921">
    <p class='ocr_par' dir='ltr' id='par_1_110' title="bbox 1897 4842 3469 4921">
     <span class='ocr_line' id='line_1_110' title="bbox 1897 4842 3469 4921; baseline 0.008 -27"><span class='ocrx_word' id='word_1_900' title='bbox 1897 4842 2238 4896; x_wconf 87' lang='lat' dir='ltr'><strong>Testamento</strong></span> <span class='ocrx_word' id='word_1_901' title='bbox 2266 4845 2613 4911; x_wconf 71' lang='lat' dir='ltr'><strong>prtenuntiata</strong></span> <span class='ocrx_word' id='word_1_902' title='bbox 2644 4856 2789 4897; x_wconf 91' lang='lat' dir='ltr'><strong>sunt.</strong></span> <span class='ocrx_word' id='word_1_903' title='bbox 2820 4847 2955 4913; x_wconf 88' lang='lat' dir='ltr'><strong>Quid</strong></span> <span class='ocrx_word' id='word_1_904' title='bbox 2990 4848 3147 4915; x_wconf 78' lang='lat' dir='ltr'><strong>igitur</strong></span> <span class='ocrx_word' id='word_1_905' title='bbox 3173 4850 3194 4902; x_wconf 87' lang='lat'><strong>?</strong></span> <span class='ocrx_word' id='word_1_906' title='bbox 3243 4852 3469 4921; x_wconf 58' lang='lat' dir='ltr'><strong>Imperat</strong></span> 
     </span>
    </p>
   </div>
   <div class='ocr_carea' id='block_1_111' title="bbox 1898 4933 3466 5013">
    <p class='ocr_par' dir='ltr' id='par_1_111' title="bbox 1898 4933 3466 5013">
     <span class='ocr_line' id='line_1_111' title="bbox 1898 4933 3466 5013; baseline 0.01 -28"><span class='ocrx_word' id='word_1_907' title='bbox 1898 4933 2038 4986; x_wconf 87' lang='lat' dir='ltr'><strong>Deus</strong></span> <span class='ocrx_word' id='word_1_908' title='bbox 2066 4933 2229 5004; x_wconf 83' lang='lat' dir='ltr'><strong>Moysi</strong></span> <span class='ocrx_word' id='word_1_909' title='bbox 2261 4935 2442 4989; x_wconf 88' lang='lat' dir='ltr'><strong>dicens</strong></span> <span class='ocrx_word' id='word_1_910' title='bbox 2466 4951 2479 4987; x_wconf 88' lang='lat'>:</span> <span class='ocrx_word' id='word_1_911' title='bbox 2508 4935 2734 5003; x_wconf 87' lang='lat' dir='ltr'><strong>Loquere</strong></span> <span class='ocrx_word' id='word_1_912' title='bbox 2763 4938 2934 4991; x_wconf 82' lang='lat' dir='ltr'><strong>Aaron</strong></span> <span class='ocrx_word' id='word_1_913' title='bbox 2966 4952 3011 4993; x_wconf 87' lang='lat' dir='ltr'><strong>et</strong></span> <span class='ocrx_word' id='word_1_914' title='bbox 3058 4942 3174 5007; x_wconf 81' lang='lat' dir='ltr'><strong>ﬁliis</strong></span> <span class='ocrx_word' id='word_1_915' title='bbox 3202 4946 3307 5013; x_wconf 76' lang='lat' dir='ltr'><strong>ejus</strong></span> <span class='ocrx_word' id='word_1_916' title='bbox 3329 4988 3342 5008; x_wconf 95' lang='lat'><strong>,</strong></span> <span class='ocrx_word' id='word_1_917' title='bbox 3378 4947 3466 5000; x_wconf 86' lang='lat' dir='ltr'><strong>Sic</strong></span> 
     </span>
    </p>
   </div>
   <div class='ocr_carea' id='block_1_112' title="bbox 1895 5025 3467 5106">
    <p class='ocr_par' dir='ltr' id='par_1_112' title="bbox 1895 5025 3467 5106">
     <span class='ocr_line' id='line_1_112' title="bbox 1895 5025 3467 5106; baseline 0.008 -27"><span class='ocrx_word' id='word_1_918' title='bbox 1895 5025 2161 5079; x_wconf 77' lang='lat' dir='ltr'><strong>bencdirite</strong></span> <span class='ocrx_word' id='word_1_919' title='bbox 2184 5027 2318 5093; x_wconf 83' lang='lat' dir='ltr'><strong>ﬁlios</strong></span> <span class='ocrx_word' id='word_1_920' title='bbox 2349 5025 2511 5080; x_wconf 88' lang='lat' dir='ltr'><strong>Israel</strong></span> <span class='ocrx_word' id='word_1_921' title='bbox 2536 5026 2722 5097; x_wconf 88' lang='lat' dir='ltr'><strong>(Nunt.</strong></span> <span class='ocrx_word' id='word_1_922' title='bbox 2755 5029 2805 5082; x_wconf 84' lang='lat'><strong>6.</strong></span> <span class='ocrx_word' id='word_1_923' title='bbox 2840 5030 2952 5099; x_wconf 81' lang='grc'><strong>25).</strong></span> <span class='ocrx_word' id='word_1_924' title='bbox 2985 5033 3213 5087; x_wconf 81' lang='lat' dir='ltr'><strong>Advorte</strong></span> <span class='ocrx_word' id='word_1_925' title='bbox 3243 5034 3467 5106; x_wconf 74' lang='lat' dir='ltr'><strong>diligent-</strong></span> 
     </span>
    </p>
   </div>
   <div class='ocr_carea' id='block_1_113' title="bbox 1896 5116 3471 5197">
    <p class='ocr_par' dir='ltr' id='par_1_113' title="bbox 1896 5116 3471 5197">
     <span class='ocr_line' id='line_1_113' title="bbox 1896 5116 3471 5197; baseline 0.009 -28"><span class='ocrx_word' id='word_1_926' title='bbox 1896 5127 1995 5170; x_wconf 91' lang='lat' dir='ltr'><strong>ter.</strong></span> <span class='ocrx_word' id='word_1_927' title='bbox 2019 5116 2094 5171; x_wconf 90' lang='lat' dir='ltr'><strong>Ne</strong></span> <span class='ocrx_word' id='word_1_928' title='bbox 2116 5118 2231 5186; x_wconf 90' lang='lat' dir='ltr'><strong>quis</strong></span> <span class='ocrx_word' id='word_1_929' title='bbox 2256 5118 2549 5187; x_wconf 89' lang='lat' dir='ltr'><strong>simplicius</strong></span> <span class='ocrx_word' id='word_1_930' title='bbox 2575 5121 2844 5189; x_wconf 88' lang='lat' dir='ltr'><strong>accipiens</strong></span> <span class='ocrx_word' id='word_1_931' title='bbox 2878 5133 3084 5189; x_wconf 87' lang='lat' dir='ltr'><strong>putaret</strong></span> <span class='ocrx_word' id='word_1_932' title='bbox 3112 5140 3221 5179; x_wconf 92' lang='lat' dir='ltr'><strong>rem</strong></span> <span class='ocrx_word' id='word_1_933' title='bbox 3251 5144 3471 5197; x_wconf 84' lang='lat' dir='ltr'><strong>quomo-</strong></span> 
     </span>
    </p>
   </div>
   <div class='ocr_carea' id='block_1_114' title="bbox 1891 5208 3461 5287">
    <p class='ocr_par' dir='ltr' id='par_1_114' title="bbox 1891 5208 3461 5287">
     <span class='ocr_line' id='line_1_114' title="bbox 1891 5208 3461 5287; baseline 0.006 -25"><span class='ocrx_word' id='word_1_934' title='bbox 1891 5208 2245 5265; x_wconf 89' lang='lat' dir='ltr'><strong>dolibetbene</strong></span> <span class='ocrx_word' id='word_1_935' title='bbox 2271 5225 2328 5264; x_wconf 92' lang='lat' dir='ltr'><strong>se</strong></span> <span class='ocrx_word' id='word_1_936' title='bbox 2357 5211 2551 5265; x_wconf 90' lang='lat' dir='ltr'><strong>habere</strong></span> <span class='ocrx_word' id='word_1_937' title='bbox 2579 5252 2593 5275; x_wconf 94' lang='lat'><strong>,</strong></span> <span class='ocrx_word' id='word_1_938' title='bbox 2643 5212 2836 5279; x_wconf 87' lang='lat' dir='ltr'><strong>adjecit</strong></span> <span class='ocrx_word' id='word_1_939' title='bbox 2874 5213 2999 5266; x_wconf 91' lang='lat' dir='ltr'><strong>illud</strong></span> <span class='ocrx_word' id='word_1_940' title='bbox 3027 5256 3041 5279; x_wconf 94' lang='lat'><strong>,</strong></span> <span class='ocrx_word' id='word_1_941' title='bbox 3087 5214 3175 5269; x_wconf 88' lang='lat' dir='ltr'><strong>Sic</strong></span> <span class='ocrx_word' id='word_1_942' title='bbox 3201 5256 3214 5280; x_wconf 96' lang='lat'><strong>,</strong></span> <span class='ocrx_word' id='word_1_943' title='bbox 3250 5234 3314 5272; x_wconf 90' lang='lat' dir='ltr'><strong>ne</strong></span> <span class='ocrx_word' id='word_1_944' title='bbox 3342 5221 3461 5287; x_wconf 89' lang='lat' dir='ltr'><strong>quis</strong></span> 
     </span>
    </p>
   </div>
   <div class='ocr_carea' id='block_1_115' title="bbox 1891 5302 3455 5371">
    <p class='ocr_par' dir='ltr' id='par_1_115' title="bbox 1891 5302 3455 5371">
     <span class='ocr_line' id='line_1_115' title="bbox 1891 5302 3455 5371; baseline 0.004 -17"><span class='ocrx_word' id='word_1_945' title='bbox 1891 5303 2101 5371; x_wconf 89' lang='lat' dir='ltr'><strong>propria</strong></span> <span class='ocrx_word' id='word_1_946' title='bbox 2128 5302 2437 5355; x_wconf 88' lang='lat' dir='ltr'><strong>auctoritate</strong></span> <span class='ocrx_word' id='word_1_947' title='bbox 2464 5302 2858 5356; x_wconf 86' lang='lat' dir='ltr'><strong>benedictiones</strong></span> <span class='ocrx_word' id='word_1_948' title='bbox 2907 5304 3224 5365; x_wconf 82' lang='lat' dir='ltr'><strong>institueret,</strong></span> <span class='ocrx_word' id='word_1_949' title='bbox 3254 5310 3346 5361; x_wconf 90' lang='lat' dir='ltr'><strong>sed</strong></span> <span class='ocrx_word' id='word_1_950' title='bbox 3375 5326 3455 5362; x_wconf 86' lang='lat' dir='ltr'><strong>se-</strong></span> 
     </span>
    </p>
   </div>
   <div class='ocr_carea' id='block_1_116' title="bbox 1890 5392 3456 5467">
    <p class='ocr_par' dir='ltr' id='par_1_116' title="bbox 1890 5392 3456 5467">
     <span class='ocr_line' id='line_1_116' title="bbox 1890 5392 3456 5467; baseline 0.004 -22"><span class='ocrx_word' id='word_1_951' title='bbox 1890 5394 2119 5446; x_wconf 81' lang='lat' dir='ltr'><strong>Cundnm</strong></span> <span class='ocrx_word' id='word_1_952' title='bbox 2150 5392 2435 5461; x_wconf 60' lang='lat' dir='ltr'><strong>Scripturie</strong></span> <span class='ocrx_word' id='word_1_953' title='bbox 2466 5396 2699 5463; x_wconf 78' lang='lat' dir='ltr'><strong>regulam</strong></span> <span class='ocrx_word' id='word_1_954' title='bbox 2732 5399 2909 5449; x_wconf 88' lang='lat' dir='ltr'><strong>omnia</strong></span> <span class='ocrx_word' id='word_1_955' title='bbox 2942 5398 3114 5450; x_wconf 87' lang='lat' dir='ltr'><strong>facere</strong></span> <span class='ocrx_word' id='word_1_956' title='bbox 3141 5399 3313 5465; x_wconf 80' lang='lat' dir='ltr'><strong>jubet.</strong></span> <span class='ocrx_word' id='word_1_957' title='bbox 3349 5403 3456 5467; x_wconf 76' lang='lat' dir='ltr'><strong>Sic,</strong></span> 
     </span>
    </p>
   </div>
   <div class='ocr_carea' id='block_1_117' title="bbox 1890 5484 3457 5554">
    <p class='ocr_par' dir='ltr' id='par_1_117' title="bbox 1890 5484 3457 5554">
     <span class='ocr_line' id='line_1_117' title="bbox 1890 5484 3457 5554; baseline 0.004 -16"><span class='ocrx_word' id='word_1_958' title='bbox 1890 5485 2082 5553; x_wconf 91' lang='lat' dir='ltr'><strong>inquit,</strong></span> <span class='ocrx_word' id='word_1_959' title='bbox 2115 5485 2402 5537; x_wconf 83' lang='lat' dir='ltr'><strong>benedicite.</strong></span> <span class='ocrx_word' id='word_1_960' title='bbox 2439 5484 2547 5546; x_wconf 86' lang='lat' dir='ltr'><strong>Sic,</strong></span> <span class='ocrx_word' id='word_1_961' title='bbox 2579 5486 2892 5554; x_wconf 90' lang='lat' dir='ltr'><strong>quomodo?</strong></span> <span class='ocrx_word' id='word_1_962' title='bbox 2943 5488 3211 5542; x_wconf 81' lang='lat' dir='ltr'><strong>Benediret</strong></span> <span class='ocrx_word' id='word_1_963' title='bbox 3238 5493 3326 5542; x_wconf 87' lang='lat' dir='ltr'><strong>tibi</strong></span> <span class='ocrx_word' id='word_1_964' title='bbox 3353 5492 3457 5545; x_wconf 79' lang='grc' dir='ltr'><strong>οο.</strong></span> 
     </span>
    </p>
   </div>
   <div class='ocr_carea' id='block_1_118' title="bbox 1888 5574 3459 5648">
    <p class='ocr_par' dir='ltr' id='par_1_118' title="bbox 1888 5574 3459 5648">
     <span class='ocr_line' id='line_1_118' title="bbox 1888 5574 3459 5648; baseline 0.003 -21"><span class='ocrx_word' id='word_1_965' title='bbox 1888 5578 2074 5641; x_wconf 85' lang='lat' dir='ltr'><strong>minus,</strong></span> <span class='ocrx_word' id='word_1_966' title='bbox 2100 5585 2144 5628; x_wconf 90' lang='lat' dir='ltr'><strong>et</strong></span> <span class='ocrx_word' id='word_1_967' title='bbox 2173 5576 2413 5627; x_wconf 85' lang='lat' dir='ltr'><strong>custodiet</strong></span> <span class='ocrx_word' id='word_1_968' title='bbox 2436 5584 2479 5626; x_wconf 85' lang='lat' dir='ltr'><strong>te</strong></span> <span class='ocrx_word' id='word_1_969' title='bbox 2502 5574 2658 5643; x_wconf 82' lang='lat' dir='ltr'><strong>(Ibid.</strong></span> <span class='ocrx_word' id='word_1_970' title='bbox 2688 5592 2735 5628; x_wconf 90' lang='grc' dir='ltr'><strong>υ.</strong></span> <span class='ocrx_word' id='word_1_971' title='bbox 2768 5577 2886 5646; x_wconf 67' lang='grc'>24).</span> <span class='ocrx_word' id='word_1_972' title='bbox 2915 5579 3160 5643; x_wconf 83' lang='lat' dir='ltr'><strong>Attende,</strong></span> <span class='ocrx_word' id='word_1_973' title='bbox 3195 5583 3459 5648; x_wconf 66' lang='lat' dir='ltr'><strong>quomoda</strong></span> 
     </span>
    </p>
   </div>
   <div class='ocr_carea' id='block_1_119' title="bbox 1888 5665 3462 5738">
    <p class='ocr_par' dir='ltr' id='par_1_119' title="bbox 1888 5665 3462 5738">
     <span class='ocr_line' id='line_1_119' title="bbox 1888 5665 3462 5738; baseline 0.003 -18"><span class='ocrx_word' id='word_1_974' title='bbox 1888 5666 2197 5721; x_wconf 87' lang='lat' dir='ltr'><strong>Trinitatem</strong></span> <span class='ocrx_word' id='word_1_975' title='bbox 2230 5665 2422 5734; x_wconf 92' lang='lat' dir='ltr'><strong>ubique</strong></span> <span class='ocrx_word' id='word_1_976' title='bbox 2452 5667 2672 5735; x_wconf 84' lang='lat' dir='ltr'><strong>mystice</strong></span> <span class='ocrx_word' id='word_1_977' title='bbox 2697 5680 2975 5737; x_wconf 84' lang='lat' dir='ltr'><strong>praponat,</strong></span> <span class='ocrx_word' id='word_1_978' title='bbox 3003 5686 3095 5737; x_wconf 90' lang='lat' dir='ltr'><strong>per</strong></span> <span class='ocrx_word' id='word_1_979' title='bbox 3121 5686 3277 5738; x_wconf 89' lang='lat' dir='ltr'><strong>quam</strong></span> <span class='ocrx_word' id='word_1_980' title='bbox 3306 5671 3462 5725; x_wconf 81' lang='lat' dir='ltr'><strong>benc-</strong></span> 
     </span>
    </p>
   </div>
   <div class='ocr_carea' id='block_1_120' title="bbox 1885 5758 3459 5827">
    <p class='ocr_par' dir='ltr' id='par_1_120' title="bbox 1885 5758 3459 5827">
     <span class='ocr_line' id='line_1_120' title="bbox 1885 5758 3459 5827; baseline 0.005 -17"><span class='ocrx_word' id='word_1_981' title='bbox 1885 5758 2141 5813; x_wconf 90' lang='lat' dir='ltr'><strong>dictiones</strong></span> <span class='ocrx_word' id='word_1_982' title='bbox 2164 5758 2511 5827; x_wconf 86' lang='lat' dir='ltr'><strong>triplieantur.</strong></span> <span class='ocrx_word' id='word_1_983' title='bbox 2547 5776 2563 5808; x_wconf 78' lang='lat' dir='ltr'><strong>t</strong></span> <span class='ocrx_word' id='word_1_984' title='bbox 2601 5758 2881 5814; x_wconf 85' lang='lat' dir='ltr'><strong>Benedicet</strong></span> <span class='ocrx_word' id='word_1_985' title='bbox 2908 5771 2957 5814; x_wconf 87' lang='lat' dir='ltr'><strong>te</strong></span> <span class='ocrx_word' id='word_1_986' title='bbox 2987 5761 3259 5823; x_wconf 90' lang='lat' dir='ltr'><strong>Dominus,</strong></span> <span class='ocrx_word' id='word_1_987' title='bbox 3294 5773 3345 5816; x_wconf 91' lang='lat' dir='ltr'><strong>et</strong></span> <span class='ocrx_word' id='word_1_988' title='bbox 3367 5778 3459 5818; x_wconf 86' lang='lat' dir='ltr'><strong>cu-</strong></span> 
     </span>
    </p>
   </div>
   <div class='ocr_carea' id='block_1_121' title="bbox 1887 5849 3459 5923">
    <p class='ocr_par' dir='ltr' id='par_1_121' title="bbox 1887 5849 3459 5923">
     <span class='ocr_line' id='line_1_121' title="bbox 1887 5849 3459 5923; baseline 0.003 -17"><span class='ocrx_word' id='word_1_989' title='bbox 1887 5854 2083 5909; x_wconf 83' lang='lat' dir='ltr'><strong>stodiet</strong></span> <span class='ocrx_word' id='word_1_990' title='bbox 2129 5860 2201 5910; x_wconf 83' lang='lat' dir='ltr'><strong>te.</strong></span> <span class='ocrx_word' id='word_1_991' title='bbox 2241 5849 2496 5907; x_wconf 87' lang='lat' dir='ltr'><strong>Ostendet</strong></span> <span class='ocrx_word' id='word_1_992' title='bbox 2541 5849 2794 5905; x_wconf 89' lang='lat' dir='ltr'><strong>Dominus</strong></span> <span class='ocrx_word' id='word_1_993' title='bbox 2837 5852 3038 5905; x_wconf 89' lang='lat' dir='ltr'><strong>vultum</strong></span> <span class='ocrx_word' id='word_1_994' title='bbox 3080 5866 3237 5923; x_wconf 89' lang='lat' dir='ltr'><strong>super</strong></span> <span class='ocrx_word' id='word_1_995' title='bbox 3278 5864 3329 5908; x_wconf 90' lang='lat' dir='ltr'><strong>te</strong></span> <span class='ocrx_word' id='word_1_996' title='bbox 3360 5896 3372 5921; x_wconf 92' lang='lat'><strong>,</strong></span> <span class='ocrx_word' id='word_1_997' title='bbox 3406 5866 3459 5911; x_wconf 89' lang='lat' dir='ltr'><strong>ct</strong></span> 
     </span>
    </p>
   </div>
  </div>
