4076 6482
645 414 760 473 515

639 519 920 578 benedicet
945 525 1018 574 te.
1036 514 1259 572 Attollet
1286 515 1538 571 Dominus
1562 514 1764 568 vultum
1786 529 1939 569 suum
1967 529 2127 584 super
2148 522 2220 578 te,

635 622 692 668 et
717 611 810 667 det
837 611 929 665 tibi
958 624 1142 679 pacem
1178 628 1197 662 ι
1232 606 1420 678 (Nunt.
1443 608 1498 664 6.
1524 607 1615 664 25.
1643 607 1713 662 26
1739 609 1776 677 ).
1814 605 1944 661 Vide
1977 616 2218 660 sanctam

638 702 956 756 Trinitatem
983 700 1186 754 diserte
1211 698 1554 753 celebratam.
1602 697 1668 750 Et
1696 712 1944 765 qumnam
1989 698 2160 767 gratia
2189 712 2219 751 a

630 792 835 861 Spiritu
863 798 1049 845 sancto
1077 805 1184 844 non
1217 788 1571 857 proﬁciscitur
1595 787 1619 838 τ
1643 797 1696 841 et
1722 787 1863 856 quod
1892 787 2090 842 donum
2113 801 2220 840 non

636 883 704 939 ab
733 883 822 938 illo
841 881 999 938 datur
1027 879 1051 933 τ
1079 879 1221 950 quod
1250 879 1446 934 bonum
1475 879 1591 934 sine
1617 880 1732 948 ipso
1759 879 1782 932 ἳ
1831 879 1976 948 quod
2001 879 2218 934 caeleste

636 975 836 1031 bonum
868 975 986 1030 sine
1028 974 1262 1042 Spiritus
1293 973 1461 1026 sancti
1491 986 1652 1040 opera
1681 971 1984 1026 hominibus
2009 971 2223 1025 contin-

635 1082 761 1137 gere
791 1065 1005 1137 possit?
1030 1065 1354 1120 Scrutamini
1381 1064 1703 1133 Scripturas,
1725 1072 1779 1117 et
1806 1063 2005 1118 videte.
2039 1062 2221 1131 Itaque

635 1158 920 1228 Scriptura
945 1171 1097 1212 sacra
1127 1171 1250 1210 cum
1283 1157 1511 1209 voluerit
1538 1155 1810 1225 quidpiam
1837 1194 1853 1218 ,
1882 1155 2024 1223 quod
2057 1169 2218 1222 supra

636 1257 883 1303 naturam
911 1249 1106 1302 factum
1139 1248 1248 1311 sit,
1282 1247 1518 1301 indicare
1551 1256 1643 1300 aut
1662 1247 1964 1309 ostendere.
1989 1245 2219 1314 Spiritus

633 1339 937 1393 auctoritati
962 1338 1142 1392 omnia
1172 1337 1446 1395 adscribit.
1478 1336 1636 1391 Verbi
1658 1338 1847 1406 gratia,
1879 1337 2215 1401 Samsonem,

636 1429 905 1499 egregium
932 1430 1078 1483 illum
1107 1428 1420 1483 bellatorem
1443 1470 1458 1494 ,
1491 1443 1611 1482 cum
1648 1429 1858 1498 egregia
1888 1429 1975 1482 illa
2011 1443 2072 1482 ac
2101 1437 2217 1482 stu-

634 1522 806 1589 penda
851 1520 1063 1575 fortiter
1113 1531 1260 1592 gesta
1315 1521 1588 1590 Scriptura
1635 1521 1923 1585 describit,
1986 1520 2218 1590 Spiritus

633 1613 806 1665 sancti
831 1610 995 1664 ductu
1028 1611 1080 1665 id
1121 1611 1313 1666 fecisse
1343 1611 1640 1680 praemittit.
1673 1609 1950 1665 Venerunt
1975 1653 1990 1677 ,
2025 1613 2213 1682 inquit,

630 1701 961 1771 Alienigena:
988 1701 1137 1755 multi
1177 1710 1234 1756 et
1278 1702 1542 1756 innumeri
1573 1703 1624 1755 in
1653 1702 1968 1757 Samsonem
2004 1720 2018 1768 ;
2051 1704 2218 1758 solus-

633 1807 739 1863 que
769 1794 857 1847 ille
883 1802 1000 1847 erat
1029 1834 1046 1859 ,
1091 1807 1264 1863 neque
1293 1793 1346 1846 id
1378 1802 1580 1846 tantum
1603 1834 1618 1858 ,
1656 1793 1751 1848 sed
1799 1797 1959 1848 etiam
2002 1795 2211 1864 ligatus.

633 1887 763 1955 Qua:
793 1887 950 1956 igitur
969 1900 1093 1955 spes
1115 1886 1378 1941 libertatis
1395 1886 1612 1940 vincto?
1633 1902 1750 1956 qua:
1772 1887 1957 1941 salutis
1982 1887 2216 1956 captivo?

633 1978 905 2050 quomodo
931 1993 1067 2032 unus
1091 1978 1272 2032 multis
1297 1977 1542 2047 superior
1561 1978 1664 2032 erit
1693 1978 1715 2030 i
1739 1976 1973 2046 Spiritus
2003 1978 2216 2035 Domini

633 2068 912 2124 descendit
950 2069 1004 2122 in
1037 2068 1348 2123 Samsonem
1392 2107 1409 2134 ,
1441 2076 1496 2122 et
1539 2068 1693 2120 irruit
1732 2068 1785 2122 in
1831 2069 2210 2139 Alienigenas,

634 2169 954 2228 repertath
989 2159 1128 2212 asini
1162 2159 1374 2212 maxilla
1397 2199 1412 2224 ,
1447 2158 1591 2213 mille
1631 2161 1777 2212 viros
1817 2158 2108 2217 interfecit.
2138 2161 2216 2215 Ac

636 2251 759 2306 vide
777 2251 970 2306 divina:
995 2252 1287 2320 Scriptura:
1307 2251 1645 2320 sapientiam.
1666 2251 1795 2305 Cum
1819 2251 2109 2321 inexpertis
2136 2254 2216 2306 in-

632 2342 889 2398 credibile
918 2342 1208 2410 videretur,
1238 2344 1471 2397 vinctum
1494 2343 1703 2397 solutos
1721 2343 1934 2409 vicisse,
1957 2353 2014 2398 et
2039 2344 2213 2398 solum

633 2434 833 2489 mltos
859 2448 1164 2503 superasse,
1198 2434 1318 2488 ideo
1349 2434 1589 2502 apposite
1618 2435 1872 2502 pra-misit
1903 2454 1917 2489 :
1951 2434 2015 2488 Et
2041 2436 2214 2505 Spiri-

634 2536 714 2578 tus
751 2523 961 2577 Domini
990 2525 1188 2577 advenit
1226 2524 1279 2576 in
1327 2522 1625 2577 Samsonem
1668 2533 1714 2576 et
1756 2536 1959 2594 accepta
2003 2527 2213 2581 maxilla

632 2616 767 2670 asini
802 2657 816 2679 ,
841 2615 978 2669 mille
997 2616 1129 2669 viros
1149 2615 1330 2668 occidit
1360 2613 1568 2684 (Judic.
1601 2616 1687 2669 15.
1723 2617 1808 2670 14.
1837 2616 1972 2687 15);
2006 2627 2062 2670 ut
2089 2632 2213 2673 cum

633 2708 924 2764 secundum
957 2707 1241 2761 humanam
1260 2715 1501 2760 naturam
1527 2707 1578 2760 id
1600 2707 1907 2762 incredibile
1925 2709 2211 2772 videretur,

631 2814 728 2868 per
778 2798 1007 2866 Spiritus
1059 2795 1349 2866 potentiam
1410 2795 1735 2850 crederetur.
1811 2796 1992 2865 Itaque
2047 2798 2211 2866 probe

631 2889 840 2958 Moyses
865 2886 998 2941 dixit
1020 2904 1033 2940 :
1066 2887 1328 2952 Quomodo
1349 2895 1670 2955 persequetur
1695 2903 1824 2941 unus
1852 2888 2008 2953 mille,
2036 2899 2082 2942 et
2109 2889 2213 2942 duo

633 2978 879 3048 {ugalrunt
899 2979 1067 3032 decem
1094 2976 1273 3041 millia,
1304 2978 1402 3030 nisi
1426 2978 1545 3048 quia
1569 2977 1819 3031 Dominus
1839 2979 2051 3031 tradidit
2082 2995 2165 3032 eos
2194 3022 2209 3045 ,

629 3078 680 3123 et
704 3069 844 3124 Deus
863 3070 1082 3122 vendidit
1105 3069 1220 3122 illos
1250 3067 1426 3138 (Deut.
1455 3068 1544 3122 52.
1569 3069 1662 3138 30)
1691 3070 1715 3122 ?
1744 3070 1884 3139 Lege
1912 3070 2212 3140 Scripturas

630 3169 688 3214 et
707 3161 758 3214 in
783 3159 1003 3228 singulis
1025 3159 1349 3212 facinoribus
1374 3157 1606 3228 Spiritus
1630 3161 1799 3215 sancti
1829 3161 2076 3216 virtutem
2109 3177 2210 3214 an-

631 3251 914 3320 tepositam
951 3249 1358 3304 animadvertes.
1416 3249 1691 3305 Venerunt
1744 3252 2069 3322 Alienigena:
2099 3294 2111 3317 ,
2158 3262 2214 3306 et

634 3340 864 3410 Spiritus
894 3340 1101 3394 Domini
1131 3339 1342 3394 advenit
1365 3340 1415 3393 in
1443 3339 1756 3397 Samsonem
1778 3341 1975 3414 (ludio.
2012 3345 2098 3398 14.
2129 3344 2209 3414 6).

635 3431 820 3486 lnsiliit
865 3431 948 3486 leo
987 3440 1040 3485 et
1072 3431 1356 3500 discerpsit
1398 3431 1606 3487 leonem
1640 3441 1695 3486 ut
1724 3433 1956 3489 haedum.
1993 3434 2212 3489 Vinctus

628 3531 711 3576 est
735 3522 919 3576 ferreis
948 3523 1171 3585 catenis,
1199 3531 1253 3576 et
1281 3537 1416 3576 uxor
1437 3523 1555 3592 ejus
1585 3523 1649 3577 ad
1680 3539 1800 3578 eum
1830 3565 1846 3590 ,
1907 3526 2213 3596 Alienigena:

628 3616 686 3666 in
716 3612 1033 3665 Samsonem.
1060 3611 1165 3665 Sed
1201 3613 1388 3665 iterum
1420 3613 1691 3681 Scriptura
1726 3631 1738 3666 :
1766 3613 1834 3666 Et
1865 3615 2087 3684 Spiritus
2115 3615 2215 3669 Do-

639 3705 764 3758 mini
790 3704 922 3756 venit
963 3702 1015 3754 in
1047 3702 1348 3756 Samsonem
1373 3741 1387 3765 ,
1421 3713 1464 3755 et
1502 3703 1666 3756 soluta
1695 3715 1809 3756 sunt
1834 3705 2055 3770 vincula,
2085 3714 2141 3757 ut
2171 3707 2214 3759 si

632 3806 817 3865 stuppa
858 3796 1035 3850 sentiat
1062 3797 1227 3865 ignem
1253 3792 1414 3865 (Iud.
1450 3795 1536 3849 16.
1568 3794 1661 3863 9).
1691 3795 1906 3849 Nullum
1930 3797 2045 3865 ejus
2073 3811 2210 3866 prae-

630 3888 832 3939 clarum
860 3884 1064 3939 facinus
1087 3885 1304 3951 inducit,
1340 3901 1442 3938 non
1477 3886 1749 3954 praemissa
1779 3886 2004 3956 Spiritus
2034 3887 2212 3942 efﬁca-

633 3975 734 4029 cia.
769 3975 968 4028 Deinde
993 3991 1112 4028 cum
1143 3975 1288 4028 omni
1318 3977 1512 4029 virtute
1543 3976 1769 4029 nudatus
1797 3986 1970 4043 esset,
1997 3978 2211 4034 attende

632 4069 834 4129 animo,
851 4067 974 4136 quid
1006 4067 1144 4120 dicat
1173 4065 1465 4135 Scriptura,
1488 4084 1606 4137 qua:
1636 4068 1828 4137 ubique
1844 4069 2069 4135 dixerat,
2092 4086 2210 4123 cum

631 4157 844 4228 aliquod
881 4157 1082 4211 facinus
1110 4158 1520 4228 aggrederetur,
1569 4169 1622 4213 et
1651 4159 1929 4224 vinceret,
1987 4160 2213 4228 Spiritus

626 4260 830 4303 sanctus
855 4251 983 4302 venit
1009 4251 1060 4302 in
1091 4249 1412 4304 Samsonem.
1445 4251 1733 4320 Postquam
1766 4261 1924 4318 caput
1962 4251 2082 4317 ejus
2111 4250 2208 4304 de-

637 4355 846 4395 tonsum
875 4353 976 4404 est,
1009 4343 1217 4410 prodito
1242 4343 1424 4411 gratia:
1457 4345 1676 4412 pignore
1696 4385 1709 4407 ,
1739 4344 1916 4396 statim
1950 4343 2163 4412 scripsit
2194 4381 2211 4409 ,

635 4432 705 4486 Et
738 4432 983 4486 Dominus
1031 4435 1256 4487 discessit
1293 4451 1323 4484 a
1360 4433 1605 4486 Samsone
1636 4434 1782 4503 (Iud.
1816 4436 1902 4490 16.
1929 4435 2047 4506 20).
2077 4435 2210 4489 Cum

632 4524 960 4598 Alienigena:
1015 4535 1309 4592 venerunt,
1341 4525 1566 4595 Spiritus
1611 4525 1815 4580 Domini
1865 4527 2116 4580 descendit
2161 4529 2212 4578 in

2071 388 2444 448 SEVERIANI

3811 421 3918 477 516

2330 515 2498 582 ipsum
2522 530 2540 568 :
2563 528 2680 569 eum
2705 523 2881 571 autem
2911 519 3148 584 recessit,
3180 518 3274 584 ait,
3306 518 3374 574 Et
3409 517 3661 575 Dominus
3687 518 3907 572 discessit

2327 603 2524 658 abillo.
2567 605 2634 658 Et
2671 605 2792 674 jure
2829 608 3045 678 quidem
3076 627 3089 662 :
3118 625 3238 664 nam
3275 609 3526 663 Dominus
3575 611 3802 680 Spiritus
3841 619 3908 662 est

2329 692 2348 764 (
2377 692 2430 745 Ξ.
2460 693 2578 746 Cor.
2599 696 2653 748 5.
2685 696 2751 749 17
2777 696 2818 766 ).
2851 697 2959 753 Nec
2985 699 3158 753 solum
3199 699 3254 753 in
3281 699 3462 754 Veteri
3493 698 3907 753 Testamentoid

2326 786 2752 851 animadvertes,
2800 789 2892 842 sed
2942 791 3100 844 etiam
3130 790 3181 844 in
3212 791 3487 859 apostolis.
3518 789 3748 856 Quando
3795 805 3908 843 ma-

2325 891 2482 945 gnam
2505 879 2788 946 quamdam
2802 884 2856 931 et
2867 876 3266 947 praecellentem
3277 880 3532 938 virtutem
3547 882 3748 938 divinae
3765 883 3907 938 [Λιθ-

2325 983 2399 1020 ra.-
2420 969 2725 1036 priedicant,
2756 971 2945 1038 ubique
2971 971 3201 1040 Spiritus
3215 976 3582 1029 auctoritatem
3611 977 3907 1044 praemittit.

2325 1059 2531 1114 lnducit
2557 1077 2744 1115 rursus
2782 1063 3000 1116 Paulum
3027 1065 3080 1118 in
3112 1065 3290 1137 Cypro
3337 1069 3728 1122 exsecrandum
3762 1069 3907 1122 illum

2325 1149 2566 1220 Elymam
2613 1167 2826 1222 magum
2856 1155 3021 1208 verbo
3050 1158 3359 1224 punientem
3389 1199 3404 1224 ,
3431 1159 3573 1227 quod
3601 1168 3790 1213 contra
3821 1174 3908 1212 ve-

2323 1241 2533 1295 ritatem
2560 1251 2850 1312 pugnaret;
2880 1254 2934 1297 et
2957 1247 3076 1313 quia
3105 1261 3217 1300 rem
3249 1250 3561 1316 stnpendam
3593 1261 3907 1302 narraturus

2323 1339 2460 1396 erat,
2490 1333 2674 1385 oculos
2703 1348 2892 1402 nempe
2917 1335 3080 1388 verbo
3107 1338 3417 1401 exstinctus,
3436 1339 3541 1392 ait:
3572 1340 3704 1391 Ecce
3732 1356 3909 1391 atauus

2324 1419 2527 1473 Domini
2552 1423 2604 1473 in
2631 1432 2696 1487 te,
2721 1432 2768 1476 et
2792 1425 2891 1477 eris
2915 1440 3095 1487 caecus,
3125 1442 3224 1480 non
3253 1429 3422 1480 videns
3449 1429 3608 1481 solem
3637 1429 3654 1498 (
3677 1430 3789 1482 Act.
3820 1429 3905 1482 15.

2324 1513 2383 1566 11
2416 1511 2458 1583 ).
2484 1513 2614 1568 Illud
2641 1525 2816 1572 autem
2839 1527 2892 1571 et
2917 1518 3064 1572 Pauli
3091 1530 3142 1574 et
3172 1521 3407 1574 omnium
3426 1525 3732 1576 mortalium
3759 1533 3906 1576 natu-

2320 1617 2436 1656 ram
2465 1605 2750 1673 superabat
2780 1647 2795 1670 ,
2829 1623 3022 1677 nempe
3061 1610 3247 1664 oculos
3283 1611 3584 1666 hominibus
3615 1613 3781 1667 verbo
3808 1629 3906 1666 ex-

2321 1694 2610 1766 stinguere.
2642 1697 2872 1753 Verbum
2896 1701 3039 1755 enim
3066 1704 3296 1758 hominis
3325 1721 3428 1759 non
3451 1716 3622 1760 mutat
3641 1717 3904 1772 naturam,

2323 1800 2422 1839 nec
2442 1786 2626 1842 oculos
2653 1801 2907 1845 excitent.
2957 1791 3034 1846 Ne
3069 1793 3187 1860 quis
3213 1808 3342 1864 ergo
3371 1795 3602 1850 humana
3634 1798 3794 1852 verba
3822 1813 3907 1852 re-

2320 1877 2576 1945 spicieus,
2600 1879 2666 1934 de
2692 1895 2747 1934 re
2770 1881 3167 1952 obstupesceret
3190 1927 3204 1952 ,
3233 1894 3290 1940 et
3307 1889 3732 1942 commentitium
3755 1890 3908 1958 quid.

2319 1971 2444 2024 dam
2469 1971 2569 2025 dici
2595 1983 2827 2042 putaret,
2861 1976 3130 2043 praemittit
3159 1977 3349 2032 iterum
3374 1978 3649 2048 Scriptura
3675 1981 3908 2046 Spiritus

2319 2062 2489 2115 sancti
2537 2065 2931 2119 auctoritatem.
2982 2065 3165 2132 Tunc,
3213 2068 3402 2138 inquit,
3455 2069 3654 2123 Paulus
3700 2071 3905 2140 Spiritu

2317 2161 2493 2205 sancto
2519 2155 2737 2222 repletus
2757 2157 2828 2208 ait
2843 2157 2921 2210 illi
2951 2157 3110 2226 (Ibid.
3136 2176 3184 2212 υ.
3213 2159 3294 2230 9).
3325 2161 3499 2216 [labes
3519 2170 3574 2216 et
3603 2165 3766 2217 aliam
3794 2165 3902 2217 cir-

2316 2257 2379 2297 ca
2410 2245 2663 2313 Spiritum
2695 2256 2932 2301 sanctum
2961 2249 3465 2307 demonstrationem
3490 2254 3564 2306 :si
3596 2254 3717 2322 quis
3749 2253 3909 2308 homo

2320 2334 2466 2388 rudis
2507 2336 2728 2399 melius,
2761 2352 2917 2406 quam
2960 2337 3177 2394 facultas
3206 2339 3372 2404 ferat,
3402 2342 3649 2412 loquatur
3677 2360 3694 2396 :
3720 2358 3907 2396 verum

2321 2423 2455 2478 hanc
2481 2441 2665 2480 rursus
2692 2429 3055 2495 operationem
3084 2430 3351 2501 Scriptura
3383 2432 3604 2501 Spiritui
3626 2434 3905 2488 adscribit.

2319 2514 2560 2583 Exempli
2583 2516 2748 2585 gratia
2783 2557 2797 2581 ,
2828 2517 3018 2574 Petrus
3046 2529 3098 2574 et
3118 2519 3351 2577 Joannes
3369 2523 3420 2576 in
3451 2522 3762 2578 Judaeorum
3796 2527 3904 2580 fre-

2319 2607 2533 2673 quentia
2580 2607 3008 2663 concionantur:
3041 2609 3107 2662 Et
3152 2621 3270 2664 tunc
3299 2653 3315 2675 ,
3347 2614 3456 2677 ait,
3494 2613 3681 2668 Petrus
3728 2617 3906 2682 plenus

2320 2695 2518 2764 Spiritu
2547 2709 2722 2750 sancto
2748 2699 2876 2751 dixit
2901 2700 2969 2751 ad
3000 2702 3239 2770 papulum
3257 2720 3274 2755 :
3296 2702 3373 2755 An
3384 2705 3579 2772 justum
3597 2716 3668 2758 est
3700 2707 3754 2757 in
3781 2723 3905 2759 con-

2317 2797 2490 2855 spectu
2529 2785 2645 2852 Dei,
2673 2804 2759 2840 vos
2781 2789 2945 2855 potius
2965 2791 3157 2855 audire,
3189 2808 3339 2860 quam
3362 2791 3546 2858 Deum,
3576 2810 3661 2846 vos
3673 2795 3907 2864 judicatr

2321 2876 2472 2947 (Act.
2498 2878 2551 2930 4.
2581 2878 2634 2932 8.
2666 2886 2712 2931 et
2743 2879 2866 2949 19).
2896 2879 3001 2934 Cur
3029 2897 3156 2950 ergo
3203 2882 3397 2937 dicitur
3425 2925 3439 2949 ,
3475 2882 3668 2938 Plenus
3702 2884 3906 2954 Spiritu

2318 2970 2536 3023 sancto?
2563 2969 2698 3036 Quia
2729 2970 2997 3025 indoctum
3019 2973 3309 3027 excedebat
3340 2973 3454 3029 hac
3484 2975 3736 3045 loquendi
3767 2972 3896 3030 [idu-

2315 3063 2396 3115 cia
2423 3101 2436 3123 ,
2470 3076 2537 3114 ne
2566 3062 2683 3130 quis
2715 3062 3032 3132 piscatorem
3055 3065 3345 3133 respiciens
3365 3105 3379 3130 ,
3403 3066 3631 3120 orationi
3676 3067 3752 3120 illi
3780 3081 3903 3120 san-

2318 3161 2416 3204 cta:
2437 3167 2555 3205 cum
2581 3152 2822 3207 libertate
2845 3153 3036 3207 habita:
3063 3155 3220 3207 ﬁdem
3253 3171 3357 3208 non
3388 3155 3624 3218 haberet,
3647 3157 3903 3225 prmmisit

2321 3241 2548 3310 Spiritus
2571 3243 2739 3296 sancti
2771 3243 3082 3312 sapientiam
3114 3286 3129 3307 ,
3160 3260 3226 3299 ne
3264 3246 3472 3300 mireris
3497 3245 3902 3300 abundantiam.

2318 3333 2472 3400 Quod
2501 3335 2546 3388 si
2576 3334 2785 3389 videtur
2809 3377 2822 3401 ,
2864 3336 3026 3389 alium
3065 3336 3466 3391 consideremus
3492 3378 3506 3402 ,
3542 3349 3597 3391 ut
3642 3340 3818 3407 magis
3844 3351 3904 3390 ac

2318 3425 2487 3494 magis
2530 3424 2668 3479 dicta
2713 3425 3114 3480 confirmentur.
3155 3427 3365 3481 Sanctis
3393 3429 3581 3481 caelum
3613 3429 3857 3496 aperitur
3887 3467 3901 3490 ,

2317 3517 2410 3572 sed
2459 3519 2573 3572 sine
2616 3518 2816 3586 Spiritu
2855 3528 3040 3572 sancto
3085 3537 3189 3573 non
3230 3522 3499 3589 aperitur;
3530 3535 3701 3588 neque
3767 3522 3901 3574 enim

2317 3607 2487 3662 oculis
2540 3610 2781 3676 corporis
2827 3609 3015 3662 caelum
3062 3620 3303 3677 apertum
3349 3610 3593 3672 videtur,
3631 3609 3732 3663 sed
3779 3609 3902 3678 Spio

2317 3698 2452 3751 ritus
2486 3700 2653 3752 sancti
2685 3701 3016 3768 operatione.
3057 3699 3198 3754 Vidit
3224 3700 3521 3770 Stephanus
3564 3692 3730 3756 caelos
3753 3718 3902 3770 aper-

2319 3797 2432 3854 tos;
2458 3805 2638 3843 verum
2666 3832 2680 3854 ,
2708 3801 2762 3843 ut
2794 3792 2866 3844 ait
2895 3791 3162 3860 Scriptura
3192 3834 3205 3856 ,
3235 3807 3354 3845 cum
3385 3803 3527 3846 esset
3557 3793 3753 3860 plenus
3782 3792 3898 3861 Spi-

2318 3882 2421 3935 ritu
2449 3890 2633 3936 sancto
2656 3880 2790 3954 (Act.
2825 3882 2876 3937 6.
2909 3881 2984 3954 5),
3018 3883 3165 3936 vidit.
3191 3883 3653 3952 Nusquamigitur,
3690 3883 3899 3944 fratres,

2316 3975 2503 4028 caelum
2536 3976 2658 4029 licet
2682 3984 2921 4043 apertum
2951 3974 3130 4029 videre
3151 4015 3167 4039 ,
3196 3975 3310 4029 sine
3337 3975 3532 4043 Spiritu
3558 4014 3575 4038 ,
3603 3990 3784 4041 neque
3809 3974 3902 4025 do-

2317 4070 2469 4124 cendi
2500 4071 2833 4123 autoritatem
2855 4083 3088 4133 sumere,
3121 4082 3220 4121 nec
3249 4066 3628 4120 miraculorum
3657 4067 3902 4118 virtutem

2318 4163 2572 4215 exhibere
2622 4161 2736 4214 sine
2757 4168 2941 4212 sancto
2957 4169 3010 4213 et
3029 4157 3298 4212 adorando
3315 4157 3534 4224 Spiritu.
3558 4154 3754 4210 Omnia
3778 4155 3901 4208 enim

2319 4261 2555 4322 operatur
2584 4267 2714 4305 unus
2742 4260 2787 4303 et
2814 4252 2945 4303 idem
2964 4249 3208 4320 Spiritus,
3231 4248 3457 4300 dividens
3482 4248 3702 4316 singulis
3727 4287 3742 4310 ,
3764 4253 3904 4316 prout

2318 4344 2424 4396 vult
2448 4344 2522 4413 (l.
2544 4343 2660 4398 (.‘or.
2692 4343 2780 4398 η.
2807 4341 2897 4414 11)
2923 4359 2935 4396 :
2959 4343 3040 4398 cui
3059 4341 3226 4411 gloria
3270 4341 3320 4395 in
3344 4341 3538 4395 szecula
3563 4341 3897 4396 saeculorum.

2320 4437 2514 4491 Amen.
