4158 6502
295 422 415 479 515

299 533 478 602 τήσει
535 545 627 584 σε.
670 532 899 598 Ἐπαρει
952 531 1166 599 Κύριος
1213 531 1280 584 τὸ
1330 532 1658 599 πρόσωπον
1702 529 1887 583 αὑτοῦ

299 614 402 667 ἐπὶ
430 613 526 672 σὲ,
549 614 644 665 καὶ
668 613 786 678 δῴη
816 629 910 666 σοι
935 613 1199 682 είρήνην,
1223 614 1361 681 Ὅρα
1382 613 1479 684 τὴν
1502 612 1662 680 ἁγίαν
1686 611 1889 682 Τριὰδα

301 695 600 766 διαρρήδην
636 696 1070 765 ἀνυμνουμένην.
1103 696 1236 748 Ποία
1271 697 1429 766 χάρις
1456 695 1555 747 οὑκ
1585 694 1690 747 ἀπὸ
1724 693 1888 745 Πνεὺο

307 795 477 848 ματος
526 777 718 844 ἁγίου;
771 781 920 830 ποῖον
973 779 1142 848 δῶρον
1189 781 1291 832 οὑκ
1340 779 1399 843 ἐξ
1441 780 1684 842 ἐκείνου,
1739 779 1890 829 ποῖον

303 862 508 930 ἀγαθὸν
552 862 679 914 ἀνευ
734 862 977 925 ἐκείνους
1014 862 1063 915 τί
1111 862 1334 915 δύναται
1383 862 1477 915 καὶ
1523 859 1889 930 ὑπερκόσμιον

302 945 637 1014 ἐπιφανῆναι
676 949 788 1007 τοῖς
832 945 1138 1015 ἀνθρώποις
1180 948 1306 1000 ἄνευ
1350 945 1664 1015 Πνεὺματος
1695 944 1886 1011 ἁγίους

318 1030 605 1099 Ἐρευνᾶτε
651 1029 748 1092 τὰς
782 1030 1025 1099 Γραφάς,
1055 1031 1148 1082 καὶ
1183 1030 1515 1100 σκοπήσατε,
1552 1028 1647 1091 ὡς,
1692 1028 1818 1080 ὅταν
1857 1029 1888 1097 ή

302 1111 497 1180 Γραφὴ
549 1110 677 1184 θέλῃ
726 1111 960 1182 μηνῦσαί
996 1130 1046 1165 τι
1094 1113 1126 1182 ἢ
1175 1113 1344 1178 δεῖξαι
1378 1111 1485 1164 τῶν
1542 1110 1680 1181 ὑπὲρ
1731 1108 1891 1176 φύσιν

301 1193 770 1263 ἀποτελουμένων,
821 1197 885 1265 τῇ
930 1194 1023 1247 τοῦ
1051 1195 1370 1266 Πνεῦματος
1409 1194 1662 1264 αὑθεντίᾳ.
1694 1193 1754 1246 τὸ
1785 1195 1892 1245 πᾶν

300 1277 616 1346 ἐπιγράφει.
654 1273 798 1342 Οἷον,
834 1280 1068 1350 Σαμψὼν
1098 1281 1189 1332 τὸν
1221 1282 1466 1347 γενναῖον
1513 1281 1720 1332 ἐκεῖνον
1768 1279 1891 1348 ἀρι-

303 1361 456 1426 στέα,
494 1363 580 1414 ὅτε
610 1363 679 1414 τά
725 1363 935 1431 μεγάλα
977 1365 1156 1416 ἐκεῖνα
1193 1364 1286 1416 καὶ
1337 1362 1614 1433 παράδοξα
1659 1361 1757 1431 τῆς
1802 1362 1893 1414 ἀν-

299 1444 486 1513 δρείας
521 1445 854 1497 ἐνεδείκνυτο
897 1448 1349 1516 στρατηγήματα,
1385 1449 1416 1516 ἡ
1452 1445 1641 1517 Γραφὴ
1687 1462 1892 1498 παντα-

300 1531 399 1598 χοῦ
447 1531 784 1593 δεικνύουσα,
814 1531 874 1583 τὸ
908 1533 1129 1602 Πνεῦμα
1160 1533 1217 1585 τὸ
1254 1533 1403 1600 ἁγιον
1429 1533 1537 1586 τῶν
1585 1548 1894 1604 στρατηγηο

305 1614 492 1680 μάτων
525 1614 873 1685 προέταττεν.
893 1610 1118 1678 Ἷίλθον,
1143 1617 1326 1686 φησιν,
1355 1616 1665 1684 ’Λλλόφυλοι
1688 1616 1778 1667 ἐπὶ
1803 1615 1892 1667 τὸν

301 1699 540 1770 Σαμψὼν
597 1701 812 1767 πολλοὶ,
865 1703 958 1754 καὶ
1020 1703 1420 1772 ἀναρίθμητοι·
1480 1704 1575 1755 καὶ
1626 1702 1788 1770 μόνος
1825 1696 1891 1771 ἦν

299 1784 533 1847 ἐκεῖνος·
565 1786 657 1837 καὶ
687 1789 746 1837 οὑ
778 1784 934 1838 τοῦτο
966 1786 1146 1856 μόνον,
1174 1787 1308 1839 ἀλλὰ
1337 1787 1428 1839 καὶ
1460 1786 1760 1856 δεδεμένος.
1789 1786 1883 1848 Τίς

299 1862 395 1920 οὖν
422 1866 576 1931 λύσις
610 1868 687 1937 τῷ
735 1869 1031 1939 δεδεμένῳ;
1078 1869 1162 1932 τίς
1212 1871 1454 1941 σωτηρία
1496 1869 1572 1940 τῷ
1615 1869 1887 1940 ἀπειλημ-

305 1949 480 2019 μένῳ;
535 1951 651 2013 πῶς
703 1948 783 2013 είς
839 1952 1176 2020 περιγίνεται
1222 1952 1330 2005 τῶν
1374 1953 1616 2017 πολλῶν;
1665 1953 1888 2022 Πνεῦμα

303 2031 505 2102 Κυρίου
549 2034 815 2103 κατῆλθεν
845 2036 936 2087 ἐπὶ
963 2035 1221 2106 Σαμψὼν,
1254 2037 1347 2089 καὶ
1379 2037 1618 2106 ἐφήλατο
1647 2038 1737 2089 ἐπὶ
1765 2037 1891 2097 τοὺς

317 2116 700 2184 Ἀλλοφὺλους,
744 2121 836 2171 καὶ
880 2119 1056 2189 εὑρὼν
1098 2121 1220 2173 ὄνου
1260 2121 1505 2187 σιαγόνα,
1552 2120 1758 2189 χιλίους
1794 2120 1888 2173 ἆν-

301 2202 436 2270 δρας
469 2203 844 2274 διεχειρίσατο.
871 2205 980 2257 Kal
1012 2205 1114 2274 ὅρα
1145 2206 1242 2274 τῆς
1273 2205 1419 2268 θείας
1447 2205 1670 2275 Γραφῆς
1709 2204 1768 2256 τὸ
1803 2221 1891 2257 σοο

302 2287 424 2354 φόν.
465 2286 681 2357 Ἐπειδὴ
711 2290 823 2351 τοῖς
852 2289 1100 2358 ἀπείροις
1125 2289 1218 2342 τοῦ
1252 2289 1441 2360 ἀνδρὸς
1474 2291 1701 2342 ἄπιστον
1734 2285 1800 2360 ἦν
1832 2289 1891 2340 τὸ

305 2368 478 2438 ῥῆμα,
509 2370 589 2421 ὅτι
619 2371 646 2420 ὁ
683 2370 963 2439 δεδεμένος
991 2370 1241 2441 ἐνίκησεν
1271 2372 1396 2434 τοὺς
1423 2371 1766 2441 λελυμένους,
1797 2369 1891 2424 καὶ

303 2451 333 2502 ὀ
365 2450 521 2518 μόνος
557 2450 666 2502 τῶν
702 2451 910 2504 πολλῶν
958 2455 1327 2522 περιεγένετο,
1358 2455 1439 2507 διὸ
1474 2455 1738 2525 προέταξε
1793 2472 1890 2507 καο

301 2532 440 2596 λῶς’
482 2533 589 2588 Καὶ
629 2535 872 2604 Πνεῦμα
908 2538 1124 2604 Κυρίου
1174 2537 1441 2607 ἐπῆλθεν
1472 2539 1570 2592 ἐπὶ
1604 2539 1886 2608 Σαμψὼν,

302 2616 404 2668 καὶ
441 2618 617 2670 ἔλαϐε
656 2621 909 2688 σιαγόνα
939 2621 1104 2685 ὄνου,
1143 2622 1241 2674 καὶ
1280 2621 1482 2675 ἀνεῖλε
1515 2624 1785 2692 χιλίους·
1822 2624 1886 2675 ἵν’

302 2699 431 2751 ὅταν
465 2701 737 2771 ἀπιστηθῇ
777 2701 864 2754 διὰ
899 2703 994 2773 τὴν
1023 2703 1374 2775 ἀνθρωπίνην
1410 2706 1591 2772 φύσιν,
1623 2705 1886 2776 πιστευθῇ

301 2782 390 2834 διὰ
417 2781 512 2852 τὴν
546 2782 638 2835 τοῦ
674 2785 987 2855 Πνεύματος
1021 2787 1268 2856 δύναμιν.
1297 2788 1505 2840 Οὐκοῦν
1533 2788 1711 2851 καλῶς
1737 2787 1888 2856 ἔλεγε

302 2864 566 2934 Μωὺσῆς
599 2864 729 2932 Πῶς
755 2867 1018 2931 διώξει-αι
1049 2865 1135 2933 εἷς
1167 2871 1424 2937 χιλίους,
1456 2871 1551 2923 καὶ
1586 2870 1694 2923 δύο
1721 2887 1890 2938 μετα-

305 2946 630 3010 κινήσουσι
657 2950 970 3017 μυριάδας,
997 2954 1049 3003 εἱ
1075 2951 1160 3018 μὴ
1192 2951 1280 3004 ὅτι
1309 2953 1521 3019 Κύριος
1548 2952 1890 3019 παρέδωκεν

304 3031 548 3095 αὐτοὺς,
591 3032 688 3084 καὶ
723 3036 755 3086 ὀ
800 3034 942 3098 Θεὸς
997 3034 1252 3088 ἀπέδοτο
1300 3036 1554 3100 αὺτούς;
1593 3035 1887 3102 ’Λνάγνωθι

307 3113 404 3176 τὰς
444 3113 694 3184 Γραφὰς,
730 3118 823 3169 καὶ
870 3119 1124 3188 εὑρήσεις
1171 3120 1255 3186 ἐφ’
1289 3119 1521 3172 ἑκάστου
1577 3121 1886 3189 στρατηγή-

309 3214 477 3267 ματος
510 3202 957 3270 προτεταγμένην
992 3202 1085 3254 τοῦ
1115 3201 1251 3253 Πνεὺ
1264 3219 1431 3271 ματος
1458 3201 1556 3270 τὴν
1583 3202 1886 3256 αὑθεντίαν.

303 3276 507 3334 Ἦλθον
536 3284 583 3334 οί
621 3283 952 3350 Ἀλλόφυλοι,
984 3286 1078 3336 καὶ
1112 3285 1336 3354 Πνεῦμα
1377 3285 1580 3354 Κυρίου
1626 3287 1889 3355 κατῆλθεν

304 3366 400 3418 ἐπὶ
457 3366 716 3436 Σαμψών.
776 3367 980 3437 Ἐπήδα
1035 3367 1201 3431 λέων,
1255 3369 1348 3421 καὶ
1411 3368 1736 3439 διεσπάραξε
1798 3370 1888 3424 τὸν

303 3446 495 3501 λέοντα
531 3449 605 3512 ὡς
647 3450 851 3520 ἔριφον.
907 3450 1089 3520 Ἐδέθη
1140 3451 1381 3521 σιδηραῖς
1420 3452 1669 3511 ἁλύσεσι,
1718 3452 1811 3504 καὶ
1853 3454 1885 3523 ή

304 3533 445 3602 γυνὴ
494 3535 629 3604 πρὸς
665 3535 858 3587 αὐτόν’
893 3536 1242 3604 Ἄλλόφυλοι
1279 3535 1376 3588 ἐπὶ
1415 3536 1692 3603 Σαμψών.
1729 3536 1887 3589 ’Λλλὰ

305 3613 470 3666 πάλιν
513 3617 543 3684 ή
594 3617 817 3686 Γραφήο
860 3619 966 3670 Καὶ
1017 3618 1261 3687 Πνεῦμα
1308 3619 1526 3685 Κυρίου
1559 3614 1748 3688 ἦλθεν
1789 3619 1885 3672 ἐπὶ

307 3697 594 3764 Σαμψὼν,
626 3699 721 3750 καὶ
759 3700 1001 3766 διελύθη
1041 3702 1113 3753 τὰ
1153 3701 1365 3771 δεσμὰ,
1397 3701 1477 3766 ὡς
1507 3701 1651 3755 ὅταν
1692 3717 1885 3755 στυπ-

306 3781 449 3831 πίον
484 3780 794 3847 ὀσφρανθῇ
836 3784 1044 3850 πυρός.
1086 3784 1331 3853 Οὑδαμοῦ
1363 3783 1620 3852 οὐδεμίαν
1667 3787 1882 3854 εἰσῆγεν

309 3860 462 3932 [529]
508 3864 806 3931 ἀριστείαν,
846 3866 918 3935 μὴ
970 3865 1244 3935 προτάξας
1275 3865 1369 3917 τοῦ
1426 3867 1737 3935 Πνεῦματος
1787 3869 1884 3936 τὴν

307 3945 604 4013 ἐνέργειαν.
636 3942 766 3999 Εἶτα
789 3947 909 4000 ἐπεὶ
933 3947 1115 4000 λοιπὸν
1141 3949 1428 4018 ἐγυμνώθη
1458 3950 1555 4018 τῆς
1578 3949 1881 4019 δυνάμεως,

308 4027 542 4098 πρόσεχε
581 4029 855 4098 ἀκριϐῶς,
898 4031 952 4083 τί
998 4031 1379 4100 παραδέδωκεν
1415 4033 1447 4101 ἡ
1495 4031 1614 4084 θεία
1662 4031 1882 4102 Γραφὴ,

307 4110 582 4181 πανταχοῦ
630 4111 891 4180 λέγουσα,
926 4115 1013 4166 ὅτε
1061 4115 1407 4184 ἐστρατήγει,
1453 4117 1544 4167 καὶ
1589 4116 1771 4178 ἐνίκα,
1803 4117 1884 4168 ὄτι

307 4193 551 4261 Πνεῦμα
583 4195 802 4263 Κυρίου
841 4191 1026 4263 ἦλθεν
1053 4197 1149 4250 ἐπὶ
1179 4199 1460 4266 Σαμψών.
1491 4199 1620 4251 Ὅτε
1655 4197 1884 4270 ἐξυρᾶτο

305 4275 405 4346 τὴν
453 4277 711 4347 κεφαλὴν,
753 4278 1030 4348 προδιδοὺς
1084 4280 1182 4351 τῆς
1238 4280 1456 4351 χάριτος
1506 4281 1566 4332 τὸ
1603 4280 1879 4350 ἐνέχυρον,

306 4358 501 4422 εὐθέως
533 4359 759 4429 ἔγραφε·
789 4360 898 4414 Καὶ
936 4363 1149 4428 Κύριος
1179 4363 1413 4430 ἀπέστη
1449 4363 1568 4416 ἀπὸ
1600 4365 1878 4430 Σαμψών.

307 4445 434 4497 Ὅτε
470 4444 521 4496 οἱ
555 4443 880 4512 Ἀλλόφυλοι,
912 4445 1019 4499 Καὶ
1052 4446 1298 4508 Πνεῦμα
1330 4448 1548 4503 Kvolov
1583 4444 1884 4514 κατῆλθεν

631 5811 898 5872 ΡΑτιιοι.
933 5811 1048 5870 Gu.
1095 5811 1242 5870 LVI.

1540 415 1624 468 DE
1663 408 2026 469 SERPENTE
2069 413 2376 470 HOMILIA.

1993 530 2085 583 ἐπ’
2108 533 2293 584 αὐτόν
2313 547 2325 560 ⁸
2349 532 2434 584 ὅτε
2464 529 2745 600 ἀνεχώρει,
2773 530 2937 599 λέγει’
2972 534 3076 585 καί
3107 535 3318 601 Κύριος
3343 535 3577 606 ἀπέστη

1993 615 2093 666 ἀπ’
2116 614 2320 668 αὑτοῦ.
2356 614 2464 666 Καὶ
2503 615 2756 676 εἰκότωςο
2789 617 2815 667 ό
2847 616 2953 685 γάρ
2990 618 3202 684 Κύριος
3231 619 3297 670 τὸ
3339 621 3579 689 Πνεῦμά

1991 693 2179 751 ἐδτιν.
2224 700 2296 752 Οὑ
2349 699 2506 767 μόνον
2539 699 2594 751 δὲ
2629 699 2686 748 ἐν
2718 701 2782 768 τῇ
2835 700 3044 770 Παλαιᾷ
3077 700 3278 771 ταύτην
3329 702 3578 773 εὑρήσεις

1992 782 2090 850 τήν
2121 781 2371 852 θεωρίαν,
2398 780 2532 834 ἀλλά
2563 783 2655 834 καὶ
2679 785 2734 833 ἐν
2765 785 2875 844 τοῖς
2906 784 3240 844 ἀποστόλοις.
3263 786 3429 837 Ὅταν
3458 789 3579 841 τινά

1997 864 2236 933 μεγάλην
2258 866 2350 916 καὶ
2379 864 2820 935 ὑπερϐάλλουσαν
2843 865 3070 934 δύναμιν
3099 867 3339 937 κηρύττῃ
3365 869 3432 920 τὰ
3460 868 3578 922 θεῖα

1993 946 2167 1014 λόγια,
2202 949 2476 1018 πανταχοῦ
2505 947 2596 1000 τοῦ
2629 949 2943 1016 Πνεύματος
2978 952 3075 1018 τὴν
3117 949 3404 1004 αὑθεντίαν
3440 970 3578 1023 προ-

1993 1031 2196 1083 τάττει.
2240 1032 2462 1099 Είσάγει
2501 1032 2590 1084 τὸν
2626 1031 2834 1083 Παῦλον
2875 1033 2931 1082 ἐν
2974 1035 3038 1101 τῇ
3077 1033 3286 1103 Κύπρῳ
3319 1033 3460 1104 λόγῳ
3499 1054 3579 1088 τι-

1997 1114 2349 1184 μωρούμενον
2389 1114 2479 1167 τὸν
2515 1116 2785 1184 ἐπάρατον
2818 1117 3022 1167 ἐκεῖνον
3060 1116 3297 1186 Ἐλὺμαν
3333 1117 3421 1170 τὸν
3471 1119 3576 1188 μάο

1993 1215 2120 1265 γον,
2172 1198 2263 1250 τὸν
2310 1199 2450 1251 κατὰ
2501 1199 2598 1267 τῆς
2652 1198 2906 1267 ἀληθείας
2973 1201 3429 1269 στρατευόμενον,
3483 1202 3577 1254 καὶ

1994 1280 2178 1351 ἐπειδὴ
2213 1281 2402 1352 ἔμελλε
2438 1285 2670 1352 πρᾶγμα
2702 1282 3006 1350 διηγεῖσθαι
3053 1281 3220 1345 ξένον,
3250 1284 3349 1352 ὅρα
3378 1284 3577 1350 ὀφθαλα

1999 1365 2131 1434 μους
2165 1366 2307 1434 λόγῳ
2339 1364 2754 1436 σϐεννυμένους·
2795 1365 2950 1418 Ἰδοὺ
2980 1366 3105 1436 γὰρ,
3135 1368 3286 1436 φησὶ,
3317 1367 3443 1436 χεὶρ
3469 1371 3577 1421 Κυ-

1986 1450 2125 1517 ρίου
2177 1450 2274 1503 ἐπὶ
2329 1449 2423 1510 σὲ,
2461 1450 2554 1501 καί
2597 1450 2708 1516 ἔσῃ
2762 1450 3007 1517 τυφλὸς,
3055 1449 3140 1518 μὴ
3185 1451 3436 1514 βλέπων
3474 1453 3578 1504 τὸν

1997 1533 2195 1600 ἣλιον.
2242 1533 2412 1584 Τοῦτο
2445 1533 2500 1585 δὲ
2549 1533 2878 1604 ὑπερέϐαινε
2916 1534 3013 1602 τὴν
3056 1532 3267 1585 Παύλου
3303 1535 3394 1587 καὶ
3444 1535 3577 1588 πάν-

1994 1631 2100 1666 των
2137 1613 2437 1684 ἀνθρώπων
2481 1615 2660 1682 φύσιν,
2713 1615 2853 1682 λέγω
2891 1614 2952 1683 δὴ
2984 1614 3043 1666 τὸ
3077 1617 3338 1683 ἀφανίσαι
3379 1617 3577 1685 ὀφθαλ-

1999 1698 2133 1766 μοὺς
2160 1697 2304 1766 λόγῳ
2333 1696 2641 1768 ἀνθρώπου.
2668 1698 2837 1764 Λόγος
2872 1693 2963 1749 οὖν
2995 1697 3280 1767 ἀνθρώπου
3316 1699 3374 1750 οὑ
3413 1715 3578 1768 μετα-

1995 1779 2178 1832 ϐάλλει
2222 1781 2402 1849 φύσιν,
2439 1781 2559 1834 οὔτε
2604 1781 2792 1849 τυφλοῖ
2819 1779 2914 1850 τὴν
2942 1780 3081 1848 ὄψιν.
3113 1781 3226 1832 Ἵνα
3255 1777 3346 1834 οῦν
3390 1782 3461 1850 μή
3495 1799 3577 1845 τις

1992 1863 2300 1933 ἀποϐλέψας
2333 1867 2408 1928 είς
2442 1865 2510 1918 τὰ
2554 1864 2868 1935 ἀνθρώπινα
2912 1865 3151 1935 ῥήματα,
3195 1864 3406 1934 ξενισθῇ
3450 1866 3577 1936 περὶ

1990 1947 2058 1999 τὰ
2110 1950 2429 2019 πράγματα,
2475 1949 2568 2002 καὶ
2619 1949 2843 2019 νομίσας
2891 1949 3308 2016 πεπλανημένον
3341 1943 3575 2002 εἶναιτὸ

1994 2032 2166 2103 ῥῆμα,
2201 2033 2488 2101 προτάττει
2524 2033 2686 2086 πάλιν
2717 2035 2749 2103 ἡ
2783 2033 2970 2104 Γραφὴ
3005 2031 3098 2085 τοῦ
3131 2032 3447 2101 Πνεύματος
3478 2032 3575 2102 τὴν

1993 2115 2296 2168 αὑθεντίαν.
2337 2116 2472 2168 Τότε
2519 2115 2602 2185 δὴ,
2646 2117 2831 2185 φησιν,
2879 2119 2910 2169 ὀ
2945 2116 3186 2180 Παῦλος
3233 2117 3577 2181 Πνεύματος

1993 2197 2164 2265 ἁγίου
2201 2199 2496 2264 πλησθεὶς
2523 2195 2653 2253 εἶπε
2692 2199 2842 2267 πρὸς
2873 2200 3078 2253 αὐτόν.
3108 2199 3290 2268 Ἔχεις
3331 2197 3423 2250 καὶ
3461 2197 3577 2250 ἐτέ-

1996 2298 2095 2350 ραν
2125 2282 2398 2346 ἀπόδειξιν
2433 2283 2772 2352 Πνεῦματος·
2804 2282 2899 2336 ἐὰν
2932 2282 3070 2351 ὑπὲρ
3098 2281 3325 2351 δύναμιν
3363 2280 3576 2351 ἰδιώτης

1993 2369 2201 2442 λαλήσῃ
2226 2386 2237 2397 ’
2270 2369 2404 2423 ἀλλά
2432 2370 2590 2423 πάλιν
2618 2371 2650 2440 ή
2678 2369 2869 2440 Γραφὴ
2899 2369 2976 2439 τῷ
3006 2368 3284 2439 Πνεῦματι
3312 2367 3410 2437 τὴν
3435 2367 3576 2438 ἐνέρ·

1993 2472 2145 2523 γειαν
2177 2455 2489 2522 ἐπιγράφει.
2535 2448 2676 2517 Οἷον,
2707 2454 3010 2523 δημηγορεῖ
3039 2452 3239 2520 Πέτρος
3269 2451 3359 2504 καὶ
3394 2452 3574 2504 Ἰωάν-

1993 2554 2090 2606 νης
2129 2538 2185 2588 ἐν
2219 2535 2296 2606 τῷ
2340 2535 2532 2606 πλήθει
2568 2535 2672 2588 τῶν
2707 2534 3006 2588 ’ἰουδαίωνο
3043 2535 3152 2588 Καὶ
3193 2533 3346 2589 τότε.
3387 2533 3572 2602 φησὶν,

1993 2623 2026 2674 ό
2065 2619 2286 2687 Πέτρος
2322 2618 2616 2684 πλησθεὶς
2659 2617 3002 2686 Πνεύματος
3047 2616 3217 2684 ἁγίου
3251 2613 3379 2669 εἶπε
3424 2617 3574 2683 πρὸς

1993 2702 2099 2755 τὸν
2131 2704 2320 2755 λαόν·
2365 2705 2433 2754 El
2473 2700 2709 2753 δικαιόν
2745 2702 2915 2753 ἐστιν
2955 2700 3212 2754 ἐνώπιον
3252 2700 3357 2753 τοῦ
3402 2699 3570 2763 Θεοῦ,

1991 2783 2158 2852 ὑμῶν
2189 2784 2434 2837 ἀκούειν
2466 2783 2727 2851 μᾶλλον,
2756 2784 2793 2849 ἢ
2824 2782 2930 2836 τοῦ
2971 2783 3140 2844 Θεοῦ,
3178 2782 3433 2850 κρίνατε.
3477 2783 3574 2833 Δια

1990 2867 2042 2919 τί
2063 2863 2178 2927 οῦν,
2198 2866 2499 2931 Πλησθείς
2522 2867 2862 2933 Πνεύματος
2891 2867 3091 2934 ἁγίου;
3119 2865 3332 2935 Ἐπειδὴ
3360 2865 3575 2933 ἰδιώτην

1993 2949 2346 3013 ὑπερέϐαινεν
2391 2950 2424 3017 ἡ
2461 2948 2771 3018 παρρησία,
2803 2949 2888 2999 ἵνα
2929 2949 3000 3017 μή
3047 2965 3129 3010 τις
3161 2951 3239 3010 είς
3286 2949 3376 3000 τὸν
3421 2947 3571 2999 ἁλιέα

1993 3030 2338 3099 ἀποϐλέψας,
2391 3030 2665 3101 ἀπιστήσῃ
2716 3032 2781 3098 τῇ
2821 3030 3102 3099 παρρησίᾳ
3150 3029 3240 3081 τοῦ
3293 3029 3447 3095 λόγου
3478 3029 3570 3082 τοῦ

1993 3113 2168 3180 ἁγίου,
2207 3112 2472 3184 προέταξε
2502 3113 2594 3165 τοῦ
2645 3112 2800 3179 ἁγίου
2846 3111 3160 3181 Πνεὺματος
3203 3111 3298 3182 τὴν
3357 3113 3568 3180 σοψίαν,

1993 3197 2078 3248 ἵνα
2121 3195 2194 3265 μὴ
2230 3195 2515 3266 θαυμάσῃς
2546 3196 2643 3263 τὴν
2669 3195 2951 3265 χορηγίαν.
2986 3196 3376 3264 Σκοπήσωμεν,
3411 3197 3460 3247 εί
3489 3195 3572 3248 ὁο-

1991 3282 2096 3343 κεῖ,
2123 3282 2217 3332 καὶ
2245 3280 2450 3350 ἕτερον,
2487 3280 2572 3332 ἵνα
2596 3281 2688 3332 ἐπὶ
2714 3279 2892 3331 πλεῖον
2915 3280 2947 3348 ή
2979 3277 3263 3347 βεδαίωσις
3291 3278 3571 3351 ἐπιλάμψῃ

1989 3371 2100 3430 τοῖς
2127 3369 2452 3437 εἰρημένοις.
2491 3366 2786 3433 ’Δνοίγεται
2807 3365 3033 3436 οὐρανὸς
3060 3365 3252 3432 ἁγίοις,
3283 3365 3416 3418 ἀλλά
3439 3366 3567 3419 ἄνευ

1990 3448 2302 3519 Πνεύματος
2329 3449 2421 3502 τοῦ
2459 3449 2615 3517 ἁγίου
2647 3448 2745 3501 οὑκ
2779 3447 3084 3516 ἀνοίγεταιο
3117 3448 3176 3500 οὑ
3223 3447 3329 3518 γὰρ
3371 3448 3570 3511 ὀφθαλ-

1993 3535 2112 3603 μοῖς
2161 3533 2360 3603 σαρκὸς
2406 3533 2596 3602 ὁρᾶται
2646 3530 2870 3602 οὐρανὸς
2904 3529 3274 3600 ἀνοιγόμενος,
3321 3529 3438 3584 ἀλλ’
3464 3530 3568 3582 ὑπὸ

1987 3617 2087 3687 τῆς
2129 3617 2220 3669 τοῦ
2262 3616 2415 3684 ἁγίου
2462 3615 2775 3686 Πνεῦματος
2807 3614 3105 3686 ἐνεργείας.
3152 3609 3270 3667 Εἷδε
3300 3614 3567 3683 Στέφανος

1986 3703 2111 3764 τοὺς
2144 3701 2406 3770 οὑρανοὺς
2437 3700 2833 3770 ἀνεῳγμένους,
2879 3699 3014 3762 ἀλλ’,
3049 3698 3124 3761 ὡς
3153 3699 3186 3769 ἡ
3223 3698 3410 3767 Γραφή
3458 3715 3564 3767 φη-

1990 3801 2092 3849 σιν,
2137 3785 2395 3854 ὑπάρχων
2433 3784 2645 3853 πλήρης
2680 3782 2994 3851 Πνεύματος
3036 3781 3216 3849 ἁγίου,
3257 3777 3414 3834 εἶδεν.
3457 3783 3564 3834 (1&-

1986 3866 2156 3936 δαμοῦ
2184 3867 2383 3926 τοίνυν,
2409 3867 2646 3935 ἀδελφοὶ.
2674 3866 2899 3936 οὐρανὸν
2928 3865 3073 3917 ἐστιν
3102 3866 3229 3918 ίδεῖν
3250 3865 3377 3919 ἀνευ
3405 3865 3565 3917 Πνεύι

1991 3967 2158 4018 ματος
2204 3949 2569 4018 ἀνοιγόμενον,
2613 3946 2734 4000 οὔτε
2769 3947 3051 4000 αὑθεντίαν
3086 3947 3428 4009 διδασκαλίας
3479 3951 3564 3999 ἐν-

1986 4033 2272 4097 δύσασθαι,
2293 4033 2354 4085 οὑ
2387 4032 2614 4102 δύναμιν
2646 4029 2937 4098 θαυμάτων
2961 4027 3290 4093 ἐνδείξασθαι
3318 4031 3442 4084 ἄνευ
3471 4030 3562 4083 τοῦ

1990 4117 2145 4184 ἁγίου
2208 4116 2303 4169 καὶ
2365 4112 2741 4186 προσκυνητοῦ
2801 4113 3136 4181 Πνεύματος.
3197 4112 3397 4167 Πάντα
3455 4114 3564 4182 γὰρ

1988 4199 2211 4268 ἐνεργεῖ
2248 4198 2316 4251 ἓν
2360 4198 2455 4250 καὶ
2512 4197 2579 4249 τὸ
2625 4195 2769 4250 αὑτύ
2815 4195 3089 4264 Πνεῦμα,
3134 4194 3402 4263 διαιροῦν
3445 4196 3558 4262 ἰδίᾳ

1989 4285 2243 4350 ἑκάστῳ,
2277 4283 2468 4350 καθὼς
2491 4283 2776 4346 ,βούλεται
2797 4298 2812 4312 θ
2856 4272 2901 4349 ᾧ
2944 4280 2978 4350 ἡ
3009 4279 3132 4348 δόξα
3163 4281 3241 4346 είς
3270 4281 3393 4345 τοὺς
3428 4281 3552 4334 αίῶ-

1990 4385 2086 4432 νας
2133 4368 2241 4421 τῶν
2269 4367 2498 4423 αἰώνων.
2540 4367 2730 4437 Ἀμήν.

3142 5793 3222 5853 32
