4076 6484
638 333 753 392 517
1870 352 1972 404 SN
2006 345 2138 407 ΜΛ.
2171 385 2192 393 —

2302 353 2612 410 .lONlTll-M.
3751 365 3853 422 518

639 524 3844 574 mw

774 767 1155 828 'MONI'I‘UM
1201 770 1280 829 lN
1328 772 1774 832 ΕΡΙΞΤΟΙιΑΜ
1821 773 2297 846 SEQUENTEM
2345 779 2456 838 AD
2505 780 2997 841 THEODORUM
3044 781 3707 852 MOPSUESTENUM,

1492 956 1682 1037 ϐψω
1724 957 1983 1034 antiqua
2019 957 2222 1016 versio
2257 958 2487 1022 Latina
2525 961 2625 1022 hic
2657 965 3008 1042 profertur.

691 1157 839 1230 [530]
869 1159 1042 1229 llujus
1070 1161 1332 1231 epistola,
1363 1179 1522 1232 quam
1553 1166 1737 1222 Graece
1767 1178 1818 1222 et
1862 1170 2050 1225 Latine
2092 1170 2340 1224 dedimus
2374 1169 2544 1224 Tomo
2591 1169 2771 1236 tertio,
2805 1186 2861 1239 p.
2892 1169 3016 1234 655,
3050 1169 3426 1239 interpretatio
3469 1180 3628 1224 vetus
3683 1170 3863 1226 Latina

621 1248 850 1303 habetur
876 1249 928 1302 in
962 1249 1327 1321 Manuscripto
1351 1255 1581 1321 quodam
1607 1255 1950 1313 Bibliotheca:
1986 1269 2183 1312 nostra:
2215 1257 2714 1329 Sangcrmanensis;
2749 1268 2803 1313 et
2830 1259 2882 1313 in
2908 1260 3148 1329 catalogo
3174 1259 3660 1330 Manusuiptornm
3694 1279 3865 1315 enun-

620 1339 886 1402 tiabatur;
924 1340 1018 1394 sed
1042 1340 1388 1411 Manuscripti
1419 1359 1679 1399 numerus
1712 1362 1996 1417 perperam
2033 1348 2242 1417 positus
2265 1363 2373 1403 non
2411 1363 2602 1417 parum
2635 1349 2832 1418 negotii
2868 1348 3175 1418 laborisque
3207 1351 3415 1412 attulit;
3476 1362 3699 1405 notatur
3724 1355 3864 1406 enim

616 1429 800 1484 Codex
823 1430 948 1494 727,
997 1431 1052 1483 in
1104 1447 1212 1500 quo
1241 1433 1404 1502 hujus
1433 1434 1672 1504 epistolae
1717 1453 1786 1492 ne
1827 1439 2116 1509 vestigium
2160 1439 2378 1508 quidem
2424 1440 2696 1504 occurrit;
2738 1440 2956 1494 demum
2993 1449 3174 1495 autem
3225 1441 3313 1494 illa
3342 1452 3464 1510 post
3492 1443 3714 1498 multam
3742 1461 3864 1513 per-

620 1521 967 1590 quisitionem
1002 1523 1055 1575 in
1087 1522 1288 1579 Codice
1317 1525 1421 1580 326
1447 1537 1660 1596 reperta
1691 1528 1810 1584 fuit.

689 1609 837 1664 Illam
868 1622 1048 1667 autem
1091 1613 1179 1669 hic
1207 1615 1368 1670 edere
1404 1617 1579 1671 visum
1609 1628 1712 1682 est,
1756 1621 1882 1690 quia
1932 1622 2072 1677 circa
2119 1623 2260 1677 illam
2304 1621 2586 1692 epistolam
2628 1622 2747 1677 duae
2780 1622 3126 1678 difﬁcultates
3150 1633 3351 1677 exorta:
3377 1623 3614 1685 fuerant,
3663 1635 3723 1677 ut
3751 1640 3864 1677 mo-

619 1700 837 1755 nuimus
868 1703 920 1756 in
945 1704 1089 1758 notis
1117 1704 1185 1759 ad
1219 1707 1487 1770 eamdem,
1547 1709 1744 1777 quibus
1769 1712 2040 1767 solvendis
2081 1713 2489 1767 difﬁcultatibus
2517 1729 2772 1784 magnum
2799 1713 2958 1767 aﬁ‘ert
2991 1722 3324 1767 momentum
3357 1714 3473 1767 haec
3513 1723 3671 1767 vetus
3703 1715 3867 1767 inter-

621 1797 854 1862 pretatio
883 1796 1095 1852 Latina.
1128 1797 1282 1854 Prior
1305 1810 1486 1856 autem
1517 1802 1807 1858 difﬁcultas
1838 1806 1965 1862 hinc
1998 1807 2172 1861 oritur
2201 1807 2345 1875 quod
2376 1807 2538 1876 hujus
2583 1807 2848 1874 epistolae,
2898 1822 3018 1875 quae
3044 1805 3180 1860 CXII
3211 1817 3546 1867 numeratur,
3591 1807 3778 1860 titulus
3812 1806 3863 1857 in

619 1888 873 1944 omnibus
903 1887 1029 1942 Mss.
1072 1900 1232 1960 atque
1281 1893 1452 1948 Editis
1491 1893 1571 1948 sic
1618 1895 1814 1951 habeat
1847 1915 1858 1951 :
1892 1898 2150 1970 Θεοδώρῳ
2207 1900 2509 1969 ὲπισκόπῳ,
2577 1899 2839 1952 Theodoro
2884 1899 3159 1966 episcopo;
3213 1897 3370 1964 cujus
3406 1906 3587 1948 autem
3634 1896 3867 1949 civitatis

619 1980 910 2051 episcopus
967 1994 1112 2038 esset
1140 2001 1250 2039 non
1308 1989 1640 2043 enuntiatur.
1675 1988 1818 2044 Pene
1859 2001 2039 2046 tamen
2072 2010 2299 2049 concors
2327 1993 2660 2047 eruditorum
2709 1991 2896 2061 opinio
2951 1999 3087 2051 erat,
3137 1990 3281 2044 hunc
3335 1987 3683 2042 Theodorum
3748 2002 3868 2039 esse

623 2070 1084 2141 Mopsuestenum.
1115 2077 1182 2131 At
1207 2077 1263 2131 in
1285 2078 1525 2135 Concilio
1550 2082 1615 2148 V,
1648 2083 1818 2139 Tomo
1844 2085 1885 2138 Υ
1917 2085 2149 2150 Labba-i,
2206 2102 2258 2154 p.
2292 2086 2413 2148 490,
2466 2094 2715 2155 negatur,
2757 2099 2880 2137 eum
2914 2083 2999 2138 cui
3046 2083 3160 2136 haec
3202 2081 3432 2134 mittitur
3469 2080 3699 2147 epistola
3750 2094 3870 2132 esse

621 2166 967 2223 Theodorum
1015 2169 1476 2241 Mopsuestenum.
1521 2175 1579 2230 ln
1635 2178 1998 2249 Manuscripto
2045 2190 2225 2234 autem
2271 2190 2458 2234 nostro
2492 2179 2681 2233 titulus
2734 2187 2816 2232 est
2867 2176 3129 2231 :Joannis
3175 2171 3748 2238 Comtaminopotitani
3801 2173 3871 2221 ad

623 2257 946 2314 Theodorum
978 2261 1399 2330 Mopsucstenum
1423 2268 1734 2336 episcopum.
1764 2271 1900 2326 llinc
1924 2273 2104 2326 videas
2128 2272 2238 2341 jam
2273 2271 2464 2341 priscis
2489 2270 2592 2323 illis
2626 2269 2958 2339 temporibus
2991 2265 3336 2320 Theodorum
3373 2265 3521 2317 illum
3553 2264 3869 2332 cpismpum

620 2367 720 2420 pro
751 2351 1128 2422 MOpsuesteno
1154 2356 1391 2411 habitum
1417 2359 1606 2422 fuisse,
1639 2362 1690 2416 id
1723 2365 1863 2432 quod
1892 2367 2053 2420 etiam
2083 2367 2436 2420 conﬁrmatur
2465 2380 2528 2418 ex
2556 2365 2907 2417 annotatione
2937 2368 3216 2430 sequente.

693 2444 940 2499 Secunda
971 2445 1256 2503 diﬁicultas
1293 2463 1356 2502 ex
1381 2449 1621 2520 epistoiaa
1645 2454 1751 2510 ﬁne
1773 2457 2030 2527 exsurgit,
2063 2458 2154 2511 ubi
2186 2476 2192 2510 ι

2302 2457 2489 2527 legitur
2519 2455 2573 2508 in
2601 2455 2759 2508 Edito
2799 2462 2985 2507 nostro
3024 2471 3035 2506 :
3085 2452 3143 2504 οὐ
3174 2449 3282 2520 γὰρ
3315 2449 3412 2517 τὴν
3445 2447 3737 2516 τυχοῦσαν,
3774 2447 3870 2497 καὶ

617 2535 678 2587 ὲν
715 2537 918 2606 ἐρημίᾳ
966 2538 1296 2608 καθήμενοι,
1345 2543 1701 2614 καρπούμεοα
1757 2547 1854 2617 τὴν
1907 2549 2274 2618 παράκλησιν,
2328 2551 2455 2602 ὅταν
2508 2545 2762 2599 τοσοῦτον
2820 2546 2878 2596 ὲν
2925 2543 3122 2613 καρδίᾳ
3169 2541 3442 2610 Θησαυρὸν
3486 2541 3581 2590 καὶ
3641 2537 3873 2590 πλοῦτον

618 2631 981 2701 ἀποκείμενον
1011 2631 1222 2702 ἔχωμεν
1245 2635 1344 2704 τῆς
1366 2637 1730 2709 ἐγρηγορυίας
1753 2643 1846 2694 καὶ
1874 2644 2126 2710 γενναίας
2163 2660 2192 2694 σ

2302 2642 2456 2711 ψυχῆς
2485 2641 2582 2710 τὴν
2613 2640 2834 2708 ἀγάπην
2870 2657 2882 2690 :
2917 2638 2955 2691 i.
2987 2654 3036 2691 e.
3067 2636 3244 2706 Neque
3285 2637 3442 2695 enim,
3495 2636 3549 2686 in
3600 2636 3698 2685 hac
3756 2633 3875 2684 licet

623 2720 901 2777 solitudine
920 2724 1098 2790 positi,
1121 2724 1390 2793 vulgarem
1417 2730 1824 2798 consolationem
1847 2734 2102 2800 capimus,
2129 2748 2245 2784 cum
2283 2742 2490 2784 tantum
2525 2731 2579 2782 in
2608 2730 2759 2782 corde
2786 2729 3087 2781 thesaurum
3115 2735 3390 2793 tantasque
3420 2739 3540 2790 opes
3571 2723 3872 2774 reconditas

619 2814 888 2878 habemus,
931 2813 1024 2866 hoc
1059 2823 1155 2876 est,
1190 2816 1458 2883 vigilantis
1491 2836 1554 2872 ac
1589 2823 1822 2890 generosi
1866 2824 2032 2874 animi
2080 2825 2156 2875 tui
2187 2823 2486 2874 caritatem.

690 2899 846 2954 llunc
897 2916 1058 2969 porro
1088 2901 1263 2955 locum
1296 2904 1364 2958 ad
1391 2903 1682 2962 Frontonis
1724 2909 1904 2963 Ducazi
1951 2921 2006 2964 et
2053 2910 2233 2964 Savilii
2269 2909 2575 2963 Editionum
2630 2907 2790 2962 ﬁdem
2838 2905 3123 2960 edidimus.
3160 2903 3235 2956 Ex
3271 2913 3502 2972 quatuor
3533 2912 3715 2955 autem
3766 2901 3878 2952 Ma-

622 2992 935 3061 nuscriptis,
967 2991 1122 3060 queis
1151 2994 1232 3047 usi
1259 3007 1467 3063 samus,
1505 3000 1717 3053 duobus
1745 3015 1940 3069 nempe
1972 3001 2265 3062 Vaticanis,
2302 3017 2410 3054 uno
2441 3001 2608 3070 Regio
2637 3011 2692 3054 et
2723 3015 2832 3053 uno
2861 2997 3213 3057 Coisliniano,
3258 2995 3454 3063 Regius
3481 3003 3533 3046 et
3581 2992 3880 3046 Vaticanus

621 3105 764 3143 unus
799 3089 1019 3147 habent,
1051 3085 1108 3136 ὲν
1152 3089 1347 3159 καρδίᾳ
1394 3089 1686 3161 θησαυρόν,
1722 3100 1780 3146 ut
1808 3108 1997 3161 supra;
2031 3093 2120 3146 alii
2151 3107 2192 3145 a1

2302 3108 2331 3144 n
2359 3091 2486 3155 duo,
2521 3093 2578 3141 ὲν
2617 3090 2838 3158 Κιλικίᾳ
2884 3087 3175 3157 Θησαυρόν.
3213 3085 3382 3149 Quam
3412 3085 3701 3137 lectionem
3739 3100 3879 3137 con-

622 3180 802 3234 ﬁrmat
857 3178 1031 3233 Codex
1088 3188 1273 3233 noster
1317 3180 1795 3250 Sangermanensis
1845 3184 1901 3237 in
1935 3198 2042 3253 quo
2090 3183 2302 3252 legitur,
2355 3182 2512 3234 talem
2555 3183 2609 3233 in
2664 3180 2848 3234 Cicilia
2892 3180 3214 3231 thesaurum.
3274 3174 3409 3228 Huic
3463 3175 3684 3229 lectioni
3734 3176 3880 3232 favet

625 3273 787 3328 etiam
834 3268 1119 3323 Facundus
1164 3269 1569 3327 Hcrmianensis
1613 3274 1706 3328 lib.
1751 3275 1802 3338 7,
1843 3291 1961 3345 cap.
2002 3275 2053 3338 7,
2109 3291 2161 3343 p.
2214 3274 2351 3339 653,
2411 3273 2553 3328 Edit.
2606 3271 2899 3334 Sirmondi,
2939 3270 3067 3332 fol.;
3096 3268 3186 3337 qui
3244 3267 3529 3320 Facundos
3558 3283 3775 3336 quoque
3820 3272 3882 3321 ὲν

626 3357 846 3431 Κιλικῖᾳ
876 3360 1093 3429 legerat.
1133 3359 1313 3429 Itaque
1363 3364 1502 3418 hanc
1535 3361 1820 3419 lectionem
1870 3366 1926 3418 ὲν
1980 3363 2192 3434 Κιλικίᾳ

2302 3379 2417 3417 uam
2449 3363 2649 3416 ibidem
2686 3361 2740 3414 in
2778 3371 2904 3414 nota
2940 3375 3247 3429 germanam
3286 3373 3405 3410 esse
3439 3358 3878 3424 suspicabamur,

618 3450 730 3520 jam
762 3467 943 3505 veram
971 3469 1090 3507 esse
1120 3454 1552 3523 pronuntiamus,
1591 3456 1776 3522 sicque
1799 3469 2021 3522 prorsus
2046 3455 2330 3524 legendum
2360 3469 2480 3508 esse
2511 3467 2817 3507 censemus.
2848 3452 2902 3503 Si
2932 3466 3092 3519 porro
3117 3449 3434 3502 Theodorus
3467 3448 3556 3499 hic
3601 3448 3653 3499 in
3687 3446 3881 3500 Cilicia

624 3543 912 3612 episcopus
947 3545 1127 3610 fuerit,
1171 3547 1314 3599 haud
1368 3546 1529 3600 dubie
1564 3545 1975 3613 MOpsuestenus
2006 3547 2125 3610 erit,
2165 3547 2307 3615 quod
2355 3548 2519 3599 etiam
2556 3547 2608 3598 in
2642 3544 2797 3596 titulo
2827 3543 3001 3595 fertur
3051 3541 3104 3594 in
3151 3539 3514 3606 Manusrripto
3556 3538 3882 3607 Sangi-rma-

625 3639 803 3704 nensi,
839 3640 909 3692 ad
951 3639 1266 3694 Theodorum
1307 3641 1716 3709 Mopsuestenum
1748 3643 2065 3709 episcopum,
2117 3657 2237 3696 cum
2277 3640 2510 3708 alioquin
2544 3639 2750 3692 nullum
2774 3637 2937 3690 alium
2968 3638 3021 3689 in
3051 3635 3238 3689 Cilicia
3283 3635 3596 3702 episcopum
3639 3633 3880 3701 (11η)δο-

625 3735 785 3789 stomi
831 3736 1065 3789 amicum
1097 3737 1261 3790 fuisse
1288 3737 1538 3800 sciamus,
1572 3744 1929 3804 prazterquam
1964 3735 2310 3788 Theodorum
2347 3734 2806 3803 Mopsuestenum.

697 3829 824 3880 llaec
876 3827 1055 3896 itaque
1108 3829 1269 3882 lectio
1319 3844 1416 3898 pro
1445 3837 1650 3882 asserta
1673 3829 1784 3898 jam
1811 3837 1864 3882 et
1893 3828 2192 3882 indubitata
2226 3827 2410 3881 haberi
2441 3828 2620 3881 debet.
2664 3826 2847 3895 Neque
2883 3835 3061 3877 tamen
3113 3820 3469 3876 omittendum
3505 3829 3613 3874 est.
3645 3818 3696 3871 id
3733 3819 3881 3886 quod

624 3918 878 3974 observat
911 3916 1311 3980 Tillemontius,
1345 3915 1555 3971 etiamsi
1587 3918 1644 3968 ὲν
1677 3915 1873 3986 καρδίᾳ
1918 3916 2205 3985 legeretur,
2245 3915 2389 3969 hunc
2431 3926 2611 3969 tamen
2655 3915 3000 3968 Theodorum
3028 3927 3147 3966 esse
3179 3911 3620 3979 Mopsuestenum
3652 3911 3885 3961 omnino

623 4020 876 4078 Oportere
907 4027 919 4062 :
949 4025 1073 4062 nam
1128 4009 1262 4063 duos
1291 4008 1463 4061 solum
1495 4005 1808 4059 'l‘heodoros
1850 4006 2118 4067 novimus,
2163 4003 2229 4056 ad
2257 4018 2394 4071 quos
2438 4004 2552 4056 hzec
2578 4002 2801 4071 epistola
2852 4001 3015 4053 missa
3051 3999 3217 4052 fuisse
3253 3997 3510 4066 potuerit,
3540 3995 3882 4062 Mopsuestc-

625 4115 756 4152 num
787 4114 983 4168 nempe
1013 4099 1066 4151 in
1095 4098 1300 4159 Cilicia,
1333 4107 1388 4149 et
1422 4096 1697 4165 'l‘yaneum
1729 4095 1785 4146 in
1813 4092 2169 4162 Cappadocia.
2195 4091 2412 4160 Tyaneo
2442 4101 2620 4144 autem
2652 4091 2798 4144 nulla
2833 4089 2999 4143 fuisse
3026 4086 3422 4142 consuetudine
3456 4085 3675 4152 junctus
3723 4085 3885 4138 vidc-

629 4201 716 4244 tut'
745 4189 1192 4260 Cbrysostomus;
1224 4185 1495 4240 Theodori
1525 4194 1704 4236 autem
1736 4181 2096 4250 Mopsuesteni
2125 4197 2153 4233 a
2181 4195 2350 4250 puero
2379 4182 2584 4235 amicus
2611 4181 2809 4234 fuerat.

3274 4428 3636 4437 _..---.--.-._.__.
3652 4431 3666 4436 υ

1739 4435 2068 4445 ——_——————

881 4440 1129 4452 ’,ή-

1137 4440 1500 4451 ____—————

652 4442 874 4457 ————

870 4549 950 4602 lt'x
970 4547 1138 4599 codice
1165 4545 1216 4598 Μ
1227 4547 1263 4600 S
1273 4584 1285 4597 .
1312 4561 1450 4599 num.
1484 4544 1588 4600 526
1615 4544 1935 4599 Bibliotheca:
1961 4547 2118 4598 sancti
2152 4544 2438 4598 Germania
2467 4544 2769 4613 I’ratisrqui
2797 4561 2928 4599 nono
2956 4545 3139 4598 seculo
3159 4544 3435 4613 descriptus
3462 4548 3576 4613 fuit.

1053 4681 1237 4747 lncipit
1264 4679 1518 4734 Johannis
1542 4679 2108 4748 Constantinopolitani
2139 4679 2203 4732 ad
2229 4678 2564 4734 Theodorum
2597 4678 3019 4749 Mopsuestenum
3045 4678 3389 4749 EpiscOpum.

699 4818 753 4874 Si
780 4823 920 4871 esset
948 4813 1155 4883 quidem
1179 4811 1357 4865 venire
1384 4809 1651 4879 possibile,
1681 4819 1924 4878 tuamque
1951 4824 2200 4863 reveren-

629 4912 753 4966 tiam
783 4908 1158 4973 caritatemque
1187 4901 1486 4970 complecti,
1521 4901 1569 4952 in
1599 4901 1705 4968 ipsa
1732 4898 2006 4967 jucundari
2028 4939 2043 4960 ,
2074 4913 2194 4951 cum

629 5004 790 5057 multa
836 5000 936 5052 hoc
982 4995 1257 5049 velocitate
1293 5003 1345 5046 et
1387 4992 1560 5045 studio
1588 4993 1914 5045 faceremus:
1949 4991 2193 5058 quoniam

629 5102 805 5145 autem
839 5089 936 5142 hoc
962 5087 1111 5140 nobis
1137 5100 1240 5137 non
1269 5083 1493 5152 adjacet,
1526 5098 1664 5135 nunc
1692 5083 1856 5135 literis
1881 5082 1979 5134 hoc
2010 5081 2194 5148 imple-

628 5196 765 5236 mus.
793 5180 845 5233 Si
890 5178 1028 5231 enim
1075 5176 1138 5227 ad
1188 5175 1333 5242 ipsos
1379 5173 1509 5227 ﬂues
1553 5172 1732 5225 mundi
1773 5171 2060 5230 ducanmr,
2094 5183 2195 5223 tua:

626 5269 924 5327 dilectionis
952 5265 1302 5334 integritatem
1328 5273 1380 5316 et
1406 5263 1684 5324 fervorem,
1714 5271 1768 5316 et
1794 5264 1908 5315 sine
1935 5262 2057 5314 dolo
2087 5262 2193 5313 sin-

625 5364 898 5417 ceritatem
926 5355 1161 5410 oblivisci
1192 5368 1297 5406 non
1327 5367 1620 5420 possumus,
1648 5367 1763 5419 qua:
1791 5359 1870 5404 est
1897 5351 2107 5416 antiqua
2139 5357 2193 5402 et

625 5469 654 5504 a
695 5449 949 5520 principio
974 5488 987 5507 ,
1014 5459 1276 5513 quamque
1309 5456 1446 5493 nunc
1477 5441 1798 5492 monstrasti.
1828 5439 2007 5507 Neque
2049 5440 2188 5490 enim

627 5556 720 5594 nos
749 5537 898 5593 latuit
925 5544 1118 5604 quanta
1153 5549 1246 5600 pro
1274 5532 1423 5583 nobis
1449 5541 1504 5581 et
1541 5530 1713 5581 dicere
1751 5540 1802 5581 et
1843 5531 2011 5581 facere
2042 5527 2190 5580 festi-

627 5632 781 5695 nasﬁ,
805 5643 954 5684 meus
979 5626 1091 5693 (sic)
1116 5623 1512 5677 honoratissimc
1535 5631 1690 5688 atque
1715 5622 2063 5674 sanctissime.
2088 5619 2190 5675 Sed

2304 4811 2400 4863 etsi
2427 4809 2556 4864 nihil
2582 4811 2806 4880 amplius
2832 4811 3022 4864 factum
3051 4820 3131 4864 est
3151 4849 3164 4872 ,
3197 4810 3360 4863 Deum
3389 4819 3563 4864 tamen
3598 4811 3757 4865 habes
3782 4830 3880 4881 pro

2306 4906 2394 4952 tuo
2420 4900 2591 4954 studio
2615 4910 2668 4955 et
2693 4902 2962 4954 alacritate
2988 4900 3279 4954 debitorem
3302 4943 3315 4965 ,
3343 4902 3700 4972 integramque
3731 4920 3881 4956 mer—

2303 4990 2506 5044 cedem.
2533 4991 2635 5042 Nos
2663 5001 2833 5043 autem
2863 5005 2965 5043 non
2996 4990 3333 5058 quiescimus,
3366 4992 3593 5046 scientes
3626 5003 3725 5044 tua:
3756 5008 3865 5060 gra-

2304 5083 2430 5134 tiam
2470 5082 2760 5133 sanctitatis
2780 5120 2794 5144 ,
2822 5090 2874 5133 et
2903 5091 3044 5132 tuam
3086 5083 3432 5135 reverentiam
3463 5085 3706 5136 omnibus
3740 5099 3877 5151 pra:-

2302 5171 2570 5232 dicantes,
2601 5181 2756 5238 atque
2798 5179 3075 5238 poscentes
3116 5172 3356 5225 eamdem
3401 5173 3740 5227 dileCtionem
3770 5175 3871 5228 ﬁn-

2302 5271 2502 5314 t'entetn
2535 5276 2626 5328 per
2652 5261 2825 5313 omnia
2871 5262 3194 5315 conservari.
3224 5261 3336 5315 Non
3381 5265 3523 5316 enim
3566 5265 3614 5315 in
3661 5264 3881 5318 deserto

2300 5352 2547 5404 sedentes
2601 5349 2826 5402 fortuita:
2877 5352 3272 5405 intercessionis
3325 5354 3525 5406 fructus
3577 5352 3878 5417 habemus,

2299 5440 2507 5506 quando
2527 5440 2679 5492 talem
2700 5440 2749 5491 in
2766 5440 2943 5492 Cilicia
2964 5441 3263 5494 thesaurum
3284 5451 3334 5494 ct
3356 5442 3653 5494 reconditas
3669 5443 3883 5499 divitias

2303 5530 2658 5596 possidemus:
2681 5531 2790 5583 lucc
2807 5539 2886 5584 est
2908 5533 3042 5585 enim
3069 5530 3220 5585 fortis
3243 5540 3294 5582 et
3318 5531 3536 5598 vigilans
3561 5534 3755 5585 unione
3778 5546 3882 5589 lane

2298 5622 2528 5674 dilectio.
2568 5620 2810 5688 Explicit.
