4076 6524
279 449 399 502 517
1524 446 1793 502 SPURIA.
1827 477 1889 485 —

1932 440 2270 500 MONITUM.
3428 448 3542 507 518

912 711 3497 750 W

1538 1156 2250 1286 SPURIA.

1801 1481 2001 1495 _——-_
2014 1488 2017 1493 .

1693 1788 2069 1853 MONITUM

1202 1993 1281 2055 IN
1341 1994 1545 2055 DUAS
1610 1994 2002 2059 IIOMILIAS
2062 1994 2541 2069 SEQUENTES.

322 2227 478 2301 [5'52]
507 2228 679 2283 Hasce
714 2227 961 2283 liomilias
993 2227 1236 2299 ejusdem
1272 2229 1509 2283 auctoris
1554 2244 1676 2285 esse
1702 2244 1810 2285 non
1850 2239 1935 2285 est
1967 2230 2110 2301 quod
2136 2229 2467 2296 dubitemus,
2501 2229 2572 2285 ita
2596 2229 2731 2300 style
2763 2237 2817 2285 et
2849 2226 3084 2284 dictione
3111 2225 3315 2283 similes
3341 2234 3469 2283 sunt
3499 2240 3515 2279 :

258 2352 314 2398 et
353 2343 593 2413 alioquin
626 2342 679 2395 in
715 2342 952 2396 secunda
982 2350 1356 2411 argumentum
1407 2344 1595 2414 prima:
1647 2345 1714 2398 ab
1763 2344 1916 2399 initio
1949 2344 2311 2414 prosequitur.
2367 2342 2485 2397 Non
2528 2357 2645 2397 esse
2681 2351 2861 2396 autem
2905 2337 3296 2410 Chrysostomi,
3342 2338 3519 2408 quivis

255 2472 527 2517 emunctae
584 2462 729 2515 naris
784 2464 964 2516 statim
1018 2464 1296 2532 percipiat.
1349 2462 1453 2517 Sed
1495 2462 1750 2517 libentius
1780 2464 1994 2518 credam
2030 2478 2148 2517 esse
2195 2462 2495 2532 cujuspiam
2538 2476 2602 2515 ex
2644 2458 2973 2530 presbyteris
3002 2455 3380 2520 Antiochenis,
3423 2451 3515 2525 qui

253 2576 628 2647 Cbrysostomi
662 2589 904 2649 tempore
934 2579 1155 2634 alternis
1181 2580 1391 2635 vicibus
1421 2596 1601 2635 coram
1634 2581 1887 2636 Flaviano
1926 2582 2179 2652 episcopo
2206 2579 2509 2636 Antiochiae
2554 2578 3033 2635 concionabantur.
3072 2574 3209 2633 Hinc
3239 2585 3324 2631 est
3372 2573 3515 2645 quod

256 2699 312 2751 in
339 2697 500 2753 ﬁnem
530 2700 715 2768 prima!
746 2696 1110 2766 1ιοηιὶ1ἰω,τοῦ
1144 2701 1322 2755 κοινοῦ
1356 2703 1579 2772 πατρός,
1614 2707 1866 2756 communi

1951 2704 2141 2772 patris,
2181 2704 2386 2758 mentio
2415 2702 2667 2767 habetur,
2707 2713 2961 2773 tanquam
3009 2698 3312 2772 praesentis.
3362 2696 3518 2765 Quod

256 2816 399 2871 forte
425 2819 683 2888 judicium
715 2822 999 2876 ferendum
1029 2831 1110 2876 est
1155 2822 1220 2878 de
1256 2823 1374 2877 aliis
1402 2823 1649 2894 plurimis
1677 2824 2010 2879 orationibus
2064 2824 2117 2877 in
2144 2823 2296 2893 queis
2324 2822 2413 2878 ille
2455 2821 2759 2877 communis
2796 2829 2951 2891 pater
2989 2831 3228 2890 praesens
3272 2829 3516 2871 comme—

259 2938 525 2985 moratur.
571 2931 721 2986 Hanc
772 2941 975 2998 autem,
1011 2942 1067 2987 ut
1118 2942 1173 2987 et
1224 2933 1697 2989 innumeras-alias
1728 2933 2114 3004 Chrysrstomo
2163 2934 2465 3005 adscriptas
2492 2934 2813 3004 reperimus,
2850 2933 2963 2987 sive
3013 2930 3247 2987 librariis
3275 2938 3517 3000 quaestus

257 3054 424 3094 causa
454 3042 574 3097 illas
602 3052 709 3099 tam
737 3046 932 3101 celebri
964 3048 1184 3102 nomine
1213 3048 1646 3120 insignientibus,
1685 3049 1735 3106 id
1788 3050 1931 3121 quod
1958 3049 2255 3121 saepissime
2298 3051 2513 3117 accidit,
2542 3051 2656 3105 sive
2696 3049 2819 3104 aliis
2849 3046 3202 3118 scriptoribus
3226 3045 3515 3101 temerario

256 3166 395 3207 ausu
418 3154 585 3211 foetus
616 3172 742 3213 suos
766 3167 914 3217 tanto
948 3161 1152 3217 doctori
1183 3161 1639 3228 adscribentibus,
1665 3170 1723 3218 ut
1765 3163 2082 3221 melioribus
2122 3131 2380 3234 auspiciis
2411 3163 2463 3220 in
2496 3162 2771 3234 publicum
2803 3160 3099 3232 prodirent.
3134 3159 3515 3231 lnterpretatio

255 3270 545 3341 utriusque
576 3273 845 3331 sermonis
874 3282 957 3331 est
991 3274 1277 3334 Frontonis
1306 3278 1506 3335 Ducaei.
