4076 6490
606 399 721 454 519

2081 370 2348 429 ΞΡΕΒΙΛ.

3783 387 3891 442 520

639 497 3428 525 ρ-μ--α-ᾢη--α-Α--ῂ-*ῄ--η

594 622 814 668 sentio
862 623 923 666 IN
975 623 1184 673 ll.l.-UD,
1237 621 1407 663 non
1453 621 1611 664 onus
1654 622 1896 664 cunam
1942 623 2084 674 om;
2128 623 2439 678 manu”,
2497 627 2576 668 ET
2620 627 2776 670 eccs
2826 629 3028 672 varos
3073 630 3232 673 BONA
3281 613 3459 692 (Gen.
3525 616 3583 675 1.
3633 614 3772 700 31);
3819 633 3888 675 ετ

994 729 1072 769 DE
1121 729 1221 781 ΒΟ,
1267 727 1436 779 QUOD
1484 727 1699 768 DIVINA
1750 725 2019 777 ELOQUIA
2063 727 2365 770 JUCUNDIS
2409 728 2766 782 QUIBUSQUE
2804 732 3004 776 REBUS
3048 734 3527 777 ANTECELLUNT.

2061 839 2375 897 ὅθί-Θ

669 957 720 1010 1.
749 953 972 1008 Pulchra
1001 967 1128 1006 sane
1159 960 1280 1005 sunt
1309 951 1516 1018 pietatis
1545 959 1690 1018 prata
1718 989 1732 1015 ,
1763 965 1881 1016 qua:
1909 963 2013 1003 non
2040 962 2178 1002 tem-

594 1027 820 1098 porariis
868 1023 1134 1098 colnribus
1190 1023 1417 1098 nitent,_
1453 1019 1545 1098 sed
1600 1019 1900 1098 celestibus
1943 1019 2182 1098 ﬂoribus

596 1089 910 1151 redundant.
945 1094 1126 1147 Flores
1154 1106 1330 1146 autem
1371 1090 1576 1158 pietatis
1606 1099 1727 1143 sunt
1748 1131 1762 1153 ,
1793 1089 2046 1143 divinitus
2096 1089 2178 1142 in-

595 1168 807 1236 spirata:
847 1164 1275 1236 conversationis
1297 1164 1517 1236 fructus.
1546 1159 1795 1236 Virtutes
1819 1161 1959 1236 enim
1987 1159 2051 1212 ad
2082 1159 2184 1212 ad-

595 1230 893 1293 mirabilem
936 1235 1078 1288 illam
1121 1245 1172 1288 et
1201 1232 1565 1302 primigeniam
1594 1230 2040 1302 pulchritudinem
2086 1244 2182 1302 nos

593 1309 891 1370 reducunt,
932 1319 1048 1374 qua:
1092 1306 1156 1357 ad
1204 1299 1489 1374 imaginem
1538 1299 1609 1354 et’
1637 1301 2033 1374 similitudinem
2089 1299 2179 1374 Dei

593 1390 771 1432 creata
794 1387 925 1431 erat.
952 1370 1072 1428 Haec
1096 1375 1270 1441 itaque
1293 1370 1581 1426 secundum
1600 1371 1846 1423 virtutem
1869 1370 2177 1441 similitudo,

593 1464 788 1516 equum
828 1462 925 1516 pro
968 1440 1468 1516 liomine'dieinou
1517 1441 1660 1516 sinit.
1707 1441 1853 1494 llauc
1901 1441 2083 1516 utique
2131 1440 2176 1494 si

593 1511 876 1580 sectemur,
895 1532 997 1570 non
1015 1516 1123 1584 jam
1140 1515 1310 1582 lupus,
1326 1513 1487 1566 draco
1501 1511 1582 1584 vel
1599 1525 1830 1584 serpens
1831 1526 1858 1563 a
1867 1511 2178 1584 ppellamur,

593 1590 659 1643 ad
692 1590 961 1642 brutorum
990 1581 1228 1638 naturam
1249 1584 1462 1652 dejecti,
1487 1582 1579 1636 sed
1604 1583 1774 1647 imago
1802 1581 1892 1634 Dei
1920 1581 2179 1652 stupenda

593 1668 752 1728 atque
781 1656 1078 1711 veneranda
1106 1670 1268 1728 ,_qu:e
1297 1649 1660 1723 primigeniam
1707 1651 1852 1728 illam
1883 1649 2178 1719 pulchritu-

593 1721 770 1783 dinem
821 1728 1001 1781 forma:
1048 1721 1242 1779 retinet
1265 1721 1367 1788 {et
1389 1737 1603 1787 sumus,
1633 1730 1686 1776 et
1724 1721 1951 1775 dicimur
1974 1762 1987 1785 ,
2020 1730 2180 1791 atque

592 1799 728 1853 adeo
777 1798 1060 1852 credimur.
1097 1794 1288 1848 Factus
1327 1810 1385 1848 es
1427 1793 1676 1848 dominus
1715 1790 2041 1855 bestiarum;
2071 1790 2179 1846 noli

595 1884 870 1923 servorum
915 1879 1090 1919 mores
1134 1864 1325 1918 imitari
1353 1883 1364 1918 :
1391 1880 1495 1918 non
1538 1863 1676 1932 quod
1709 1863 1843 1915 mala
1875 1862 2177 1932 sintﬁbruta

590 1940 837 1993 animalia
864 1955 877 1992 :
902 1936 1032 1990 nihil
1063 1936 1201 1989 enim
1231 1935 1354 1988 mali
1385 1949 1414 1987 a
1443 1931 1580 1986 bono
1606 1940 1842 1987 creatum
1871 1941 1971 1986 est.
1996 1931 2177 2001 Neque

591 2013 730 2065 enim
755 2010 1019 2063 existimet
1039 2006 1313 2075 quisquam
1341 2005 1392 2058 in
1423 2005 1532 2057 vitii
1557 2003 1674 2056 loco
1702 2003 2034 2075 reponendas
2055 2017 2176 2075 esse

589 2081 808 2144 bestias,
833 2079 968 2148 quod
1002 2073 1266 2142 tamquam
1298 2076 1552 2148 imagines
1580 2073 1819 2142 quedam
1851 2074 2097 2148 vitiorum
2123 2074 2175 2127 in

589 2152 824 2206 medium
852 2145 1188 2217 proferantur
1212 2187 1226 2208 ,
1249 2161 1367 2217 quae
1393 2145 1444 2198 in
1473 2146 1537 2198 iis
1564 2153 1828 2217 regnant,
1860 2145 1949 2213 qui
1975 2158 2078 2197 non
2105 2158 2175 2198 ex

587 2213 897 2297 praescrin
921 2218 1130 2297 virtutis
1153 2213 1311 2297 vitain
1326 2214 1541 2297 degunt.
1569 2213 1699 2266 Nam
1723 2214 1767 2297 si
1794 2214 1862 2267 ita
1883 2222 2044 2297 esset,
2079 2228 2177 2297 cur

588 2285 822 2347 dixisset
839 2291 1109 2357 Scriptura
1130 2328 1144 2351 ,
1176 2287 1408 2354 Viditque
1439 2285 1575 2339 Deus
1600 2293 1920 2357 cunctaquw
1952 2287 2171 2357 fecerat,

590 2374 640 2417 et
682 2379 790 2416 ecce
834 2355 1144 2427 bona—(Gen.
1189 2360 1238 2412 ι.
1268 2358 1390 2426 51),
1425 2371 1595 2425 neque
1633 2355 1944 2427 simpliciter
1981 2356 2171 2427 Bona,

586 2433 683 2489 sed
712 2432 866 2485 Valde
878 2425 1276 2495 bona‘?Quaudo
1296 2427 1452 2497 igitur
1468 2441 1553 2482 res
1579 2434 1770 2480 creatae
1793 2425 1844 2479 in
1876 2425 2203 2480 similitudi--

589 2518 714 2561 nem
743 2504 957 2557 maliti:e
985 2499 1314 2554 adducuntur
1347 2498 1505 2567 (nam
1536 2506 1589 2552 et
1632 2497 1716 2550 leo
1746 2497 1956 2566 tyranni
1999 2497 2174 2567 imago

590 2582 762 2636 est,et
782 2584 998 2641 serpens
1028 2570 1224 2641 versuti
1252 2566 1500 2631 hominis,
1524 2567 1966 2641 quiquemoribus
1986 2566 2175 2641 sitne-

590 2636 884 2712 quissimis,
909 2651 961 2694 et
986 2639 1225 2712 scorpius
1247 2638 1575 2712 percussoris
1600 2676 1614 2699 ,
1640 2644 1693 2712 et
1721 2637 1878 2712 lupus
1901 2636 2129 2704 rapacis)
2153 2675 2170 2699 ,

589 2705 857 2782 quomodo
884 2725 968 2765 res
993 2705 1184 2782 creata:
1208 2705 1367 2782 bonae
1391 2707 1652 2782 dicentur,
1683 2705 1852 2774 inquit
1871 2721 2032 2782 ,ρυλε
2065 2715 2170 2782 tarn

590 2776 773 2852 aperte
806 2792 1070 2850 tamquam
1101 2777 1469 2852 similitudines
1509 2778 1754 2852 vitiorum
1766 2847 1775 2852 _
1800 2776 2172 2852 proferuntur}

594 2844 785 2908 V'erum
815 2844 990 2923 operte
1035 2851 1259 2919 pretium
1295 2857 1378 2923 est
1407 2848 1698 2915 intelligant
1725 2844 1963 2923 discendi
1990 2845 2170 2914 cupidi

592 2928 737 2987 inec,
769 2926 810 2977 si
842 2917 1109 2992 spectetur
1137 2919 1347 2992 propria
1377 2933 1560 2992 eorum
1594 2925 1799 2992 natura,
1834 2917 1968 2969 mala
1999 2930 2170 2984 neque

589 3009 730 3058 esse,
767 2987 939 3063 neque
967 2991 1070 3045 dici
1091 3032 1104 3054 ,
1135 2987 1368 3063 sedeam
1401 2989 1575 3058 potius
1601 2987 1958 3063 conditionem
1984 2995 2039 3063 et
2065 2996 2175 3040 sta-

592 3075 702 3122 tum
724 3107 738 3130 ,
764 3058 865 3133 qui
892 3063 1108 3118 rationis
1136 3059 1730 3133 expertibus__convenit
1775 3058 2128 3133 animantibus
2155 3072 2170 3108 :

591 3128 865 3205 postquam
893 3141 1065 3187 autem
1089 3132 1290 3205 ratione
1311 3129 1581 3205 praeditam
1601 3138 1839 3205 naturam
1858 3128 2170 3205 invaserint,

590 3199 824 3273 Speciem
856 3205 970 3273 ejus
1000 3201 1321 3273 contumelia
1343 3200 1578 3273 afficere,
1608 3208 1660 3252 et
1686 3199 1995 3273 rationalem
2025 3200 2175 3273 inge~

593 3267 850 3331 nuitatem
882 3267 1202 3329 obtusiorem
1235 3271 1477 3324 reddere.
1506 3268 1791 3337 Accepisti,
1824 3284 1856 3321 o
1885 3267 2064 3331 homo,
2096 3269 2177 3321 di-

631 3348 842 3400 nitatem
876 3346 986 3399 heri
1013 3360 1026 3406 ;
1055 3344 1159 3395 noli
1189 3341 1592 3409 ignominiosam
1619 3349 1670 3392 et
1696 3340 1862 3392 servis
1884 3353 2174 3409 congruam

631 3362 842 3400 nitatem
876 3362 986 3399 nert
1013 3362 1026 3406 ;
1055 3362 1159 3395 nOtt
1189 3362 1592 3409 lgttotltlulusam
1619 3362 1670 3392 et
1696 3362 1862 3392 sunt:
1887 3362 2174 3407 congruam

590 3362 883 3474 Ecstiarum
912 3413 1268 3468 conditionem
1300 3411 1491 3464 sectari
1519 3427 1530 3462 :
1557 3411 1779 3477 teipsum
1808 3408 1948 3462 enim
1983 3409 2175 3476 probro

590 3487 761 3544 aflieis
789 3528 800 3547 ,
834 3486 957 3538 dum
1001 3483 1288 3536 bestiarum
1336 3479 1714 3531 immanitatem
1769 3478 1992 3530 imitaris
2023 3495 2035 3528 :
2068 3493 2172 3530 non

591 3558 742 3626 quasi
778 3557 928 3608 mala:
959 3554 1204 3626 sint_,_aut
1233 3551 1474 3626 dicantur
1498 3548 1707 3626 bestiae,
1742 3547 1832 3600 sed
1861 3547 2177 3626 quodnigno-

593 3617 819 3683 tinuiosa
849 3633 903 3678 et
928 3622 1135 3677 servilis
1165 3621 1338 3688 imago
1361 3619 1539 3672 liberis
1559 3633 1661 3670 non
1679 3617 2178 3688 conveniat.Qucm-

593 3697 878 3754 admodum
930 3694 1070 3747 enim
1121 3692 1163 3743 si
1214 3687 1291 3742 vir
1335 3689 1594 3758 quispiam
1639 3687 1856 3741 illustris
1885 3695 1947 3758 et
1982 3687 2174 3740 nobilis

596 3768 780 3822 servili
811 3776 928 3832 toga
954 3763 1020 3816 sit
1049 3762 1262 3815 indutus
1284 3757 1370 3814 aut
1387 3760 1640 3832 amictus,
1662 3759 1855 3832 probro
1872 3757 2101 3832 afficitur
2126 3766 2180 3810 et

597 3828 890 3907 ignominia
932 3842 1141 3907 notatur
1166 3872 1178 3895 ,
1209 3845 1312 3883 non
1343 3830 1674 3907 quodvestis
1715 3829 1800 3882 illa
1841 3828 1911 3907 sit
1934 3829 2051 3882 vilis
2090 3837 2180 3881 aut

596 3898 830 3968 sordida,
860 3905 951 3958 sed
984 3903 1123 3972 quod
1151 3898 1596 3972 servumquidem
1621 3900 1826 3962 deceat,
1859 3898 2039 3972 libero
2052 3913 2178 3952 vero

597 3994 706 4033 non
737 3969 1017 4030 conveniat
1046 3991 1060 4031 ;
1089 3974 1157 4025 ita
1187 3973 1230 4024 si
1272 3972 1464 4039 scorpii
1498 3971 1709 4040 lupique
1744 3969 2141 4040 moresinduas
2163 4010 2175 4031 ,

600 4064 706 4103 non
760 4047 1031 4098 brutorum
1080 4053 1357 4095 accusatur
1399 4038 1634 4105 natura,
1680 4039 1772 4092 sed
1818 4038 2051 4092 conditio
2092 4047 2177 4091 tua

599 4119 796 4187 probro
820 4115 1067 4187 afficitur,
1085 4128 1200 4182 qum
1226 4112 1648 4187 domini__sortem
1679 4123 1797 4162 cum
1826 4109 2089 4187 nacta-sit“,
2117 4123 2179 4162 ea

600 4179 718 4258 quae
746 4194 867 4258 sunt
897 4179 1384 4258 servilia‘sectatur.
1422 4181 1544 4258 llaec
1570 4193 1711 4258 alme
1735 4180 2034 4258 necessario
2063 4179 2176 4232 lue—

600 4248 725 4312 r'unt
752 4257 800 4309 in
834 4254 1061 4308 medium
1085 4252 1261 4312 allata,
1288 4267 1352 4303 ne
1375 4251 1491 4317 quis
1512 4264 1571 4302 ea
1591 4248 1723 4301 forte
1744 4264 1859 4316 qua:
1881 4249 2016 4300 dicta
2035 4257 2176 4312 sunt,

601 4329 667 4382 ad
700 4327 1038 4397 ignominiam
1063 4322 1333 4375 Creatoris
1360 4320 1632 4397 traducat,
1661 4319 1808 4385 quasi
1839 4318 2040 4397 malum
2084 4319 2180 4370 ali-

601 4387 744 4467 quod
785 4395 965 4450 fecerit
1015 4394 1190 4467 Deus:
1217 4407 1337 4467 vere
1377 4391 1516 4467 enim
1542 4389 1692 4467 bona
1731 4395 1851 4440 sunt
1880 4387 2053 4467 omnia
2082 4427 2097 4450 ,
2127 4397 2180 4441 et

602 4459 757 4522 valde
791 4468 924 4520 bona
944 4506 956 4527 ,
993 4466 1032 4516 si
1067 4463 1330 4531 propriam
1359 4459 2096 4531 conditionemconservent,
2125 4467 2180 4511 et

603 4554 756 4592 suam
789 4538 956 4605 legem
985 4527 1270 4605 sectentur.
1301 4534 1472 4599 Atque
1495 4539 1551 4583 ut
1576 4527 1854 4605 intelligas,
1883 4527 2174 4591 carissime,

608 4610 734 4662 nihil
766 4623 792 4660 a
830 4599 935 4658 Deo
965 4603 1085 4657 mali
1124 4611 1359 4657 creatum
1389 4615 1507 4654 esse
1535 4642 1547 4662 ,
1583 4599 1625 4652 si
1657 4610 1892 4650 naturam
1933 4605 2138 4664 spectes
2163 4637 2175 4659 ,

603 4680 783 4732 docuit
818 4692 914 4730 nos
948 4675 1088 4728 Dens
1115 4684 1167 4726 et
1199 4673 1494 4726 belluarum
1524 4668 1926 4725 similitudinem
1956 4682 2181 4734 usurpa-

604 4765 682 4803 re.
708 4747 992 4800 Admonuit
1012 4745 1150 4797 enim
1181 4751 1235 4796 ut
1255 4741 1510 4812 quasdam
1530 4745 1680 4794 dotes
1704 4739 2181 4812 prterogativasque

605 4819 879 4871 brutarum
912 4814 1254 4868 animantium
1273 4810 1633 4872 (imitaremur,
1659 4826 1724 4863 ne
1753 4818 2020 4876 tamquam
2045 4810 2180 4861 mala

605 4889 920 4940 damnemus
967 4897 1019 4938 et
1062 4885 1447 4939 calunmicmur
1495 4897 1610 4956 qua)
1657 4888 1832 4934 creata
1874 4888 2040 4956 sunt,
2074 4893 2179 4932 non

605 4957 1114 5026 generatim__eorum
1145 4964 1385 5026 naturam
1414 4993 1428 5018 ,
1459 4951 1551 5005 sed
1579 4963 1923 5026 quzecutnque
1949 4951 2181 5026 rationa-

602 5018 730 5082 lium
776 5024 1062 5078 eonditioni
1118 5024 1382 5090 potuerint
1433 5018 1735 5075 convenire.
1786 5023 1976 5090 Annon
2026 5018 2182 5090 hodie

602 5095 1013 5153 Proverbiorum
1058 5087 1328 5147 auctorem
1362 5092 1550 5146 audisti
1600 5091 1895 5153 dicentem,
1939 5087 2076 5140 Vade
2115 5089 2182 5139 ad

628 5169 866 5222 ‘ormicam
890 5204 904 5227 ,
933 5165 1102 5233 piger,
1139 5172 1184 5215 et
1227 5164 1465 5216 wmulare
1508 5162 1611 5214 vias
1653 5162 1761 5233 ejus
1791 5157 1972 5233 (Prop.
2003 5158 2055 5211 6.

628 5175 866 5222 ornticam
890 5204 904 5227 ,
933 5179 1102 5233 piger,
1139 5175 1184 5215 et
1227 5175 1465 5216 wnmtare
1508 5177 1611 5214 vias
1653 5177 1761 5229 ejus
1791 5175 1972 5226 trrov.
2003 5175 2055 5211 υ.
2081 5175 2138 5228 υ)
2163 5175 2182 5210 I

601 5175 718 5295 {Ven
749 5234 1124 5289 animadvertis
1158 5246 1262 5299 quo
1301 5244 1453 5298 pacto
1482 5232 1747 5300 proposita
1786 5227 2183 5300 formica-.dilif

599 5310 780 5380 gentia
811 5303 1000 5380 nosad
1034 5298 1312 5380 impigrum
1343 5298 1866 5380 quoddam-studinm
1893 5298 2182 5380 erudierit}

605 5368 792 5435 "Nonne
821 5387 870 5430 te
895 5374 1092 5428 diserte
1113 5368 1399 5425 docuimus
1428 5387 1454 5423 a
1485 5373 1697 5424 formica
1727 5370 2050 5436 diligentiam
2073 5409 2086 5432 ,
2117 5368 2182 5423 ab

598 5468 699 5519 ape
731 5463 856 5506 vero
882 5443 1344 5519 artificiiamorem
1369 5445 1391 5493 γ
1419 5441 1562 5519 Licet
1587 5443 1729 5495 enim
1757 5440 1928 5504 nobis,
1962 5441 2098 5519 licet,
2127 5448 2184 5492 ut

601 5509 723 5576 ante
745 5519 872 5581 di"i,
893 5527 945 5570 et
972 5515 1256 5569 bestiarum
1287 5512 1657 5580 praerogativas
1684 5521 1738 5566 et
1765 5509 2041 5565 commoda
2064 5524 2183 5578 qua:

600 5588 893 5647 conditioni
943 5595 1136 5640 nostra:
1166 5583 1517 5642 conveniunt,
1547 5581 1610 5634 ad
1652 5582 1960 5634 imitandum
1992 5581 2180 5633 decer-

604 5679 729 5731 perc
758 5678 769 5713 :
798 5666 1191 5731 verumtamen”
1210 5655 1304 5707 ista
1347 5653 1411 5704 ad
1439 5650 1695 5731 pudorem
1728 5651 1890 5731 nobis
1917 5651 2180 5730 incutien-

598 5720 725 5786 i'lum
761 5731 1114 5798 probrumque
1141 5726 1405 5798 dicuntur.
1431 5720 1654 5798 Quando
1681 5720 1821 5773 enim
1858 5721 2021 5774 Deum
2063 5720 2182 5772 imi-

603 5806 700 5856 tari
732 5789 966 5864 n'oluisti,
1003 5789 1208 5852 imitare
1242 5795 1534 5849 formicam.
1566 5789 1932 5860 Numquamne
1978 5801 2179 5861 patrem

2289 949 2463 1024 vidisti
2491 951 2576 1024 qui
2609 951 2860 1024 dilectum
2895 952 3058 1006 filium
3081 954 3402 1024 objurgaret,
3439 967 3490 1010 et
3525 968 3645 1023 post
3673 961 3886 1014 multum

2291 1020 2693 1075 instructionem
2722 1022 2786 1075 ad
2817 1020 3162 1078 imitationem
3193 1020 3664 1080 famulorum-eum
3704 1031 3884 1082 tradu-

2289 1100 2455 1160 ceret,
2480 1102 2636 1159 atque
2661 1094 2771 1145 lucc
2796 1095 2966 1160 palam
2991 1095 3230 1149 diceret:
3256 1097 3468 1150 Imitare
3488 1099 3680 1150 saltem
3714 1099 3883 1153 famu-

2289 1159 2395 1212 lum
2425 1202 2438 1222 ,
2467 1161 2723 1230 dignitate
2751 1159 2964 1231 quidem
2997 1165 3300 1220 inferiorem
3328 1208 3342 1230 ,
3374 1177 3427 1218 at
3457 1169 3684 1221 scientia
3715 1181 3885 1223 tamen

2289 1233 2751 1306 prtestantiorem?
2782 1235 3144 1298 Quamobrem
3196 1236 3611 1306 benignissimus
3657 1241 3800 1293 Deus
3827 1243 3885 1294 ad

2285 1303 2680 1381 coarguendum
2733 1313 3007 1381 stuporem
3052 1303 3341 1381 nostrum,
3364 1308 3638 1362 formicam
3687 1311 3884 1376 profert

2293 1372 2343 1422 in
2385 1372 2615 1426 medium
2644 1388 2672 1444 a
2701 1387 2802 1444 qua
2846 1375 3165 1444 negligentia
3209 1387 3388 1430 nostra
3427 1372 3769 1433 convmcitur
3792 1423 3807 1441 .
3838 1392 3885 1434 et

2283 1454 2436 1518 apem
2465 1459 2582 1512 qua:
2613 1443 2874 1518 pigritiam
2906 1456 3138 1518 nostrain
3169 1447 3510 1501 condemnat.
3559 1451 3740 1518 Atque
3769 1451 3883 1504 hinc

2284 1513 2412 1590 satis
2437 1523 2680 1578 constat,
2711 1514 2837 1567 nihil
2863 1530 2890 1567 a
2922 1515 3029 1569 Deo
3054 1517 3252 1590 malum
3278 1519 3549 1590 cauditum
3598 1513 3722 1575 esse
3746 1561 3761 1583 ,
3791 1523 3876 1590 qui

2285 1582 2379 1658 tibi
2420 1597 2635 1638 sensum
2681 1598 2749 1658 ac
2788 1597 3018 1658 mentem
3052 1587 3274 1651 indidit,
3303 1589 3456 1654 cujus
3483 1589 3532 1641 vi
3579 1595 3756 1658 possis
3784 1582 3878 1646 ista

2282 1651 2587 1728 discernere
2613 1696 2625 1715 ,
2655 1665 2712 1708 ut
2739 1656 3030 1728 belluarnm
3071 1658 3283 1727 quidem
3316 1651 3494 1712 mores
3517 1651 3759 1721 devites.
3796 1678 3881 1728 pn-

2283 1723 2446 1777 tiores
2485 1735 2660 1778 autem
2700 1741 2883 1779 earum
2915 1723 3158 1781 dotcs'et
3197 1731 3480 1782 commoda
3531 1723 3876 1786 consederis.

2282 1791 2466 1847 Petest
2490 1796 2632 1848 enim
2663 1805 2715 1847 et
2749 1797 2830 1850 leo
2861 1798 3070 1850 virtutis
3100 1799 3271 1866 imago
3297 1815 3436 1863 esse,
3458 1817 3580 1852 cttm
3610 1818 3716 1854 non
3751 1811 3879 1855 tant-

2283 1879 2439 1936 quam
2475 1866 2787 1933 tyrannidis,
2819 1868 2910 1921 sed
2939 1869 3086 1936 quasi
3115 1868 3444 1923 fortitudinis
3473 1872 3706 1925 indicem
3735 1878 3874 1926 smi-

2282 1932 2728 2011 li_t_ud_inem_illa_m
2755 1932 3000 2011 accipis:
3032 1939 3170 2011 aliud
3202 1943 3395 2009 quippe
3423 1950 3506 1994 est
3535 1944 3799 2011 tyrannis,
3825 1954 3874 1997 rt

2279 2005 2424 2058 aliud
2465 2006 2739 2060 fortitudo.
2788 2006 2992 2061 Idcirco
3045 2005 3344 2077 Scriptura'
3379 2011 3488 2078 ipsa
3539 2005 3870 2067 Salvaturrm

2281 2078 2602 2151 annuntians
2625 2078 2952 2151 exoritnrum
2976 2094 3045 2151 ex,
3063 2079 3219 2150 Juda,
3247 2081 3455 2133 Catulus
3473 2083 3656 2147 leonis,
3685 2085 3869 2151 inquit.

2279 2143 2421 2197 Iuda
2445 2163 2462 2198 :
2483 2163 2546 2200 ea:
2569 2149 2792 2216 germine
2813 2190 2827 2212 ,
2859 2150 2936 2216 ﬁli
2979 2150 3048 2201 nti
3063 2189 3078 2212 ,
3102 2143 3370 2204 ascendisti
3391 2168 3410 2202 :
3431 2143 3730 2205 recumbens
3760 2143 3872 2206 dor-

2278 2216 2461 2291 mittisti
2487 2217 2668 2291 uthleo,
2689 2228 2734 2291 et
2751 2221 2906 2291 quasi
2932 2221 3128 2272 catulus
3151 2220 3308 2273 leonis
3338 2219 3487 2291 (Gen.
3512 2223 3607 2275 49.
3641 2224 3720 2290 9).
3748 2223 3870 2278 Vide

2277 2286 2573 2363 cujusmodi
2599 2286 3001 2363 similitudinem
3031 2305 3097 2343 ex
3124 2291 3328 2363 iisquae
3347 2286 3552 2345 'belluis
3581 2286 3764 2346 insunt
3784 2311 3870 2361 po-

2281 2357 2413 2430 tiora
2439 2401 2452 2421 ,
2480 2357 2691 2430 duxerit
2717 2373 2895 2413 sermo
2928 2360 3160 2414 divinus.
3190 2357 3338 2414 Licet
3367 2363 3524 2430 igitur
3549 2363 3764 2417 leonem
3784 2357 3872 2416 Sa-

2278 2427 2482 2506 pienter
2503 2429 2694 2506 imitari
2721 2430 2943 2506 :licetct
2955 2440 3258 2506 serpentem
3277 2427 3507 2506 quoque,
3535 2446 3642 2506 non
3661 2435 3869 2502 quidem

2279 2500 2331 2548 in
2352 2513 2555 2551 veneno
2573 2500 2856 2571 fundendo,
2875 2502 2966 2555 sed
2988 2503 3035 2553 in
3055 2503 3269 2555 solertia
3291 2505 3306 2533 ³
3321 2500 3716 2571 ουιίὶρητθιιιιειέ
3741 2508 3871 2559 sicut

2275 2577 2326 2644 ει
2353 2571 2606 2644 apostolis
2628 2570 2878 2644 Servator
2903 2572 2992 2632 ait,
3019 2571 3190 2625 Estote
3217 2570 3481 2640 prudentes
3499 2573 3630 2627 sicut
3649 2591 3872 2644 serpens.

2274 2636 2648 2713 Quamobrem,
2666 2643 2707 2692 si
2731 2641 2862 2694 mala
2888 2651 3030 2713 esset
3047 2636 3311 2708 creatura,
3338 2647 3618 2713 unaginem
3641 2636 3795 2698 suam
3812 2649 3871 2698 ad

2275 2712 2391 2785 ejus
2409 2709 2753 2785 imitationem
2780 2706 3517 2785 noncoftortaretur,’dicens,
3549 2714 3730 2769 Eslote
3755 2734 3870 2785 pru-

2276 2777 2444 2833 dentes
2469 2782 2593 2831 sicut
2621 2797 2823 2849 serpens
2837 2782 3064 2855 Δ(ΜαιιΙι.
3083 2782 3187 2855 _10.
3212 2785 3301 2855 16)
3331 2801 3343 2836 :
3373 2777 3580 2840 imitare
3609 2777 3871 2855 serpentis

2277 2863 2380 2901 non
2402 2866 2680 2915 venenum,
2707 2866 2809 2904 non
2835 2852 3094 2916 iram,sed
3126 2853 3479 2922 prudentiam.
3497 2855 3630 2910 Nam
3651 2852 3870 2911 sia-enc-

2277 2934 2401 2988 num
2428 2921 2668 2983 imiteris,
2697 2923 2890 2975 clamat
2917 2924 2968 2975 in
2994 2933 3044 2976 te
3074 2921 3258 2988 David,
3292 2940 3549 2979 accusans
3569 2939 3622 2981 et
3644 2926 3865 2980 dicens:

2277 2987 2327 3066 Ε
2331 3007 2448 3043 uror
2459 2993 2558 3045 illis
2573 2994 2846 3066 secundum
2861 2992 3238 3066 similitudinem
3250 2987 3509 3064 serpentist
3525 2995 3666 3049 Psat.
3687 2998 3776 3050 57.
3794 2999 3864 3066 5);

2277 3061 2358 3132 sin
2383 3069 2557 3115 autem
2586 3063 2921 3132 prudentiam
2953 3065 3068 3131 ejus
3102 3061 3360 3131 imiteris,
3393 3061 3556 3120 factus
3587 3082 3647 3120 es
3671 3061 3868 3121 Christi

2277 3130 2599 3204 discipulus,
2627 3136 2714 3203 qui
2744 3130 2882 3186 diiit
2905 3175 2920 3196 ,
2949 3130 3125 3188 Estote
3167 3130 3436 3204 prudentes
3476 3138 3606 3190 sicut
3636 3153 3866 3202 serpens.

2277 3201 2409 3268 Quia
2439 3204 2578 3256 enim
2608 3201 2827 3272 serpens
2853 3207 3100 3261 omnibus
3127 3201 3482 3260 animantibus
3511 3217 3595 3260 est
3627 3201 3869 3274 pruden-

2279 3275 2418 3338 tior,
2451 3283 2505 3326 ut
2536 3277 2692 3343 paulo
2719 3285 2844 3345 ante
2873 3276 3066 3328 lectum
3095 3285 3212 3339 est,
3240 3277 3571 3344 prudentiam
3620 3278 3870 3345 Opposuit

2280 3346 2593 3410 prudentiae,
2618 3362 2718 3397 non
2741 3355 2795 3398 ut
2819 3344 2998 3398 dolum
3026 3355 3244 3400 nectere
3269 3346 3463 3408 discas,
3489 3346 3585 3399 sed
3609 3344 3668 3400 ut
3687 3344 3868 3400 dolum

2279 3413 2454 3465 discas
2477 3413 2768 3466 declinare.

2348 3483 2401 3535 2.
2429 3483 2690 3556 Quomodo
2710 3483 2945 3556 differant
2965 3485 3217 3539 calliditas
3239 3495 3284 3539 et
3309 3487 3620 3556 malignitas;
3655 3490 3874 3556 pruden-

2282 3554 2350 3605 tia
2400 3555 2648 3622 quomodo
2701 3555 3005 3608 adhibenda.
3025 3586 3094 3597 --
3114 3556 3232 3609 Vult
3261 3561 3401 3609 enim
3431 3554 3692 3625 benignus
3734 3560 3872 3610 Deus

2283 3640 2380 3679 nos
2411 3640 2527 3678 esse
2552 3640 2654 3676 non
2681 3625 2961 3694 malignos,
2994 3627 3085 3680 sed
3113 3627 3334 3680 eallidos
3363 3646 3373 3678 :
3401 3627 3542 3679 aliud
3577 3637 3757 3680 autem
3790 3639 3874 3680 est

2282 3695 2560 3758 calliditas,
2613 3696 2755 3748 aliud
2790 3696 3112 3765 malignitas.
3152 3698 3390 3750 Callidus
3419 3698 3598 3765 itaque
3632 3708 3716 3750 est
3765 3714 3871 3751 non

2283 3769 2346 3818 ad
2379 3766 2779 3834 exeogitandam
2814 3767 3092 3832 malitiam,
3133 3767 3225 3821 sed
3253 3767 3317 3820 ad
3360 3768 3617 3820 malitiam
3669 3772 3876 3822 evitan-

2283 3836 2404 3890 dam
2441 3853 2453 3888 :
2488 3838 2632 3889 etuti
2662 3838 2800 3890 solet
2824 3837 3111 3890 calliditate
3153 3853 3256 3890 non
3301 3840 3433 3890 utin
3480 3838 3617 3890 alios
3647 3848 3873 3892 consuat

2283 3907 2454 3968 dolos,
2496 3909 2588 3959 sed
2632 3916 2688 3959 ut
2715 3921 2774 3959 ea
2806 3923 2920 3972 ιμιίυ
2965 3923 2994 3959 a
3037 3909 3245 3963 caneris
3291 3910 3341 3961 in
3375 3908 3538 3975 ipsius
3581 3910 3872 3975 perniciem

2283 3987 2529 4030 contexta
2556 3987 2676 4030 suut
2703 3977 2914 4044 effugiat
2953 3996 2963 4029 :
2998 3981 3261 4045 malignus
3301 3993 3474 4030 autem
3507 3989 3589 4030 est
3622 3978 3872 4039 sicarius,

2285 4048 2533 4114 deceptor
2557 4088 2571 4110 ,
2604 4048 2692 4116 qui
2735 4047 2851 4100 aliis
2883 4048 3018 4100 mala
3052 4048 3405 4100 machinatur.
3448 4046 3592 4099 Talis
3642 4052 3875 4113 prudens

2285 4116 2469 4175 Jacob,
2503 4117 2733 4183 prudens
2778 4124 2833 4168 ut
2862 4131 3082 4184 serpens
3105 4158 3118 4176 .
3154 4132 3256 4168 non
3307 4131 3571 4169 venenum
3619 4131 3877 4184 Spargeus

2285 4197 2342 4240 ut
2386 4202 2630 4254 serpens.
2664 4186 2794 4239 Nam
2848 4203 2967 4239 cum
3003 4188 3052 4237 in
3091 4200 3370 4239 occursum
3420 4200 3876 4253 congressumque

2284 4273 2404 4312 cum
2437 4257 2597 4309 fratre
2629 4258 2770 4310 Esau
2809 4266 3058 4308 venturus
3107 4264 3280 4315 esset,
3329 4255 3545 4308 homine
3581 4257 3876 4310 sceleribus

2285 4337 2338 4380 et
2365 4327 2661 4394 parricidiis
2680 4337 2956 4393 cooperto,
2988 4326 3151 4377 Deum
3179 4328 3365 4377 orabat
3393 4327 3601 4386 dicens,
3641 4328 3872 4384 Domine.

2284 4414 2400 4450 erue
2423 4413 2500 4448 me
2519 4400 2580 4448 de
2608 4413 2758 4447 manu
2779 4398 2952 4464 fratris
2981 4398 3073 4447 mei
3097 4395 3248 4456 Esau,
3273 4397 3388 4460 quia
3416 4396 3564 4447 valde
3583 4412 3696 4446 eum
3728 4398 3877 4447 linteo

2287 4467 2436 4539 (Gen.
2469 4467 2556 4519 5°).
2591 4467 2716 4539 1f):
2745 4466 3014 4532 Deumque
3055 4467 3130 4520 sic
3155 4467 3486 4539 precabatur,
3541 4477 3594 4516 ut
3617 4473 3877 4539 adver-us

2285 4536 2480 4590 malum
2524 4537 2820 4590 orationem
2851 4545 3164 4604 opponeret.
3219 4536 3440 4602 Quando
3463 4550 3590 4589 vero
3610 4536 3754 4589 fratri
3785 4550 3878 4589 oo-

2285 4609 2471 4669 currit,
2509 4607 2860 4667 humanitate,
2896 4607 3039 4660 cultu
3065 4615 3119 4659 et
3139 4607 3474 4660 observantia
3500 4607 3738 4659 furorem
3762 4609 3877 4672 ejus

2288 4679 2650 4740 tnnnsnefceit,
2687 4687 2740 4731 et
2774 4678 3029 4731 malitiam
3059 4678 3324 4732 restinxit.
3359 4676 3494 4742 Quid
3528 4677 3672 4729 enim
3710 4679 3783 4729 ait
3807 4675 3876 4727 ad

2288 4750 2462 4801 Esau?
2491 4750 2576 4800 Sic
2605 4749 2702 4799 vidi
2741 4749 2916 4814 [aciem
2954 4759 3118 4811 tuam,
3143 4758 3193 4800 ut
3237 4749 3280 4800 si
3321 4749 3428 4816 quis
3458 4747 3647 4799 rideret
3688 4749 3878 4799 vultum

2293 4819 2380 4870 Dei
2409 4817 2559 4888 (Gen.
2591 4819 2676 4871 5'5.
2705 4819 2814 4887 10).
2848 4822 2921 4871 Ac
2947 4820 2988 4870 si
3014 4819 3124 4871 [nec
3151 4819 3361 4885 quidem
3381 4817 3514 4869 dixit
3535 4819 3718 4876 Jacob,
3739 4827 3876 4868 utea

2289 4893 2468 4942 fraude
2508 4892 2743 4941 vinceret
2769 4890 3017 4952 fratrem,
3048 4889 3186 4941 male
3215 4888 3527 4950 loquebatur
3554 4905 3566 4939 :
3590 4889 3671 4938 sin
3699 4897 3879 4938 autem

2288 4962 2435 5022 dixit,
2468 4969 2516 5012 ut
2550 4969 2805 5011 terrorem
2827 4959 3102 5026 effugeret,
3143 4958 3431 5011 calliditate
3454 4966 3600 5010 recte
3629 4973 3752 5008 usus
3773 4965 3877 5009 est.

2289 5029 2460 5081 Estote
2474 5045 2590 5098 ergo
2622 5029 2885 5095 prudentes
2915 5039 2968 5098 ut
2984 5045 3184 5096 serpens
3204 5027 3635 5098 (Matt/uidit»;
3658 5040 3758 5078 nou
3785 5028 3883 5098 ira-

2287 5100 2467 5162 cundi,
2487 5095 2588 5151 non
2608 5113 2869 5150 venenum
2888 5095 3229 5164 ejaculantes,
3251 5098 3341 5151 sed
3361 5097 3671 5165 prudentes,
3688 5105 3735 5146 et
3758 5095 3884 5146 sim-

2289 5169 2441 5236 plices
2459 5170 2587 5220 sicut
2603 5170 2862 5221 columbw.
2890 5167 3068 5220 Potest
3085 5177 3262 5220 autem
3284 5169 3526 5220 columba
3543 5177 3594 5218 et
3612 5169 3677 5216 ad
3692 5165 3879 5216 vitium

2288 5241 2420 5292 etad
2445 5240 2689 5291 virtutem
2719 5236 3123 5306 significandam
3150 5238 3318 5305 accipi
3338 5252 3468 5305 :qua
3501 5250 3628 5289 vero
3649 5238 3880 5299 ratione,

2289 5311 2432 5361 audi.
2480 5308 2532 5362 Si
2554 5309 2628 5360 sis
2658 5307 3078 5361 inconsideratius
3110 5309 3432 5376 minimeque
3480 5306 3772 5364 discretus,
3823 5317 3885 5356 et

2291 5381 2455 5431 solius
2484 5378 2703 5430 malitia:
2732 5378 2957 5444 peritus,
2981 5387 3196 5432 accusat
3226 5388 3276 5431 te
3301 5375 3571 5442 Scriptura
3601 5384 3660 5426 ut
3684 5375 3886 5444 impru-

2288 5450 2520 5502 dentem.
2543 5443 2787 5514 I'Ipltraiin
2809 5450 2971 5509 enim,
2991 5448 3177 5516 inquit,
3201 5448 3342 5512 quasi
3359 5445 3587 5497 columba
3608 5443 3885 5516 insipiois,

2287 5535 2398 5588 quia
2426 5535 2513 5572 cor
2540 5535 2640 5571 non
2662 5517 2807 5570 habet
2835 5520 2854 5588 (
2884 5516 3010 5571 Osee
3041 5519 3091 5569 'l.
3117 5519 3173 5571 11
3208 5521 3248 5587 ).
3275 5518 3328 5571 Si
3358 5529 3484 5584 ergo
3520 5515 3888 5582 insipientiam

2354 5677 2368 5704 ι
2408 5681 2525 5741 Reg.
2551 5672 2620 5720 sic
2642 5671 2810 5739 habet,
2829 5683 2924 5741 non
2947 5668 3140 5741 quidem
3162 5669 3212 5718 in
3235 5678 3411 5741 veneno
3430 5665 3704 5741 (tradendo.
3733 5679 3892 5741 itaque

2287 5735 2337 5804 in
2372 5728 2572 5792 ntalﬁia,
2600 5745 2748 5793 neque
2782 5732 2832 5782 in
2875 5728 3170 5795 plenitudine
3216 5728 3514 5787 acerbitatis,
3549 5730 3634 5778 sed
3663 5728 3711 5777 in
3736 5733 3893 5779 soler-

2291 5805 2377 5855 tm,
2406 5807 2500 5844 etc.
