4076 6504
631 425 746 484 523

628 523 896 591 Scriptura
935 519 1075 591 enim
1118 531 1222 572 non
1246 515 1546 591 necessitati
1590 515 2065 591 transgressionem
2105 514 2203 568 ad-

631 583 865 661 scripsit.
897 590 989 661 sed
1021 589 1188 642 libero
1208 587 1430 641 arbitrio
1454 587 1588 656 ejus,
1622 583 1966 661 qui__honore
1987 583 2207 661 affectus

631 654 890 726 l‘uerut,et
916 660 1170 713 honorem
1199 672 1303 710 non
1330 654 1653 725 agnoverati
1691 654 1857 726 Homo
1881 655 2096 726 quippe,
2126 654 2206 726 in-

626 733 761 802 quit,
787 722 900 784 cum
922 730 976 783 in
1002 730 1190 781 honore
1205 722 1477 802 esset,iton
1504 725 1746 779 intellexit
1765 724 1945 802 fPsal.
1973 725 2060 778 48.
2093 722 2202 794 13).

627 795 756 872 Age:
771 814 918 872 vero,
940 811 1145 872 rursus,
1175 797 1218 851 si
1259 798 1329 872 ita
1379 795 1601 858 videtur,
1631 795 2028 872 consideremus
2072 809 2204 872 quo-

629 863 788 928 nmdo
808 863 939 923 alios
963 868 1122 923 etiam
1151 866 1405 934 quosdam
1438 875 1651 934 prepter
1679 866 1985 919 varietatem
2013 871 2067 917 et
2090 863 2203 918 cal-

629 944 905 1003 liditatem,
931 933 1212 1006 multzeqne
1248 933 1610 1006 simulationis
1636 934 1847 1003 plenam
1863 933 2034 1006 animi
2081 948 2205 1000 pro-

627 1013 952 1074 fessionem,
1010 1003 1192 1073 vulpes
1240 1003 1508 1073 Seriplura
1556 1006 1809 1059 nominet.
1863 1003 1934 1058 Ea
1972 1012 2205 1074 propter

629 1080 891 1138 Herodem
915 1073 1092 1146 utique
1114 1076 1312 1146 varium
1335 1076 1386 1128 in
1412 1076 1666 1138 consiliis,
1698 1085 1750 1128 et
1787 1075 1838 1127 in
1867 1073 2200 1146 cogitationi-

628 1154 728 1206 bus
756 1143 1022 1213 astutum,
1043 1147 1094 1199 in
1133 1145 1404 1214 impietate
1434 1146 1718 1207 viventem,
1749 1159 1811 1197 ac
1851 1144 2058 1214 pietatis
2084 1143 2201 1214 velo

628 1229 966 1292 personatum
988 1258 1003 1282 ,
1053 1213 1294 1292 Salvator
1348 1215 1572 1292 vulpem
1607 1216 1852 1292 appellat.
1881 1213 2012 1266 Cum
2038 1213 2198 1292 ‘euiin

626 1282 964 1346 advenissent
994 1285 1250 1347 nonnulli,
1280 1282 1449 1353 atque
1477 1285 1574 1353 ipsi
1620 1284 2008 1337 renuntiaSsent
2036 1282 2194 1336 llero-

624 1363 745 1416 dem
770 1362 938 1429 ipsum
963 1357 1139 1411 videre
1153 1355 1315 1429 _vel_le,
1349 1355 1780 1429 tum_s_aii_cta__illa
1812 1363 1862 1406 et
1888 1367 2196 1429 magnavox

624 1422 954 1500 respoudens
978 1429 1052 1500 ait
1080 1424 1304 1500 :“Dicite
1331 1425 1467 1492 vulpi
1494 1425 1621 1500 isti,_
1643 1422 1810 1500 Hodie
1841 1431 2025 1500 egeras
2047 1422 2198 1500 signa

623 1492 776 1572 facio,
808 1510 869 1572 et
896 1495 1164 1572 tertia_die
1203 1511 1520 1572 consumatur
1569 1493 1716 1572 (Luc.
1749 1495 1834 1548 15.
1868 1492 2197 1572 3?).“Dicite

622 1561 772 1640 uulpi
789 1570 888 1632 isti,
922 1566 1260 1640 quasidieat,
1288 1565 1478 1640 animae
1612 1578 1820 1640 omnem
1853 1561 2195 1640 calliditatem

625 1632 798 1706 facias,
819 1632 985 1708 plenus
1006 1636 1148 1700 dolo,
1167 1645 1220 1690 et
1240 1634 1383 1688 omni
1407 1633 1604 1708 malitia
1627 1643 1679 1686 et
1694 1633 1924 1708 fallacia.
1948 1632 2189 1708 Animad-

621 1703 835 1772 vertis,—
864 1707 1046 1766 frater,
1075 1721 1181 1776 quo
1227 1715 1393 1776 pacto,
1429 1704 1647 1776 callidos
1691 1703 1961 1776 Scriptura
2011 1703 2194 1776 vulpes

621 1778 883 1849 appellet?
913 1771 1354 1849 Quotiescumque
1385 1775 1539 1843 igitur
1578 1788 1696 1826 cum
1737 1772 2006 1849 psalmista
2038 1771 2193 1826 dixe-

622 1842 718 1914 ris',
751 1842 1037 1903 Introibuut
1067 1847 1119 1898 iu
1149 1845 1390 1913 inferiora
1411 1842 1580 1914 terrae,
1613 1852 1776 1910 partes
1797 1842 2020 1914 vulpium
2050 1851 2193 1894 erunt

619 1912 790 1987 (Psal.
826 1918 914 1972 62.
949 1916 1033 1971 10.
1055 1915 1163 2036 ll),
1195 1912 1426 1982 intellige
1454 1913 1699 1979 tenigma,
1728 1927 1899 1980 neque
1919 1912 2190 1965 existimes

619 1992 865 2036 ειειιίαιιιιι-
899 1986 1036 2036 haud
1080 1999 1108 2036 a
1137 1987 1234 2036 iter
1267 1998 1420 2036 aliam
1453 1996 1548 2036 per
1577 1981 1970 2036 intelligentiam
2001 1982 2187 2036 acczni.

619 1981 865 2059 iunigtna,
899 1986 1044 2059 haud
1080 1981 1234 2059 aliter
1259 1981 1420 2059 quam
1453 1996 1548 2059 per
1577 1981 1970 2059 intelligentiam
2001 1982 2187 2059 accpi:

618 2060 684 2114 Et
711 2050 892 2113 rursus
925 2056 1046 2108 alibi
1077 2055 1229 2114 dicit,
1259 2050 1441 2106 Partes
1469 2052 1855 2123 liypocr‘itaruni
1885 2060 2058 2123 erunt.
2089 2050 2187 2116 Qui

620 2131 761 2184 enim
785 2128 1058 2181 veritatem
1087 2125 1345 2192 ignorant.
1373 2136 1476 2175 non
1507 2119 1625 2192 cum
1658 2119 1920 2192 fidelibus,
1941 2120 2034 2173 sed
2055 2135 2185 2192 cum

619 2198 907 2270 hypocritis
948 2189 1148 2270 partem
1179 2192 1462 2270 accipiunt.
1507 2190 1657 2270 Unde
1686 2190 2007 2270 et_S:i_lvator
2051 2189 2188 2270 hanc

618 2259 932 2323 sententiam
948 2259 1240 2332 obsignans
1260 2264 1332 2332 ait
1351 2261 1416 2315 de
1443 2274 1505 2314 eo
1529 2261 1616 2327 qui
1647 2260 1784 2332 male
1806 2259 2187 2332 dispensatoris

617 2351 840 2393 munere
867 2328 1254 2389 functus'erat:
1288 2330 1504 2383 Intrabit
1534 2331 1767 2383 dominus
1796 2330 1921 2382 servi
1956 2328 2114 2391 illius,
2139 2337 2187 2380 et

615 2408 800 2461 dividet
849 2421 994 2461 eum.
1056 2402 1494 2469 partemqueejus
1545 2408 1692 2468 ponet
1741 2415 1875 2469 cum,
1911 2399 2185 2469 Iiypocritis

617 2478 830 2544 (Matth.
863 2475 953 2528 24.
999 2468 1108 2544 51⁷).
1154 2468 1663 2544 Itaquehypocritas
1707 2468 1989 2544 appellavit
2038 2468 2181 2521 Scri-

616 2537 767 2624 ptura
799 2546 1002 2624 vulpes.
1034 2537 1086 2593 Ιιί
1117 2552 1221 2624 tam
1249 2537 1440 2624 multas
1461 2553 1608 2624 ergo,
1635 2539 1842 2624 fratres,
1873 2537 2186 2624 (Ejectaest

616 2607 906 2671 indecoras
925 2615 1115 2681 figuras
1163 2619 1216 2663 et
1262 2608 1631 2662 similitudines
1675 2607 1848 2681 imago
1888 2607 1996 2669 Dei,
2025 2609 2186 2681 sie‘ut

615 2703 720 2739 non
751 2685 866 2738 aliis
896 2677 1190 2736 nominibus
1214 2693 1426 2732 omnem
1462 2688 1721 2731 terrarum
1742 2677 1922 2730 orbem
1953 2677 2184 2745 appellet

616 2756 915 2824 Scriptura,
951 2749 1378 2824 priusquamista
1411 2747 1640 2815 cognitio
1671 2746 2180 2824 pietatis-illucesce-

616 2815 917 2892 rct,'quam
950 2815 1243 2892 brutorum,
1263 2819 1705 2892 inhientorttm,_et
1733 2815 2182 2892 reptilium_atque

615 2884 922 2965 immanium
954 2884 1270 2965 bestiarum.
1305 2887 1590 2965 Enimvero
1633 2887 1803 2965 ipsum
1838 2884 2180 2965 coryphaeum

612 2964 971 3032 apostolorum
1016 2959 1250 3021 Petrum,
1293 2972 1425 3032 eum
1462 2954 1868 3032 benignissimus
1901 2954 2052 3032 _De_us
2082 2955 2178 3008 ad-

614 3022 831 3088 monere
874 3031 1052 3092 vellet,
1083 3038 1136 3080 ut
1176 3042 1242 3080 ex
1272 3022 1810 3093 alienigenis'omnes
1851 3022 2176 3088 admitteret,

611 3106 700 3172 qui
728 3117 784 3156 se
811 3099 1077 3162 offerrent,
1107 3096 1471 3172 admirabilem
1494 3095 1634 3147 illam
1661 3104 1708 3172 e_t
1740 3093 2041 3172 inusitatam
2069 3097 2179 3149 sin-

612 3164 804 3227 douem
860 3166 1293 3224 commonstravit
1345 3165 1442 3228 illi,
1495 3180 1612 3231 quia
1665 3165 1732 3218 de
1776 3164 1908 3216 cado
1950 3175 2176 3232 quatuor

611 3244 772 3297 initiis
799 3238 1222 3299 submittebatur,
1247 3236 1295 3286 in
1325 3249 1424 3302 qua
1446 3243 1597 3286 erant
1617 3235 1789 3285 omnia
1813 3234 2172 3301 quadrupedia

611 3323 788 3374 terris,
812 3321 864 3362 et
904 3308 1131 3374 volatilia
1169 3304 1306 3370 ca-li,
1339 3312 1397 3374 et
1427 3302 1611 3374 bestiae
1642 3303 1977 3374 etAreptilia:
2010 3314 2063 3356 et
2101 3305 2176 3358 ait

611 3383 675 3435 nd
711 3370 854 3441 eum,
885 3377 1068 3444 Surge,
1097 3373 1262 3444 Petre,
1295 3372 1462 3424 occide
1498 3382 1543 3423 ct
1572 3370 1836 3444 manduca.
1867 3373 1955 3424 Ait
1995 3383 2171 3444 autem

611 3451 875 3518 apostolus
900 3464 912 3500 :
941 3441 1098 3504 Absit,
1129 3443 1340 3518 Domine
1362 3457 1382 3518 _:
1409 3457 1678 3518 numquam
1697 3443 1849 3518 “enim
1877 3441 2174 3518 titanducavi

610 3509 754 3574 cuiue
780 3530 1038 3572 commune
1076 3524 1120 3567 et
1147 3512 1456 3566 immundum
1495 3511 1625 3577 (Act.
1659 3509 1743 3564 11).
1773 3512 1858 3565 15.
1893 3511 2173 3580 M).lgno-

608 3607 733 3644 inus
783 3589 922 3641 enim
973 3585 1194 3651 :euigma
1237 3581 1593 3651 similitudinis
1638 3580 1844 3645 Petrus,
1879 3591 2170 3649 puteusque

607 3658 822 3712 sensilia
855 3670 970 3708 esse
1005 3650 1124 3722 qua:
1170 3651 1397 3722 videbat,
1418 3650 1863 3722 nianducaturuin
1896 3664 1952 3722 se
1982 3661 2166 3722 negat,

606 3719 1042 3782 Consuetudinem
1080 3735 1298 3776 servans
1330 3719 1619 3784 .ludaicam,
1652 3729 1706 3772 et
1730 3721 1830 3782 ait,
1873 3719 2033 3783 Absit,
2067 3722 2170 3773 Uo-

609 3799 778 3852 mine:
808 3808 1075 3861 numquam
1115 3792 1245 3844 enim
1292 3788 1587 3861 manducavi
1629 3804 1772 3861 omne
1799 3805 2072 3861 commune
2124 3800 2169 3842 et

607 3856 948 3920 ιιιιιιιιιηιιιιηι.⁷
968 3862 1216 3915 Dominus
1243 3870 1418 3914 autem
1449 3859 1513 3910 ad
1541 3873 1660 3911 eum
1701 3856 1853 3921 dixit,
1883 3857 2008 3921 Quae
2035 3858 2170 3913 Deus

606 3937 909 4006 puri/impii,
939 3943 991 3984 tu
1019 3931 1302 3984 communia
1335 3929 1603 4006 ne_di~.reris
1634 3926 1865 4006 (lbid._v.
1897 3929 2007 4006 15).
2046 3929 2168 3984 Haec

606 3999 783 4073 itaque
806 4002 1188 4073 Salvatorcuin
1213 4000 1452 4073 apostolo
1470 3999 1849 4073 dissere_ba_t__de
1874 4000 2170 4073 quadrupef

604 4066 759 4129 dibus
789 4071 1159 4141 apparentibus
1189 4081 1241 4122 et
1273 4069 1451 4141 bestiis
1490 4082 1551 4120 ac
1594 4068 1926 4141 volatilibus;
1972 4066 2167 4123 Christi

605 4161 731 4197 vero
761 4138 1029 4208 apostolus
1079 4140 1264 4193 i’clrns
1311 4140 1565 4192 intellexit
1606 4147 1808 4208 postea,
1840 4138 2165 4192 Salvatorem

606 4232 709 4266 non
738 4207 968 4266 volatilia
1013 4221 1061 4264 et
1092 4210 1291 4276 belluas
1326 4207 1649 4276 significasse
1681 4223 1773 4274 per
1801 4208 2040 4269 linteum,
2073 4209 2166 4261 sed

603 4293 784 4351 gentes
814 4295 1020 4338 omnes,
1049 4280 1222 4351 aitque
1250 4275 1512 4342 Carnelio,
1537 4292 1656 4351 cum
1691 4277 1780 4351 illo
1819 4277 2161 4351 colloquens:

619 4346 713 4405 i’os
741 4351 874 4404 scitis
912 4349 1158 4417 quomodo
1197 4351 1535 4417 abominatum
1561 4350 1646 4417 sit
1685 4347 1788 4417 viro
1822 4346 2004 4417 Juda'o
2043 4365 2164 4399 cou-

603 4423 748 4495 juugi
772 4415 932 4472 alicui
961 4419 1290 4495 alienigena}:
1317 4415 1403 4468 sed
1422 4416 1810 4495 ‘miliiuostendit
1840 4415 1974 4494 Deus
2004 4419 2164 4495 nenii-

605 4484 719 4547 iteui
747 4505 1053 4544 communem
1093 4484 1178 4539 aut
1207 4486 1518 4539 inuuundum
1544 4484 1706 4537 dicere
1732 4485 1978 4538 hominem
2026 4487 2160 4555 (Act.

673 4567 964 4684 it?3t):ciesia
991 4627 1131 4680 nulla
1159 4627 1407 4680 distinctio
1437 4625 1599 4678 divitis
1630 4634 1674 4677 ct
1705 4625 1953 4693 pauperis.
1978 4655 2046 4663 —
2071 4625 2156 4678 Di.

603 4701 800 4765 dicisti,
835 4702 901 4752 mi
935 4701 1123 4761 frater,
1155 4698 1417 4766 quomode
1442 4697 1585 4748 varie
1615 4696 1903 4766 belluarum
1934 4697 2166 4763 appella-

602 4764 830 4824 tionibus
879 4769 1130 4822 fuerimus
1168 4764 1513 4824 ignominiosa
1556 4766 1758 4817 notati?
1803 4764 2002 4818 ltursus
2043 4780 2161 4819 cum

599 4841 790 4910 legeris
814 4841 864 4892 in
898 4837 1148 4910 propheta
1186 4807 1519 4910 fsaia,"f'u_uc
1545 4835 1692 4910 lupus
1712 4835 1867 4910 simul
1896 4850 2006 4910 cum
2033 4852 2164 4910 agno

598 4904 846 4980 miscetur,
883 4904 927 4960 et
950 4907 1306 4980 pardulis‘cum
1344 4905 1790 4980 ltwdaaccubabit,
1817 4915 1871 4980 et
1900 4904 1974 4980 leo
2003 4915 2049 4980 et
2077 4908 2164 4959 bos

598 4974 746 5032 Simul
774 4974 1060 5047 pascentur,
1090 4976 1302 5047 etsimul
1328 4975 1581 5027 comedent
1607 4976 1776 5040 paleas
1808 4974 1960 5047 (lsai.
1993 4977 2076 5027 11.
2108 4980 2159 5028 6.

599 5050 650 5103 7.
678 5059 720 5101 et
751 5045 836 5102 65.
865 5046 956 5114 25)
986 5064 997 5098 :
1029 5045 1258 5113 iutellige
1287 5047 1504 5113 a-nigma
1527 5085 1539 5107 ,
1571 5054 1623 5096 et
1645 5046 1784 5097 clare
1817 5045 2025 5112 percipe
2050 5047 2162 5112 ejus

600 5119 998 5186 intelligentiam
1019 5157 1032 5179 ,
1074 5117 1213 5184 quod
1254 5131 1358 5168 non
1391 5115 2004 5186 brutorumanimalium
2032 5130 2161 5169 con-

603 5184 813 5242 ventum
845 5187 1123 5254 signiticat,
1160 5186 1252 5238 sed
1286 5187 1553 5238 hominum
1584 5184 1754 5251 potius
1793 5189 2161 5252 congregatio-

596 5273 737 5319 nem,
773 5257 1029 5326 planeque
1061 5254 1267 5326 pietatis
1296 5256 1718 5307 communionem
1743 5255 2158 5326 interpretatur,

590 5338 648 5383 et
677 5323 896 5380 salutem
926 5339 1019 5393 per
1041 5325 1263 5392 gratiam
1293 5326 1537 5377 omnibus
1568 5324 1873 5376 mortalibus
1903 5323 2158 5391 all'ulgen-

597 5411 722 5451 tem.
752 5395 881 5449 Cum
912 5397 1048 5446 enim
1084 5410 1131 5444 iu
1165 5394 1382 5446 ecclesia
1413 5409 1693 5461 pauperem
1725 5393 1914 5447 videris
1935 5409 2053 5445 cmn
2082 5395 2154 5446 di-

594 5470 701 5521 vite
722 5469 1011 5518 adstantem
1039 5505 1051 5526 ,
1104 5478 1221 5514 cum
1263 5464 1568 5530 magistratu
1615 5465 1904 5530 pi'ivatuni,
1950 5472 2147 5515 tenueu'

595 5555 712 5593 cum
745 5537 949 5597 illustri,
979 5548 1203 5600 eumque
1227 5533 1312 5599 qui
1336 5535 1564 5586 exterius
1590 5543 1900 5602 potestatem
1927 5544 2152 5599 veretur,

593 5609 868 5664 considera
897 5604 1017 5674 quid
1049 5604 1144 5674 sibi
1174 5603 1294 5655 Velit
1327 5603 1468 5664 illud;
1497 5603 1668 5672 Lupus
1694 5621 1802 5655 cum
1825 5619 1954 5673 agno
1985 5619 2156 5672 pasce-

592 5690 691 5731 tur.
743 5673 943 5744 Lttpuni
978 5673 1221 5726 nimirum
1250 5676 1471 5739 appellat
1513 5676 1760 5737 divnem,
1809 5692 1996 5740 agnum
2036 5687 2158 5726 vero

593 5764 895 5819 pauperem.
924 5746 1072 5800 Unde
1095 5754 1270 5796 autem
1295 5745 1342 5795 id
1370 5746 1892 5819 constattquoniam
1919 5759 2156 5796 emuniu-

593 5814 789 5875 iuvabit
825 5817 1124 5882 lupa/cum
1156 5833 1321 5885 agno,
1355 5831 1456 5882 quo
1501 5814 1657 5868 modo
1684 5814 1831 5868 dives
1873 5828 1990 5867 cum
2032 5830 2157 5884 pau-

2135 396 2400 455 SPURIA.

3789 418 3898 473 524

2312 529 2457 600 pere.
2501 515 2681 600 dique
2715 517 2933 600 attende
2969 519 3269 600 diligenter.
3319 517 3535 600 Adstitit
3559 517 3889 600 plerumque

2311 583 2461 639 dives
2489 595 2543 640 et
2573 583 2773 655 pauper
2819 589 2870 642 in
2916 583 3142 644 ecclesia
3171 605 3184 642 :
3217 583 3618 656 comprehendit
3661 597 3713 642 te
3759 583 3886 644 hora

2310 658 2683 726 mysteriorum
2712 675 2724 711 :
2754 658 3037 726 expellitur
3068 659 3220 714 dives
3243 699 3258 724 ,
3300 669 3357 712 ut
3395 659 3612 712 minime
3652 659 3887 713 initiatus

2311 725 2598 795 mysteriis,
2630 737 2904 794 permanet
2922 740 3098 782 autem
3131 732 3264 781 intra
3285 729 3517 782 ctelestia
3543 728 3886 783 tabernacula

2309 795 2587 868 adstatque
2617 813 2831 868 pauper
2872 815 2887 851 :
2936 813 3117 868 neque
3149 807 3326 852 tamen
3372 798 3675 866 ind'gnatur
3701 799 3886 863 dives,

2348 863 2514 937 uippe
2541 863 2643 934 qui
2673 868 2881 937 noverit
2924 881 2984 922 se
3022 863 3052 921 ξι
3091 867 3283 922 divinis
3337 863 3603 937 mysteriis
3629 868 3883 922 alienum.

2348 880 2504 932 unppe
2541 880 2629 934 qui
2673 880 2881 920 noverit
2924 881 2984 922 se
3022 882 3052 921 a
3091 880 3283 922 omnis
3337 880 3603 937 myStcrus
3629 880 3883 922 alienum.

2307 880 2627 1000 auinetiam,
2658 950 2690 987 o
2717 935 2952 990 divinum
2980 937 3315 998 bemficium,
3346 952 3450 991 non
3482 936 3642 992 modo
3668 937 3888 1004 aequali-

2306 1011 2388 1056 tas
2417 1003 2632 1057 honoris
2658 1014 2740 1058 est
2764 1007 2814 1058 iu
2842 1008 3086 1074 ecclesia,
3114 1023 3234 1074 quae
3262 1022 3290 1059 a
3324 1007 3431 1061 Deo
3458 1019 3538 1062 eat
3569 1008 3760 1075 gratia,
3791 1005 3883 1062 sed

2311 1079 2366 1145 et
2394 1088 2514 1145 cum
2547 1083 2768 1143 uterque
2805 1076 3077 1142 substitit,
3115 1077 3424 1145 plerumque
3459 1092 3660 1144 pauper
3691 1077 3883 1145 pietate

2305 1140 2520 1215 divitem
2566 1140 2833 1215 antecellit
2865 1163 2877 1199 :
2907 1140 3078 1215 neque
3116 1140 3404 1215 quidquam
3442 1140 3590 1199 diviti
3634 1140 3878 1201 contule-

2304 1221 2427 1286 ιιι-ιιι
2451 1214 2515 1265 ad
2533 1213 2785 1286 pietatem
2811 1229 2940 1286 opes
2963 1213 3195 1286 {neque
3219 1213 3503 1286 paupertas
3531 1216 3674 1268 tideli
3707 1215 3878 1270 fraudi

2303 1279 2422 1344 fuit,
2453 1279 2550 1335 sed
2575 1298 2694 1336 eum
2717 1279 3049 1339 cum'liducia
3078 1279 3258 1338 curam
3285 1279 3469 1339 sancto
3495 1286 3680 1338 statuit
3707 1287 3876 1339 altari.

2372 1351 2425 1404 2.
2461 1352 2585 1406 Haec
2613 1363 2810 1420 autem,
2838 1354 3188 1419 dilectissimi,
3219 1356 3285 1409 de
3309 1355 3709 1409 catechumenis
3738 1371 3768 1408 λ
3794 1371 3877 1410 me

2301 1419 2570 1494 dicuntur,
2601 1438 2704 1477 non
2732 1419 2803 1478 de
2830 1424 3099 1492 quibusvis
3123 1425 3407 1492 Opulentis.
3437 1424 3694 1487 Adverte,
3731 1441 3876 1494 qua»

2302 1505 2383 1553 so,
2410 1492 2668 1564 animum,
2699 1494 2768 1546 ini
2801 1493 2980 1558 frater,
3010 1510 3073 1546 ac
3100 1495 3217 1548 vide
3242 1510 3353 1564 quo
3370 1504 3522 1562 pacto
3549 1508 3694 1563 sazpe
3710 1492 3878 1549 domi-

2302 1576 2400 1613 nus
2425 1563 2646 1616 excedat
2673 1579 2737 1618 ex
2766 1564 3013 1630 ecclesia,
3043 1573 3096 1618 et
3120 1563 3305 1618 servus
3331 1563 3503 1618 ﬁdelis
3541 1569 3711 1618 sacris
3741 1567 3872 1618 assi-

2300 1631 2419 1702 deat
2436 1634 2701 1702 mysteriis
2726 1651 2738 1685 :
2760 1634 3060 1702 egrediatur
3079 1634 3313 1693 domina,
3333 1643 3386 1686 et
3410 1643 3628 1686 maneat
3647 1635 3870 1690 ancilla:

2299 1697 2419 1773 Non
2456 1697 2596 1754 enim
2646 1697 2831 1770 accipit
2872 1703 3087 1756 hominis
3130 1704 3307 1773 faciem
3355 1701 3656 1772 Deus(Gal.
3689 1703 3746 1758 2.
3779 1705 3868 1773 6).

2297 1769 2413 1842 Νοιι
2437 1780 2517 1825 est
2548 1787 2675 1842 ergo
2703 1774 2751 1825 in
2782 1773 3016 1826 Ecclesia
3055 1769 3239 1827 servus
3267 1781 3322 1826 et
3359 1774 3493 1826 liber
3521 1769 3535 1835 ζ
3585 1773 3680 1825 sed
3729 1769 3870 1825 illum

2297 1841 2732 1911 novitiScriptura
2756 1858 2986 1906 servum,
3017 1843 3105 1911 qui
3130 1844 3369 1898 servituti
3402 1844 3603 1911 peccati
3634 1842 3874 1897 addictus

2295 1920 2395 1982 est.
2421 1910 2526 1982 Qui
2556 1912 2698 1982 enim
2722 1953 2734 1976 ,
2772 1913 2958 1982 inquit,
2996 1910 3117 1982 facit
3145 1910 3428 1980 peccatum,
3462 1929 3633 1965 servus
3661 1922 3736 1965 est
3764 1928 3872 1980 pec-

2295 1981 2394 2052 cati
2421 1978 2613 2052 (Joan.
2647 1981 2697 2036 8.
2730 1983 2798 2036 54
2816 1978 2860 2052 )ζ
2909 1978 3063 2035 Illum
3110 1978 3269 2035 etiam
3312 1983 3533 2035 liberum
3589 1978 3868 2052 agnoscit,

2295 2050 2382 2122 qui
2426 2067 2454 2100 a
2493 2051 2667 2106 divina
2697 2050 2865 2122 gratia
2907 2053 2956 2104 in
3000 2052 3296 2122 libertatem
3335 2061 3573 2105 assertus
3603 2061 3708 2104 est.
3743 2051 3871 2105 Nam

2293 2117 2419 2183 Lex,
2451 2122 2638 2189 inquit,
2667 2117 2875 2190 spiritus
2896 2123 3007 2175 tiin
3033 2123 3085 2174 in
3108 2121 3233 2174 Jesu
3257 2121 3453 2174 Christo
3480 2122 3709 2174 liberauit
3743 2138 3819 2173 me
3841 2137 3871 2173 ιι

2293 2189 2408 2261 lege
2425 2191 2613 2256 peccati
2639 2191 2812 2261 (Rom.
2841 2193 2893 2245 8.
2921 2194 3001 2259 2).
3024 2192 3154 2244 Cum
3183 2192 3341 2261 igitur
3371 2192 3483 2243 haec
3510 2194 3686 2258 imago
3715 2193 3870 2245 variis

2292 2260 2464 2311 modis
2488 2301 2501 2319 ,
2534 2271 2590 2312 ut
2612 2260 2736 2314 ante
2765 2261 3022 2323 diximus,
3057 2260 3310 2313 labefacta
3333 2271 3385 2314 et
3413 2261 3674 2314 dissoluta
3707 2272 3866 2323 esset,

2291 2330 2433 2380 venit
2462 2328 2720 2394 Salvator,
2753 2340 2806 2384 et
2832 2332 3094 2399 propriam
3124 2331 3403 2399 imaginem
3433 2331 3786 2394 restauravit;
3816 2344 3868 2384 et

2289 2412 2443 2470 quam
2476 2399 2720 2454 diabolus
2749 2402 3052 2470 dissiparat,
3081 2415 3198 2453 eam
3229 2402 3405 2470 ipsam
3424 2401 3541 2452 tulit
3561 2400 3754 2466 Opilex
3777 2399 3872 2453 bo-

2291 2481 2385 2539 mo_
2405 2467 2574 2520 factus
2594 2479 2797 2539 amator
2820 2467 3091 2524 hominum
3116 2509 3131 2535 ,
3171 2467 3275 2523 non
3298 2479 3354 2522 ut
3377 2469 3692 2539 dignitatem
3719 2484 3867 2522 suam

2288 2536 2548 2617 dedecore
2572 2537 2844 2617 afficeret,
2883 2545 2972 2617 sed
3003 2554 3150 2617 suam
3186 2555 3309 2608 erga
3348 2536 3458 2617 nos
3485 2540 3867 2617 benignitatem

2288 2605 2696 2661 demonstraret.
2733 2608 2880 2663 Unde
2909 2609 3010 2663 hoc
3038 2605 3270 2663 divinum
3297 2619 3348 2662 et
3371 2605 3687 2662 admirabile
3715 2609 3867 2662 indu-

2287 2686 2524 2748 mentum
2572 2678 2758 2732 beatus
2799 2679 2958 2732 David
3004 2683 3362 2748 prauiuntians
3403 2679 3578 2731 dixit:
3614 2677 3866 2731 Dominus

2285 2747 2509 2819 regnauit
2533 2786 2550 2819 ,_
2599 2748 2827 2819 decorem
2868 2747 3074 2802 indutus
3111 2760 3182 2802 est
3204 2751 3220 2819 (
3243 2748 3388 2801 Psal.
3415 2750 3504 2803 92.
3541 2748 3865 2816 i)?l\‘eque

2286 2829 2410 2887 sero
2442 2817 2703 2870 Divinitati
2736 2819 2989 2887 principio
3015 2817 3219 2873 carenti
3255 2829 3307 2872 et
3345 2820 3678 2885 iniorporete
3706 2819 3864 2871 datur

2286 2883 2650 2956 indumentum
2686 2883 2848 2956 (nihil
2876 2883 3016 2941 euini
3047 2899 3129 2942 est
3157 2889 3394 2941 ornatius
3441 2883 3548 2941 Deo
3589 2889 3863 2956 magisque

2283 2953 2533 3027 decorum
2562 2995 2576 3020 ,
2614 2953 2770 3024 quam
2800 2967 2857 3011 ut
2883 2959 2994 3027 ipse
3017 2958 3265 3011 decorem
3294 2957 3516 3027 induat)
3543 2997 3557 3020 ,
3597 2953 3726 3024 quin
3761 2953 3862 3010 hoc

2284 3025 2530 3078 humanae
2557 3035 2756 3080 natura:
2777 3025 3041 3081 convenit.
3073 3027 3281 3081 Etenim
3312 3044 3407 3080 nos
3430 3025 3677 3079 homines
3701 3042 3859 3079 mem-

2282 3093 2496 3147 brorum
2527 3095 2917 3151 deformitatem
2943 3097 3370 3150 iestimentorum
3397 3098 3592 3150 decore
3618 3098 3860 3165 contegi-

2281 3178 2399 3217 tuus
2436 3180 2451 3217 :
2479 3179 2659 3218 verum
2689 3180 2808 3218 cum
2852 3167 2990 3218 Deus
3030 3167 3252 3234 simplex
3292 3167 3393 3227 sit,
3426 3177 3476 3218 et
3505 3168 3620 3219 sine
3648 3166 3816 3234 figura
3838 3207 3856 3231 ,

2279 3235 2424 3303 solus
2447 3235 2644 3288 habens
2673 3236 3136 3303 immortalitatem,
3167 3237 3334 3289 lucem
3353 3235 3598 3288 habitans
3621 3236 3858 3289 inacces-

2279 3302 2484 3373 sibilent
2517 3305 2598 3372 (1.
2631 3303 2762 3356 Tim.
2789 3306 2840 3357 6.
2868 3308 2977 3373 16),
3005 3302 3328 3373 ιιιιοιΙεουιθ
3353 3316 3489 3372 eget,
3521 3317 3614 3357 aut
3644 3322 3751 3371 quo
3779 3307 3858 3358 in-

2277 3371 2533 3426 dumento
2555 3376 2813 3428 ornatur?
2856 3371 3004 3428 Unde
3024 3371 3366 3440 perSpicuum
3391 3371 3488 3428 est
3537 3379 3853 3443 prophetam

2278 3443 2626 3511 appellavisse
2653 3443 2922 3508 decorem,
2954 3445 3193 3512 corporis
3213 3447 3652 3512 assumptionem.
3683 3448 3854 3510 Quin-

2277 3513 2435 3565 etiam
2479 3523 2631 3566 vocat
2675 3513 3005 3578 decentiam,
3036 3515 3303 3581 propriam
3336 3529 3552 3566 carnem
3581 3553 3596 3577 ,
3647 3530 3752 3566 non
3784 3516 3854 3568 ob

2276 3582 2514 3651 corporis
2545 3591 2819 3647 naturam,
2853 3581 2946 3636 sed
2968 3583 3036 3635 ob
3058 3584 3306 3637 virtutum
3338 3582 3740 3652 perfectionem.
3772 3583 3854 3636 ld-

2274 3654 2417 3704 circo
2436 3652 2688 3705 decorum
2709 3666 2899 3721 corpus
2923 3651 3150 3718 Domini,
3180 3667 3284 3706 non
3307 3651 3444 3721 quod
3465 3667 3661 3719 corpus
3693 3651 3855 3708 fuerit

2273 3722 2464 3783 solum,
2497 3721 2590 3774 sed
2622 3721 2767 3784 Quod
2795 3732 3049 3791 peccatum
3076 3739 3174 3775 non
3200 3722 3392 3791 fecerit,
3423 3737 3579 3789 neque
3607 3722 3753 3774 dolus
3772 3725 3852 3774 in-

2275 3803 2444 3843 reutus
2473 3791 2536 3862 sit
2559 3792 2611 3844 in
2631 3807 2716 3844 ore
2735 3791 2861 3862 ejus.
2890 3789 3139 3844 Dominus
3164 3789 3407 3862 regnavit,
3436 3793 3664 3844 decorem
3694 3793 3851 3844 indu-

2275 3868 2352 3931 tus
2377 3871 2445 3931 est
2478 3858 2625 3930 (Isai.
2651 3858 2847 3931 55.9).
2880 3862 2968 3915 Sic
2997 3865 3155 3915 etiam
3179 3858 3252 3914 ait
3283 3861 3464 3926 Isaias,
3496 3861 3639 3930 quod
3660 3876 3850 3916 omnes

2275 3930 2518 3984 homines
2559 3930 2883 4000 _induct,et
2935 3931 3281 3986 circumdabit
3331 3932 3480 4000 quasi
3533 3942 3849 3985 ornamento

2272 4014 2481 4068 sponsae
2511 3998 2667 4068 (lsai.
2694 4001 2782 4054 49.
2814 4001 2935 4069 18).
2969 4000 3186 4053 lndutus
3210 4011 3280 4054 est
3310 3998 3557 4052 Donaiuus
3585 4002 3849 4069 fortitudi-

2273 4086 2403 4134 nem,
2431 4080 2478 4122 et
2504 4071 2764 4140 prwciuxit
2786 4084 2875 4140 se;
2898 4081 2970 4132 ct,
3000 4070 3267 4140 Accingere
3295 4071 3463 4140 gladio
3491 4082 3574 4121 tuo
3591 4073 3743 4138 super
3771 4073 3847 4139 fe-

2272 4156 2383 4192 mur
2411 4149 2566 4204 tuum,
2596 4149 2766 4208 potens
2793 4139 2970 4208 (Psal.
2995 4139 3081 4194 92.
3115 4141 3169 4194 1.
3195 4150 3240 4192 et
3267 4139 3355 4194 44.
3385 4140 3452 4207 4)
3480 4179 3495 4203 ,
3535 4149 3590 4192 et
3618 4156 3736 4207 qua:
3765 4157 3852 4194 se-

2272 4220 2522 4280 quuntur.
2572 4217 2740 4277 Atque
2783 4213 2894 4263 inec
2925 4220 3189 4279 tamquam
3235 4221 3496 4262 armatum
3539 4211 3846 4278 quempiam

2272 4279 2447 4348 regem
2475 4280 2739 4333 Christum
2770 4279 3169 4343 demonstrant,
3202 4295 3346 4332 arma
3374 4281 3617 4348 quaedam
3651 4282 3849 4335 terreni

2271 4350 2509 4418 corporis
2541 4350 2776 4402 indutum
2808 4367 2820 4402 :
2853 4359 2906 4402 et
2925 4351 3114 4403 merito
3146 4350 3361 4403 terreni.
3385 4348 3502 4402 Non
3533 4351 3676 4402 enim
3700 4350 3849 4402 simi—

2271 4420 2392 4472 liter
2420 4430 2575 4488 atque
2605 4418 2844 4472 homines
2869 4433 3103 4472 armatur
3127 4459 3139 4482 ,
3167 4427 3220 4473 et
3243 4418 3386 4482 audi,
3420 4424 3710 4485 quomodo.
3741 4419 3849 4472 Nos

2272 4488 2510 4540 homines
2530 4503 2648 4542 cum
2668 4491 2974 4557 plerumque
2993 4503 3280 4556 armantur,
3308 4493 3448 4558 quod
3470 4492 3738 4542 infirmum
3765 4498 3850 4544 est

2273 4567 2502 4610 tutamur
2530 4572 2594 4611 eo
2620 4558 2758 4626 quod
2787 4558 2922 4612 forte
2946 4559 3067 4612 est?
3111 4558 3203 4612 sed
3245 4562 3379 4612 Deus
3409 4559 3498 4625 qui
3532 4559 3682 4612 fortis
3727 4571 3805 4612 est
3828 4601 3844 4621 ,

2269 4637 2322 4700 et
2347 4628 2548 4700 validus
2570 4667 2584 4691 ,
2627 4638 2679 4700 et
2706 4637 2889 4695 potens
2911 4667 2924 4691 ,
2963 4637 3231 4700 terrenum
3252 4637 3307 4681 et
3331 4628 3618 4681 inValidum
3654 4642 3849 4700 corpus

2271 4698 2456 4768 induit,
2488 4713 2589 4750 non
2612 4698 2937 4752 dedeCoraus
2967 4698 3270 4768 dignitatem
3300 4713 3448 4750 suam
3471 4738 3485 4763 ,
3530 4713 3713 4751 verum
3745 4698 3847 4768 po-

2271 4767 2474 4820 testatis
2513 4783 2621 4821 suae
2665 4768 3018 4836 praestantiam
3060 4782 3152 4836 per
3194 4767 3462 4820 infirmum
3511 4769 3842 4821 ostendens:

2269 4839 2405 4890 sicut
2431 4838 2562 4890 dixit
2601 4837 2791 4901 Paulo,
2841 4837 2928 4905 qui
2974 4838 3298 4905 supplicabat
3339 4837 3472 4905 ipsi:
3523 4838 3718 4906 Suﬁicit
3759 4839 3847 4891 tibi

2268 4909 2431 4975 gratia
2473 4922 2618 4959 mea:
2650 4924 2763 4958 nam
2805 4909 2958 4960 virtus
3003 4923 3112 4960 utea
3153 4908 3203 4958 in
3241 4908 3538 4974 inﬁrmitate
3587 4908 3848 4974 perﬁcitur

2270 4982 2357 5046 (2.
2390 4979 2505 5030 Cor.
2532 4977 2616 5030 12.
2650 4978 2682 5030 9
2703 4977 2742 5047 )ρ
2775 4977 2922 5032 Unde
2942 4991 3060 5029 cum
3085 4977 3276 5030 nobilis
3307 4978 3391 5030 hic
3421 4977 3696 5047 apostolus
3721 4993 3846 5044 pra:-

2269 5049 2412 5100 clare
2442 5046 2762 5115 percepisSet
2800 5062 2861 5100 ea
2904 5062 3018 5114 qua:
3050 5049 3148 5098 sibi
3173 5047 3310 5099 dicta
3338 5057 3492 5100 erant
3514 5085 3529 5111 ,
3558 5047 3623 5099 ad
3650 5046 3844 5099 Corin-

2269 5118 2408 5170 thios
2433 5118 2669 5170 scribens
2697 5118 2797 5176 ait,
2829 5118 2972 5180 Quod
2999 5117 3253 5182 infirmum
3297 5127 3367 5168 est
3398 5116 3491 5168 Dei
3514 5157 3529 5180 ,
3565 5118 3746 5185 fortius
3774 5126 3841 5170 est

2271 5186 2566 5238 hominibus.
2603 5186 2830 5256 ludutus
2853 5195 2923 5238 est
2953 5185 3198 5238 Dominus
3225 5188 3571 5256 fortitudinem
3602 5188 3688 5254 (1.
3721 5189 3839 5239 Cor.

2272 5259 2317 5310 1.
2350 5257 2455 5324 25)
2487 5272 2498 5304 :
2534 5256 2632 5308 hoc.
2662 5267 2771 5320 est,
2803 5254 3251 5324 dispensationem
3278 5257 3576 5310 elucentem
3607 5272 3700 5325 per
3724 5271 3838 5309 car-

2267 5341 2409 5379 nem.
2453 5326 2587 5392 Quid
2620 5329 2762 5379 enim
2789 5326 2874 5378 illa
2911 5326 3136 5393 pretiosa
3165 5336 3216 5378 et
3246 5337 3428 5379 sancta
3461 5342 3624 5380 carne
3658 5337 3840 5394 poten-

2269 5396 2412 5449 tius?
2438 5397 2560 5462 quid
2587 5408 2742 5464 μοι·ιο
2771 5395 2995 5448 fortius?
3034 5395 3240 5448 Etenim
3276 5411 3366 5462 per
3385 5411 3576 5465 corpus
3599 5397 3842 5463 corporis

2266 5475 2510 5532 expertes
2536 5475 2589 5518 et
2615 5469 2870 5531 malignos
2890 5466 3158 5518 daemones
3178 5466 3459 5519 debellavit
3483 5481 3498 5526 ;
3527 5475 3582 5518 et
3605 5481 3698 5534 per
3727 5481 3844 5520 cru-

2265 5550 2379 5587 cem
2413 5537 2476 5587 dc
2503 5536 2818 5587 adversariis
2840 5536 3182 5601 potestatibus
3212 5535 3574 5601 triumphavit.
3607 5541 3843 5590 Attende

2266 5606 2562 5671 diligenter.
2593 5604 2829 5656 ludulum
2861 5613 2913 5656 et
2943 5607 3392 5658 circumamictum
3424 5620 3545 5658 esse
3577 5607 3843 5674 signiﬁcat

2265 5675 2717 5742 circumscriptum
2745 5689 2881 5726 esse.
2906 5674 3034 5726 Cum
3068 5678 3222 5741 igitur
3247 5685 3424 5726 sancta
3459 5684 3512 5726 et
3551 5680 3842 5728 ineircutu-

2265 5745 2459 5810 scripta
2488 5755 2670 5797 natura
2698 5744 2962 5796 videretur
2988 5745 3039 5796 in
3066 5760 3286 5813 corpore
3311 5747 3698 5804 circumscribi.
3734 5761 3841 5800 non

2269 5816 2658 5885 cu'cutusciipta
2695 5816 2908 5883 quidem
2940 5815 3225 5870 secundum
3257 5817 3525 5885 prOpriam
3551 5829 3801 5872 naturam
3824 5854 3840 5883 ,
