4128 6504
577 464 688 520 895

571 567 868 632 Jerusalem,
905 568 1206 640 Jerusalem.
1239 567 1365 621 Nam
1415 568 1550 640 Deus
1581 569 2140 640 invitusicompellitur

574 654 692 692 cum
718 653 905 705 magno
925 638 1108 692 dolore
1137 647 1439 706 peccatores
1464 639 1731 693 damnare.
1760 639 1871 694 Non
1899 638 2037 696 enim
2065 645 2139 695 sic

573 707 732 779 dolet,
763 712 882 776 quia
916 708 1026 775 ipse
1054 709 1128 779 ab
1148 709 1223 761 cis
1251 707 1549 770 offenditur,
1582 710 1670 762 sed
1701 711 1818 777 quia
1847 713 1994 779 quasi
2027 711 2139 763 vio-

574 777 974 848 lenter‘cogitur
1004 777 1224 848 perdere
1252 779 1498 848 aliquem,
1529 780 1615 846 qui
1647 795 1830 832 omnes
1867 777 2010 848 cupit
2040 781 2140 833 sal-

574 862 715 899 vare.
743 845 869 898 Nam
915 847 1354 914 quemadmodum
1398 849 1446 901 in
1499 845 1648 902 nobis
1678 859 1857 902 contra
1902 845 2137 903 naturam

571 926 649 966 est
679 916 808 969 bene
845 915 1034 978 facere,
1063 918 1139 970 sic
1177 925 1230 968 et
1269 918 1376 969 Deo
1403 930 1584 970 contra
1617 930 1854 971 naturam
1885 931 1965 972 est
2002 921 2141 973 male

574 982 762 1046 facere,
793 994 884 1056 aut
930 985 1165 1052 perdere.
1205 986 1305 1040 Sed
1351 987 1488 1040 dicet
1518 988 1707 1056 aliquis
1737 1005 1748 1039 :
1783 988 1911 1041 Cum
1955 990 2003 1041 in
2044 1004 2139 1056 po-

575 1063 759 1106 testate
792 1054 980 1108 habeat
1009 1056 1143 1108 Deus
1175 1056 1395 1123 perdere
1425 1069 1475 1110 ct
1508 1054 1731 1116 salvare,
1765 1059 1880 1124 quis
1911 1054 2139 1112 eum—in-

573 1124 739 1194 vitum
778 1125 1042 1190 compellit
1083 1126 1454 1190 condemnare,
1485 1126 1527 1177 si
1580 1143 1683 1179 non
1725 1128 1865 1178 vult?
1908 1128 2003 1189 Tu,
2048 1128 2138 1194 qui

487 1220 500 1228 -
575 1208 678 1246 non
711 1193 981 1264 desideras
1011 1195 1419 1264 miscricordiam
1452 1196 1559 1248 Dei.
1592 1195 1719 1248 Nam
1746 1193 2140 1264 sicutquideSi-

574 1263 776 1315 deranti
801 1263 1208 1316 misericordiam
1244 1264 1332 1315 Dei
1365 1265 1608 1329 denegat,
1649 1265 1875 1318 crudelis
1908 1263 1987 1318 est
2017 1284 2030 1318 :
2063 1267 2139 1319 sic

570 1333 657 1400 qui
690 1347 791 1402 non
832 1331 1146 1385 desideranti
1197 1334 1607 1402 misericordiam
1646 1345 1878 1402 priestat,
1915 1335 2138 1400 injustus

571 1410 673 1454 est.
697 1401 799 1454 Sed
817 1401 946 1454 dicis
972 1419 984 1452 :
1008 1403 1134 1465 Quis
1156 1411 1236 1455 est
1259 1401 1433 1466 homo,
1463 1405 1547 1467 qui
1576 1401 1676 1455 non
1701 1404 1960 1456 desiderat
1981 1406 2137 1458 misc-

574 1472 852 1523 ricordiam
884 1472 1009 1522 Dei?
1036 1473 1137 1536 Tu,
1159 1472 1245 1537 qui
1273 1487 1545 1538 permanes
1568 1473 1617 1524 in
1646 1475 1890 1540 peccatis.
1925 1474 2139 1527 Deside.

572 1556 688 1592 rare
715 1548 887 1592 autem
917 1540 1327 1593 misericordiam
1373 1541 1488 1601 Dei.
1527 1551 1606 1594 est
1642 1543 1873 1594 converti
1904 1543 1967 1594 ad
1993 1558 2131 1595 eum.

572 1608 664 1662 Ille
713 1609 852 1661 enim
893 1608 1161 1662 desiderat
1215 1610 1625 1662 tuism-iciu'diam
1679 1611 1806 1673 Dei,
1853 1612 1940 1678 qui
1991 1613 2137 1663 timet

570 1680 696 1730 irant
716 1679 831 1745 ejus
849 1695 860 1729 :
876 1678 960 1745 qui
979 1689 1153 1730 autem
1173 1694 1276 1731 non
1292 1681 1437 1731 timet
1456 1681 1584 1731 iram
1601 1679 1733 1745 ejus,
1757 1696 1857 1731 non
1875 1680 2138 1733 desiderat

569 1747 982 1800 misericordiam
1005 1748 1140 1816 ejus,
1163 1748 1253 1800 sed
1275 1749 1582 1800 contemnit.
1605 1747 1907 1807 Jerusalem,
1926 1747 2134 1800 Jerusa-

567 1818 685 1880 lem,
709 1833 826 1884 qua:
852 1831 1015 1883 usque
1043 1831 1180 1868 nunc
1209 1817 1397 1870 luctata
1428 1832 1484 1868 es
1513 1827 1693 1868 contra
1724 1818 2133 1869 miscricordiam

572 1901 740 1937 meam
765 1886 866 1938 tuis
889 1887 1132 1952 peccatis.
1155 1901 1291 1937 nunc
1314 1894 1485 1937 autem
1515 1887 1677 1952 ipsam
1705 1889 1977 1952 superasti.
2005 1886 2135 1938 Volo

568 1955 788 2007 cnim-in
813 1964 863 2007 te
894 1955 1149 2014 misereri,
1177 1955 1269 2007 sed
1301 1956 1435 2005 vires
1470 1954 1842 2006 misericordia:
1887 1955 2134 2008 facienda:

571 2038 674 2074 non
704 2023 890 2084 habeo,
915 2038 1009 2075 nec
1031 2034 1244 2089 possunt
1269 2033 1317 2075 te
1332 2022 1555 2089 amplius
1572 2022 1678 2088 jam
1703 2023 1941 2076 sufferre.
1966 2023 2135 2076 Inces-

570 2093 822 2145 sabilibus
837 2094 973 2144 enim
994 2093 1348 2159 iniquitatibus
1367 2092 1466 2142 tuis
1485 2091 1840 2144 misericordia
1860 2109 1971 2145 mea
1985 2091 2132 2158 quasi

565 2161 670 2229 jam
701 2161 919 2223 lassata,
946 2177 972 2212 a
1000 2162 1266 2228 proposito
1293 2175 1386 2213 suo
1413 2160 1622 2212 defecit.
1658 2161 1782 2225 Qua:
1806 2162 1989 2212 occidis
2018 2178 2134 2228 pro-

606 2230 742 2283 Iietas
767 2272 781 2294 ,
811 2241 856 2282 et
887 2231 1082 2297 lapidas
1110 2245 1194 2282 eos
1224 2231 1306 2296 qni
1339 2230 1599 2279 ntittuntur
1629 2230 1694 2278 ait
1737 2239 1802 2280 te.
1849 2230 1958 2280 Misi
1988 2231 2051 2281 ad
2081 2238 2134 2282 te

606 2248 742 2283 118108
767 2272 781 2294 ,
811 2248 856 2282 ει
887 2248 1082 2297 taptaas
1110 2248 1194 2282 808
1224 2248 1306 2296 qnt
1339 2248 1599 2279 mtuumur
1629 2248 1692 2278 αιι
1737 2248 1802 2280 ιε.
1849 2248 1958 2280 ιιιιςι
1988 2248 2051 2281 :l(l
2081 2248 2134 2282 lc

569 2248 752 2352 rsuiulll
778 2340 793 2362 ,
834 2309 888 2352 et
926 2299 1137 2352 serrasd
1183 2314 1301 2350 eum
1340 2315 1351 2347 :
1389 2297 1506 2349 misi
1546 2297 1608 2348 ad
1651 2306 1700 2350 te
1741 2298 2053 2360 Jeremiam,
2081 2307 2134 2350 et

569 2368 807 2434 tapidasti
852 2383 970 2421 eum
1008 2368 1164 2419 :misi
1214 2367 1538 2420 Ezechielein
1567 2407 1580 2427 ,
1624 2377 1676 2419 et
1721 2376 1936 2419 tractum
1973 2383 2134 2433 super

569 2437 768 2504 lapides
799 2437 1151 2490 cxcerebrasti
1179 2452 1317 2490 eum.
1370 2435 1646 2500 Quomodo
1677 2436 1946 2488 sanaberis
1969 2477 1984 2499 ,
2015 2452 2132 2504 qnze

568 2507 767 2559 nullum
814 2507 876 2558 ad
919 2515 968 2558 te
1011 2507 1269 2558 medicum
1307 2506 1486 2556 venire
1531 2507 1828 2572 permittis?
1869 2506 2132 2572 quomodo

566 2577 764 2629 curabo
806 2576 1158 2628 infirmitatem
1203 2583 1378 2633 tuam,
1421 2589 1535 2641 qua:
1567 2589 1777 2626 omnem
1819 2575 2130 2628 medicinam

565 2645 884 2698 conculcas?
928 2644 1133 2697 Sanctis
1171 2645 1301 2696 meis
1331 2659 1432 2695 non
1463 2648 1670 2710 peperci
1699 2685 1712 2706 ,
1744 2653 1797 2695 ut
1826 2645 1914 2696 tibi
1947 2660 2129 2712 parce-

571 2731 681 2768 rem
714 2715 1007 2782 pcccatriei.
1040 2715 1247 2766 Illorum
1277 2716 1432 2764 vitam
1463 2712 1698 2775 neglexi,
1728 2730 1792 2765 ne
1819 2722 1956 2764 luam
1987 2730 2130 2766 mor-

567 2794 672 2838 tem
703 2785 956 2838 viderem.
989 2785 1181 2836 Omncs
1211 2783 1398 2835 medici
1441 2783 1734 2848 Spiriluales
1765 2783 1815 2834 in
1846 2791 1892 2836 te
1919 2783 2130 2837 defece-

566 2863 726 2916 runt,
754 2863 806 2906 et
833 2863 884 2904 tu
913 2863 1089 2904 curata
1120 2868 1219 2903 non
1248 2867 1326 2903 es.
1367 2850 1674 2903 Insatiabilis
1698 2861 1778 2903 est
1806 2853 1976 2916 passio
2008 2861 2127 2917 tua;

566 2922 690 2974 vicit
717 2925 856 2976 enim
909 2931 1073 2974 artem
1127 2922 1376 2972 divinam.
1423 2920 1474 2972 Si
1505 2920 1570 2972 de
1611 2928 1778 2972 morte
1809 2930 1890 2972 tua
1925 2925 2132 2988 gavisus

569 2991 781 3044 fuissem
807 3033 819 3055 ,
853 3006 1136 3057 numquam
1174 2990 1238 3042 ad
1268 3000 1316 3042 te
1346 2990 1606 3041 misissem
1640 2989 1939 3056 prophetas.
1987 2992 2039 3042 Si
2084 3002 2132 3043 te

567 3060 785 3128 perdere
809 3063 1110 3121 voluissem,
1135 3075 1415 3125 numquam
1439 3057 1500 3108 ad
1528 3067 1576 3109 te
1599 3074 1694 3124 ego
1719 3061 1826 3124 ipse
1850 3061 2128 3113 venissem.

568 3130 677 3198 Ego
707 3131 793 3183 tibi
826 3130 948 3196 quid
982 3128 1163 3182 faciam
1191 3169 1204 3188 ,
1231 3130 1272 3180 si
1303 3138 1354 3180 ιιι
1388 3129 1493 3194 ipsa
1523 3129 1696 3179 vivere
1724 3144 1824 3198 non
1855 3129 1968 3179 vis?
1998 3132 2129 3191 Quo-

565 3197 653 3251 ties
678 3201 808 3251 volui
833 3215 1131 3267 congregare
1159 3198 1289 3261 [ilius
1315 3209 1421 3249 tuos
1444 3238 1456 3257 ,
1488 3199 1623 3267 sicut
1649 3197 1838 3265 gallina
1868 3209 2131 3266 congregat

565 3270 726 3336 pullos
757 3284 889 3331 suos,
924 3265 966 3319 ἐι
994 3265 1236 3320 noluisti?
1263 3268 1390 3319 Cum
1431 3275 1478 3317 te
1509 3266 1556 3317 in
1580 3265 1808 3336 r'Egypto
1835 3271 1979 3333 quasi
2012 3265 2132 3319 san-

563 3335 840 3404 guiuarius
862 3339 1110 3405 accipiter
1142 3338 1548 3405 persequebatur
1576 3335 1795 3405 l'ltut'at),
1827 3337 1940 3386 misi
1975 3354 2130 3402 super

566 3402 614 3458 ιο
643 3407 834 3459 Mosem
865 3418 916 3460 ct
945 3402 1115 3459 Aaron
1147 3404 1335 3472 (Exod.
1367 3407 1420 3457 4.
1451 3415 1500 3456 el
1589 3402 1638 3472 );
1670 3407 1813 3468 quasi
1841 3406 1969 3456 duas
2001 3409 2132 3456 mol-

565 3477 790 3528 lissimas
837 3492 1033 3540 pennas
1073 3475 1444 3526 misericiirdia:
1475 3490 1605 3525 mea:
1627 3515 1638 3533 ,
1670 3484 1720 3525 ct
1763 3476 2008 3526 liberatos
2040 3490 2130 3526 vos

565 3546 630 3598 de
659 3545 917 3612 unguibus
942 3548 1055 3611 ejus
1082 3544 1226 3610 rapui
1259 3545 1305 3594 in
1334 3544 1618 3603 chertum,
1644 3555 1694 3595 et
1719 3545 1959 3596 noluistis
1984 3546 2127 3608 sequi

567 3631 650 3666 me
675 3655 687 3675 ,
722 3616 968 3667 facientes
1000 3615 1144 3665 vobis
1175 3614 1391 3664 vitulum
1437 3613 1487 3663 in
1537 3612 1708 3664 Horeh
1733 3651 1745 3673 ,
1777 3620 1830 3662 ut
1867 3614 2130 3663 serviretis

564 3685 737 3752 potius
775 3684 911 3734 idolo
942 3695 1146 3734 mortuo
1168 3723 1180 3745 ,
1211 3697 1364 3749 quam
1408 3682 1513 3734 Deo
1543 3681 1735 3752 viventi
1790 3682 1805 3747 (
1833 3678 1964 3752 Ibid.
1995 3681 2061 3752 5‘).
2089 3682 2127 3748 ).

568 3750 803 3816 Quotiens
831 3755 959 3803 volui
988 3767 1285 3817 congregare
1311 3752 1440 3815 filios
1458 3760 1585 3810 tuos,
1605 3751 1728 3800 sicut
1753 3751 1939 3816 gallina
1969 3750 2130 3815 pullos

563 3839 678 3879 suos
703 3863 716 3885 ,
748 3833 789 3873 et
816 3821 1057 3873 noluisti?
1089 3825 1339 3873 t’crcurrc
1365 3860 1377 3878 ρ
1409 3822 1449 3871 si
1485 3820 1559 3871 vis
1580 3860 1595 3882 ,
1627 3820 1865 3871 Judicum
1902 3819 2089 3870 librum
2111 3860 2125 3882 ,

566 3894 806 3958 qttotiens
835 3900 1179 3957 peccaverunt
1204 3901 1254 3941 et
1283 3889 1492 3941 tradidit
1520 3889 1635 3940 illos
1669 3890 1830 3946 Deus.
1859 3897 1911 3940 et
1942 3890 2125 3940 iterum

567 3963 838 4013 liberavit?
887 3961 1179 4018 Gallinam,
1232 3959 1477 4011 Ecclesia:
1523 3959 1664 4024 ponit
1710 3958 2126 4010 similitudinem.

566 4034 711 4083 Sicut
741 4032 877 4081 cnim
909 4031 1034 4097 pulli
1062 4029 1366 4096 gallinarum
1402 4037 1602 4093 pastum
1631 4043 1782 4078 suum
1810 4037 2125 4093 quaerentes,

569 4115 661 4167 per
686 4099 890 4149 diversa
923 4110 1192 4165 vagantur,
1224 4109 1276 4149 et
1306 4098 1553 4147 maternis
1577 4098 1789 4147 vocibus
1812 4111 2128 4167 congregan-

569 4166 651 4220 tur
689 4167 752 4218 ad
799 4168 961 4233 ipsam
989 4207 1001 4225 ,
1031 4177 1082 4218 et
1123 4167 1307 4217 iterum
1345 4167 1584 4215 similiter
1626 4175 1894 4228 pascentes
1923 4166 2128 4230 disper-

566 4247 774 4304 guntur,
803 4247 854 4288 et
884 4237 1068 4288 iterum
1099 4235 1348 4287 maternis
1375 4236 1587 4304 νιιοιὺιιδ
1612 4242 1992 4304 congregantur
2018 4252 2028 4284 :
2054 4235 2129 4285 sic

565 4303 617 4359 et
649 4307 867 4373 populus
902 4306 1025 4367 Dei;
1068 4307 1330 4356 earnalein
1364 4303 1677 4373 voluptatem
1716 4311 1768 4354 et
1813 4303 2127 4354 mundialem

565 4372 1040 4443 Concupisccntiain
1087 4383 1406 4441 sequentes,
1465 4388 1555 4437 per
1597 4372 1830 4443 diversos
1879 4383 2131 4443 vagantur

565 4442 773 4498 errores
801 4485 814 4503 ,
847 4459 978 4510 quos
1013 4444 1237 4495 Ecclesia
1272 4452 1436 4493 mater
1477 4456 1568 4507 per
1605 4442 1904 4493 sacerdotes
1930 4481 1943 4501 .
1975 4442 2130 4493 modo

569 4513 1032 4580 increpatitmilms,
1058 4515 1210 4563 modo
1234 4510 1621 4571 blainlnnentis,
1647 4511 1797 4580 quasi
1815 4510 2126 4580 quibusdam

566 4579 781 4636 vocibus
810 4598 1126 4648 congregare
1166 4592 1217 4633 et
1247 4582 1494 4631 allectare
1526 4580 1750 4632 festinat.
1784 4579 1849 4631 Et
1875 4579 2128 4646 quemad—

569 4655 781 4706 inodum
814 4654 1002 4719 gallina
1035 4652 1230 4702 habens
1264 4650 1449 4716 pullos.
1480 4649 1712 4700 vocando
1741 4650 1857 4700 illos
1885 4665 1985 4700 non
2012 4663 2126 4700 ces-

568 4735 680 4782 sat,
725 4731 778 4772 ttt
812 4718 1019 4772 assidua
1062 4736 1188 4771 voec
1220 4719 1556 4786 vagositatcm
1599 4719 1830 4784 corrigat
1872 4718 2128 4784 pullorum

566 4808 780 4845 suorum
816 4807 826 4840 :
857 4793 929 4842 sic
969 4799 1022 4842 et
1061 4789 1357 4841 sacerdotes
1406 4788 1453 4838 in
1494 4786 1729 4838 doctrina
1774 4801 1982 4838 cessare
2027 4803 2127 4838 non

567 4862 757 4914 debent
781 4901 792 4917 .
827 4871 881 4910 ut
918 4860 1088 4910 studio
1118 4870 1168 4909 et
1193 4858 1496 4910 assiduitate
1525 4857 1879 4907 doctrinarum
1918 4871 2127 4907 suarum

569 4929 933 4997 negligentiam
979 4929 1150 4995 populi
1185 4929 1408 4980 errantis
1437 4926 1734 4997 emendent.
1785 4926 1847 4977 Et
1876 4926 2129 4997 quemad-

569 4995 778 5051 modum
810 4998 998 5065 gallina
1029 4999 1224 5049 habens
1265 4998 1430 5063 pullos
1454 5035 1465 5054 ,
1502 5012 1602 5046 non
1634 4995 1802 5065 solum
1831 5011 1956 5046 suos
1986 4995 2126 5048 cale-

568 5070 688 5122 facit
714 5110 724 5128 .
756 5064 846 5120 sed
883 5069 1040 5120 etiam
1073 5068 1443 5132 cujuscumque
1472 5064 1697 5116 volatilis
1725 5064 1858 5116 filios
1889 5066 2129 5116 exclusos

566 5155 592 5190 a
625 5154 681 5192 se
711 5139 876 5204 diligit
902 5137 1044 5203 quasi
1074 5151 1195 5186 suos
1220 5153 1231 5186 :
1262 5137 1325 5186 ita
1356 5146 1405 5186 et
1434 5135 1662 5186 Ecclesia
1688 5149 1789 5185 n0n
1814 5133 1981 5184 solum
2007 5148 2131 5204 suos

567 5202 893 5260 Christianos
922 5202 1098 5258 Studet
1129 5219 1333 5265 vocare,
1367 5204 1458 5257 sed
1488 5205 1598 5256 sive
1627 5204 1864 5269 gentiles,
1900 5204 2008 5252 sive
2038 5202 2127 5253 Ju-

568 5279 666 5331 dtei
691 5317 706 5338 ,
737 5278 778 5328 si
808 5276 1059 5344 suppositi
1099 5275 1169 5326 illi
1204 5274 1391 5326 fuerint
1416 5317 1426 5335 ,
1460 5289 1643 5326 omnes
1678 5273 1792 5324 lidei
1825 5288 1930 5322 sua:
1956 5272 2131 5323 calore

568 5348 813 5407 vivitiCat,
837 5356 888 5399 et
915 5347 965 5397 in
995 5346 1250 5412 baptismo
1271 5354 1503 5410 generat,
1527 5353 1580 5395 ct
1607 5345 1652 5394 in
1677 5356 1918 5394 sermone
1945 5349 2127 5412 nutrit,

565 5427 620 5468 et
645 5427 876 5468 materna
904 5410 1076 5480 diligit
1098 5414 1330 5466 caritate.
1367 5412 1429 5463 Ut
1455 5424 1624 5462 autem
1654 5421 1705 5463 ct
1731 5413 1990 5462 haereticis
2021 5410 2132 5462 lucc

569 5488 748 5539 eadem
790 5494 1093 5550 coaptemus
1119 5523 1129 5540 .
1162 5481 1451 5534 Jerusalem
1485 5481 1566 5532 liic
1595 5497 1802 5545 semper
1842 5481 2129 5532 l‘lcclesiam

572 5555 821 5623 intelligo,
851 5549 966 5621 qua:
995 5554 1185 5605 dicitur
1211 5553 1395 5623 civitas
1429 5551 1587 5623 pacis,
1618 5551 1764 5615 cujus
1792 5549 2128 5623 [initiamenta

569 5618 891 5691 posita'sunt
933 5639 1088 5688 super
1121 5632 1322 5691 montes
1363 5618 1964 5691 Scripturarutn.__Sicut
2005 5633 2130 5684 etgo

569 5689 638 5746 illi
670 5695 855 5753 Jnd.ei,
886 5710 969 5758 qm
1003 5694 1204 5743 fuerant
1232 5690 1520 5742 Jerusalem
1551 5689 1834 5752 spiritualis
1859 5729 1871 5748 ,
1905 5689 2128 5758 ingrcssi

569 5757 976 5816 t't'edidt-runt’in
1002 5763 1284 5818 Christum,
1314 5760 1382 5809 illi
1412 5768 1607 5816 autent,
1635 5758 1718 5822 qui
1747 5767 1894 5807 erant
1915 5757 2126 5810 Jerusa-

571 5832 670 5885 lem
699 5834 1003 5903 corporalis,
1032 5841 1302 5882 manentes
1332 5832 1378 5879 iu
1405 5828 1662 5888 corporali
1689 5826 1977 5892 Judaismo,
2008 5845 2122 5895 per-

1800 456 1974 513 OI’US
2011 455 2493 511 IMPERFECTUM

3725 474 3839 528 896

2246 569 3156 638 sequebanturSpirituales.lndteos,
3181 577 3228 621 nl
3247 578 3346 631 est,
3369 572 3656 638 apostolos,
3680 589 3836 628 ρτιειθ·

2254 655 2444 709 rosque
2469 655 2531 692 ex
2555 642 2952 694 circumcisione
2973 641 3246 694 credentes
3270 659 3282 690 :
3306 642 3384 694 sic
3404 642 3540 695 etde
3566 647 3663 694 ista
3698 660 3831 696 nova

2244 709 2555 770 Jerusalem,
2580 710 2626 760 id
2649 720 2748 768 est.
2770 710 2835 763 de
2855 711 3107 769 Ecclesia,
3127 712 3211 778 qui
3231 711 3526 778 spirituales
3545 710 3831 769 Christiani

2249 778 2459 831 fuerunt
2475 818 2487 839 ,
2513 779 2692 831 relicta
2716 782 2970 847 corporali
2992 780 3226 832 Ecclesia
3245 820 3258 841 ,
3281 795 3436 847 quam
3458 783 3642 846 perfidi
3665 798 3828 834 oecu-

2249 857 2498 916 paverant
2527 848 2770 901 violentia
2793 888 2804 909 ,
2833 851 3073 902 exierunt
3098 850 3162 901 ab
3189 849 3310 900 illis.
3355 848 3513 917 Magis
3544 861 3719 904 autem
3755 855 3828 906 illi

2245 919 2484 972 exierunt
2505 933 2530 968 a
2555 918 2725 980 nobis,
2747 919 2878 971 sicut
2897 919 3126 972 Joannes
3146 919 3356 985 exponit
3373 920 3442 986 (l.
3464 919 3619 970 Joan.
3635 920 3687 971 2.
3712 923 3778 976 19
3795 936 3828 978 ι.

2327 986 2477 1038 Exire
2499 987 2559 1039 de
2588 986 2809 1038 Ecclesia
2834 990 2941 1056 quis
2967 990 3180 1040 dicatur.
3220 1016 3288 1026 ——
3326 987 3440 1041 Non
3470 989 3611 1042 enim
3641 991 3726 1043 ille
3759 994 3828 1045 dc

2245 1055 2662 1128 Ecclesiahexirc
2691 1055 2921 1128 videtur,
2956 1058 3042 1124 qui
3074 1057 3418 1128 corporaliter
3440 1059 3579 1119 exit,
3613 1059 3705 1110 sed
3735 1065 3826 1128 qui

2247 1126 2593 1193 spiritualiter
2623 1126 2856 1178 veritatis
2890 1128 3259 1179 ecclesiastica:
3291 1127 3623 1179 fundamenta
3664 1126 3826 1182 relin-

2244 1197 2372 1261 quit.
2398 1194 2503 1247 Nos
2529 1196 2666 1247 enim
2695 1195 2762 1246 ab
2791 1196 2890 1247 illis
2920 1197 3179 1248 exivimus
3205 1209 3448 1263 corpore,
3489 1196 3564 1248 illi
3590 1209 3766 1251 autem
3796 1217 3824 1253 a

2246 1264 2396 1316 nobis
2428 1266 2623 1316 animo.
2671 1263 2775 1317 Nos
2805 1264 2871 1317 ab
2910 1264 3012 1317 illis
3039 1265 3296 1317 exivimus
3326 1266 3441 1317 loco
3462 1309 3476 1330 ,
3510 1266 3584 1318 illi
3614 1283 3642 1319 a
3673 1269 3827 1324 nobis

2247 1333 2364 1385 fide.
2398 1333 2501 1385 Nos
2528 1333 2662 1401 apud
2693 1333 2806 1386 illos
2838 1335 3146 1401 reliquimus
3174 1333 3506 1387 fundamenta
3537 1337 3821 1402 parietum,

2244 1403 2315 1454 illi
2331 1402 2466 1465 apud
2483 1418 2578 1456 nos
2592 1403 2911 1470 reliquerunt
2934 1404 3270 1457 fundamenta
3285 1403 3700 1471 Scripturarum.
3715 1408 3826 1462 Nos

2247 1473 2312 1526 ah
2343 1472 2442 1523 illis
2468 1473 2665 1540 egressi
2695 1486 2872 1524 Sumus
2900 1473 3187 1526 secundum
3215 1484 3488 1539 aSpeCtutn
3522 1475 3822 1540 hominum,

2246 1541 2318 1593 illi
2348 1552 2521 1593 autem
2547 1556 2572 1591 a
2603 1541 2752 1592 nobis
2777 1541 3068 1594 secundum
3099 1542 3348 1609 judicium
3379 1544 3486 1595 Dei.
3513 1544 3636 1597 Ideo
3661 1556 3712 1598 et
3745 1548 3822 1600 illi

2241 1609 2540 1682 corporales
2560 1610 2845 1663 Christiani
2871 1620 3244 1682 perseqtmntut
3274 1621 3479 1682 nostros
3495 1614 3820 1682 spirituales,

2241 1681 2416 1752 Specie
2462 1680 2692 1752 colorata
2719 1720 2732 1742 ,
2783 1683 3033 1734 varietate
3082 1680 3311 1732 fundata.
3364 1681 3651 1752 Propterea
3697 1680 3823 1752 qua:

2243 1749 2482 1811 Superius
2521 1749 2770 1800 Dominus
2807 1759 3339 1812 commemoraverat,
3375 1750 3437 1802 ad
3483 1752 3624 1803 illam
3661 1749 3819 1807 Jeru-

2241 1818 2771 1883 salem-corporalem
2817 1818 2955 1869 dicta
3000 1833 3117 1872 esse
3156 1819 3396 1871 videntur
3440 1836 3452 1870 :
3492 1819 3819 1884 Jerusalem,

2243 1885 2524 1959 Jerusalem
2546 1926 2556 1946 ,
2586 1902 2696 1959 qua:
2720 1887 2900 1959 occidis
2923 1889 3224 1959 protr/tetas,
3252 1897 3297 1959 ct
3319 1889 3515 1954 lepidas
3542 1907 3624 1942 eos
3647 1894 3730 1959 qui
3750 1895 3824 1946 ad

2238 1963 2284 2026 te
2307 1955 2584 2026 mittuntur.
2611 1955 2891 2026 Nondixit,
2911 1957 3038 2021 Qua:
3059 1956 3294 2011 occidisti
3319 1968 3369 2011 et
3393 1959 3629 2026 lapidasti
3658 1955 3673 2010 Ξ
3697 1964 3816 2026 sed,

2246 2023 2373 2084 Qua:
2411 2023 2596 2096 occidis
2634 2024 2913 2096 ct_lapidas
2943 2039 2960 2076 :
2990 2027 3036 2077 id
3069 2035 3149 2096 est
3170 2067 3184 2086 .
3217 2026 3342 2096 Qua:
3375 2023 3471 2080 hoc
3503 2031 3772 2096 proprium

2237 2102 2290 2143 et
2321 2092 2466 2156 quasi
2505 2093 2790 2145 naturalem
2820 2095 3252 2147 Consuetudinem
3286 2095 3446 2148 habes
3470 2137 3484 2159 ,
3503 2092 3575 2150 ὐι
3601 2092 3820 2155 oecidas

2241 2169 2295 2210 et
2344 2160 2540 2224 lapides
2586 2172 2813 2233 sanctos.
2863 2161 2976 2213 Non
3017 2165 3156 2215 enim
3200 2165 3391 2216 ocridit
3433 2177 3522 2217 aut
3567 2168 3820 2233 lapidavit

2243 2239 2452 2280 sanctos
2480 2238 2602 2300 ante
2634 2229 2903 2300 Christum
2927 2269 2940 2292 ,
2972 2239 3026 2284 et
3053 2234 3276 2284 cessavit
3306 2234 3481 2286 facere
3509 2229 3633 2300 post
3655 2237 3818 2290 Citri-

2239 2306 2376 2374 stunt
2402 2313 2516 2363 qua:
2545 2297 2668 2374 fecit
2693 2299 2972 2374 aliquando
3017 2300 3282 2374 prophetis
3307 2342 3320 2362 ,
3353 2297 3660 2374 sedes—idem
3701 2308 3815 2374 ipsa

2237 2366 2360 2437 facit
2388 2368 2676 2437 apostolis!
2707 2384 2823 2433 qua:
2853 2367 2975 2420 fecit
3007 2366 3288 2437 aliquando
3326 2371 3609 2437 prophetis.
3646 2366 3733 2428 Sic
3761 2388 3817 2430 et

2240 2434 2604 2489 luereticorutn
2629 2436 2862 2509 Ecclesia
2882 2453 2984 2509 non
3016 2434 3182 2491 solum
3208 2434 3515 2506 persequuti:
3534 2451 3616 2494 est
3639 2458 3818 2509 patres

2237 2514 2482 2565 uestros,
2524 2514 2577 2556 et
2627 2506 2865 2572 persequi
2903 2507 3009 2573 jam
3052 2508 3318 2560 ceSsavit:
3356 2510 3450 2561 sed
3491 2506 3814 2566 eadem-filii

2237 2588 2418 2626 eorum
2463 2573 2661 2626 faciunt
2703 2577 2854 2625 nobis
2878 2616 2890 2634 .
2923 2591 3038 2642 quae
3078 2578 3310 2642 patribus
3352 2581 3546 2631 nostris
3576 2579 3817 2636 fecerunt

2239 2653 2412 2715 patres
2453 2659 2653 2695 corum.
2703 2643 2974 2715 Mittuntur
3007 2647 3145 2697 enim
3188 2646 3251 2715 ad
3292 2647 3410 2698 illos
3452 2648 3545 2700 viri
3589 2650 3772 2704 fideles
3797 2692 3812 2715 ,

2236 2712 2704 2780 quotienscumque
2751 2715 2886 2766 inter
2930 2714 3048 2766 illos
3087 2724 3139 2766 ct
3181 2713 3359 2767 ﬁdeles
3388 2727 3653 2770 certamen
3688 2712 3811 2774 tidci

2239 2791 2598 2833 commovetur
2622 2821 2635 2841 ,
2677 2798 2777 2834 non
2807 2796 2869 2834 ex
2903 2784 3152 2836 ebrietate
3182 2785 3286 2835 viui
3313 2825 3327 2847 ,
3368 2786 3500 2837 sicut
3533 2787 3642 2839 fieri
3672 2791 3812 2842 solet

2242 2850 2560 2917 frequenter,
2583 2852 2673 2902 sed
2695 2867 2757 2902 ex
2780 2851 2949 2918 aliqua
2968 2866 3122 2904 causa
3150 2854 3432 2919 religionis.
3456 2855 3724 2909 Mittuntur
3743 2859 3812 2912 ad

2239 2920 2376 2990 illos,
2405 2920 2540 2971 sicut
2566 2920 2901 2990 mittebantur
2937 2921 3208 2988 propheta:
3244 2932 3298 2976 et
3338 2925 3557 2990 apostoli
3602 2926 3666 2978 ad
3709 2926 3812 2980 Ju-

2235 2988 2378 3040 dieos
2401 3028 2414 3045 .
2441 3005 2541 3040 non
2572 2989 2632 3039 ad
2664 2992 2883 3041 salutem
2905 3005 3085 3042 eorum
3108 3007 3122 3053 ;
3145 2988 3456 3045 insanabiles
3476 2994 3616 3046 enim
3643 3007 3764 3048 sunt
3793 3013 3807 3048 :

2237 3058 2328 3109 Sed
2373 3058 2437 3108 ad
2487 3059 2840 3124 pra-judicium
2890 3061 3119 3124 ipsorum
3151 3101 3164 3119 .
3212 3071 3264 3112 ut
3309 3063 3421 3114 sine
3467 3066 3809 3119 excusatione

2240 3127 2543 3193 ignorantiie
2575 3127 2892 3200 judicentur.
2943 3127 3067 3180 Item
3094 3128 3264 3200 aliter.
3310 3130 3550 3183 lla-relict
3580 3134 3811 3200 prophe-

2240 3205 2336 3257 tas,
2362 3204 2413 3268 et
2435 3197 2718 3268 apostolos,
2735 3205 2798 3268 et
2823 3205 3082 3268 martyres
3101 3199 3367 3262 occidunt,
3392 3201 3478 3268 qui
3505 3197 3663 3254 modo
3680 3197 3810 3255 sunt

2238 3265 2374 3332 apttd
2407 3279 2502 3316 nos
2532 3283 2543 3316 :
2573 3266 2685 3317 sine
2715 3265 2872 3318 dubio
2899 3267 3144 3318 occidunt
3170 3269 3220 3318 in
3249 3265 3421 3320 verbis
3446 3271 3575 3332 suis,
3598 3281 3652 3323 et
3675 3273 3812 3325 acti-

2242 3335 2354 3385 bus.
2385 3334 2641 3396 Quotiens
2673 3335 2810 3385 enim
2841 3333 3082 3402 leguntur
3111 3333 3160 3387 in
3190 3336 3440 3390 Ecclesiis
3468 3341 3663 3392 nostris
3688 3355 3809 3393 ver-

2238 3404 2298 3454 ba
2332 3413 2384 3455 et
2409 3413 2522 3475 aeta
2553 3404 2923 3475 prophetarum
2957 3414 3008 3457 et
3036 3406 3391 3471 apostolorum
3413 3448 3427 3469 ,
3462 3409 3728 3475 propheta:
3755 3419 3812 3463 et

2239 3473 2460 3538 apostoli
2504 3473 2647 3545 missi
2693 3471 3031 3545 nihilominus
3057 3477 3356 3545 loquuntur
3396 3471 3476 3527 ad'
3501 3471 3637 3540 nos,
3671 3493 3810 3545 quos

2237 3556 2422 3593 omnes
2451 3542 2638 3592 missos
2665 3541 2727 3593 ad
2755 3556 2812 3611 se
2839 3541 3068 3593 lia-retici
3103 3541 3225 3594 dum
3267 3544 3443 3611 tegunt
3470 3554 3523 3598 et
3551 3541 3807 3599 ritate-in-

2240 3617 2612 3674 terpretantur,
2643 3609 2888 3662 occidunt
2916 3620 2967 3663 et
2996 3611 3225 3677 la‘pidant
3247 3609 3358 3666 eos.
3396 3612 3460 3666 Ut
3486 3624 3661 3667 autem
3691 3631 3804 3668 ma-

2237 3679 2420 3752 nifeste
2448 3693 2738 3752 cognoscas
2763 3719 2776 3740 ,
2811 3682 3074 3752 quomodo
3105 3683 3371 3748 propliette
3399 3693 3452 3735 et
3486 3687 3707 3752 apostoli
3736 3686 3809 3739 ab

2237 3747 2497 3822 lnereticis
2524 3748 2902 3822 occiditnttn'_et_
2928 3747 3223 3822 lapidantur
3247 3769 3261 3822 ς
3291 3747 3806 3822 primum—intelligit,

2234 3817 2498 3888 quomodo
2526 3819 2758 3888 nascitur
2776 3818 3022 3888 Christus
3055 3820 3104 3870 in
3138 3817 3307 3883 nobis,
3340 3832 3391 3873 et
3421 3823 3684 3888 quomodo
3712 3817 3809 3876 6C4

2235 3886 2439 3938 ciditnr.
2465 3887 2684 3952 Quando
2703 3887 2839 3938 enim
2862 3887 3126 3940 credimus
3151 3889 3198 3940 in
3221 3886 3510 3952 Christum,
3535 3892 3804 3946 Christum

2233 3969 2547 4030 gener-annis
2574 3966 2626 4030 et
2659 3958 2941 4030 l'orinatiius
2973 3958 3021 4030 in
3052 3958 3202 4030 nobis
3225 3999 3237 4020 ,
3278 3969 3412 4010 sicut
3439 3959 3645 4012 dicebat
3672 3962 3814 4030 Apo-

2235 4025 2399 4075 stolus
2425 4024 2623 4095 Calatis
2654 4042 2666 4075 :
2695 4023 2866 4076 Filioli
2892 4025 3004 4088 inci,
3030 4044 3151 4095 quos
3175 4027 3348 4078 iterum
3371 4032 3618 4095 parturio,
3645 4023 3810 4083 donec

2236 4095 2482 4166 fornicatur
2500 4093 2721 4166 Christus
2749 4096 2799 4146 in
2828 4095 2961 4166 vobis
2986 4097 3003 4164 (
3029 4093 3144 4166 Gul.
3172 4097 3222 4148 4.
3256 4097 3319 4149 19
3342 4093 3379 4163 ).
3409 4098 3812 4166 Consequenter

2235 4171 2288 4214 et
2316 4163 2522 4228 quando
2555 4163 2818 4228 perdimus
2860 4163 3011 4215 tidem
3055 4165 3242 4216 Christi
3270 4206 3283 4228 ,
3315 4166 3580 4219 Christum
3602 4163 3809 4220 occidi-

2237 4247 2353 4301 mus
2380 4232 2430 4282 in
2461 4233 2628 4290 nobis,
2655 4233 2788 4283 sicut
2819 4241 2872 4284 et
2898 4235 3164 4299 propheta:
3191 4236 3327 4301 apud
3360 4235 3638 4288 haereticos
3660 4239 3810 4290 occi-

2234 4300 2447 4352 duntur.
2497 4301 2714 4367 Quando
2751 4303 2889 4354 enim
2933 4304 3086 4355 tidem
3130 4313 3181 4354 ct
3219 4300 3488 4357 veritatem
3523 4309 3809 4362 verborum

2235 4385 2604 4442 corumprava
2633 4372 3059 4442 interpretatione
3085 4373 3413 4436 subvertunt,
3444 4375 3732 4442 prophetas
3757 4389 3810 4431 ct

2235 4440 2503 4514 apostolos
2547 4441 2794 4514 occidunt
2839 4442 2886 4492 in
2935 4456 3016 4514 se.
3049 4442 3231 4514 ipsius
3277 4443 3416 4514 enim
3448 4440 3609 4514 verbi
3658 4448 3810 4514 quasi

2234 4510 2446 4575 sanguis
2476 4511 2667 4563 veritas
2695 4520 2795 4573 est,
2821 4525 2936 4574 qua:
2959 4512 3186 4563 viviticat
3213 4513 3449 4565 verbum.
3473 4511 3646 4568 Omne
3667 4510 3810 4568 cnim

2236 4579 2449 4630 verbum
2477 4620 2490 4639 ,
2521 4578 2656 4646 quod
2691 4595 2790 4630 non
2831 4578 2985 4631 habet
3024 4581 3072 4631 in
3100 4596 3156 4633 se
3184 4582 3453 4634 veritatem
3488 4582 3618 4644 Dei,
3659 4600 3810 4638 mor-

2239 4656 2382 4699 tmnn
2414 4654 2517 4709 est,
2540 4648 2983 4719 quemadmodum
3008 4650 3121 4702 sine
3147 4652 3399 4717 sanguine
3427 4667 3639 4719 corpus.
3676 4654 3812 4706 Pro-

2239 4727 2416 4788 pterea
2460 4717 2635 4768 omnia
2672 4718 2830 4788 verba
2864 4717 3039 4770 divina
3067 4759 3079 4781 ,
3122 4721 3358 4788 quamvis
3398 4717 3588 4773 rustica
3621 4722 3728 4773 sint
3760 4735 3815 4776 et

2237 4785 2578 4851 incomposita
2603 4827 2616 4847 ,
2659 4787 2772 4838 viva
2803 4797 2923 4839 sunt
2957 4806 2968 4839 :
2997 4785 3244 4855 quoniam
3290 4790 3426 4841 intus
3471 4791 3522 4842 in
3565 4792 3814 4845 Sensibus

2236 4855 2344 4927 suis
2377 4856 2816 4927 babcutpositam
2852 4859 3119 4927 veritatem
3154 4858 3241 4910 Dei
3270 4898 3284 4920 ,
3316 4860 3463 4925 quasi
3499 4862 3812 4927 Sanguinem

2239 4925 2289 4975 in
2320 4926 2465 4977 venis
2494 4925 2771 4983 inclusum,
2804 4935 2855 4976 et
2885 4926 3002 4978 ideo
3029 4928 3286 4979 viviticant
3317 4925 3644 4988 audientem,
3675 4932 3815 4983 sicut

2245 5003 2462 5046 testatur
2506 4995 2689 5047 Petrus
2733 4995 2796 5045 ad
2839 4995 3139 5052 Clu-istum,
3185 4998 3403 5050 dicens;
3437 4999 3547 5060 Quo
3594 4999 3814 5051 ibimus?

2236 5065 2378 5115 verba
2408 5065 2514 5115 viva
2541 5063 2687 5114 habes
2714 5062 2904 5131 (Joan.
2936 5065 2986 5117 6.
3021 5066 3087 5117 (59
3113 5069 3149 5128 ).
3206 5063 3389 5118 Omnia
3436 5078 3611 5121 autem
3657 5071 3816 5123 verba

2237 5134 2527 5196 Siccularia,
2558 5135 2801 5199 quoniam
2833 5148 2932 5184 non
2966 5135 3157 5185 habent
3183 5135 3232 5187 in
3261 5152 3316 5189 se
3345 5141 3592 5190 virtutem
3623 5138 3736 5199 Dei,
3769 5151 3821 5192 et

2240 5204 2476 5269 quamvis
2518 5205 2622 5254 sint
2663 5203 2946 5268 composita
2975 5215 3027 5254 et
3058 5205 3321 5270 ingeniosa
3349 5246 3361 5268 ,
3405 5217 3608 5258 mortua
3653 5220 3820 5272 sunt,

2237 5275 2482 5339 quoniam
2514 5273 2563 5322 in
2593 5272 2737 5322 venis
2765 5287 3012 5323 sensuum
3047 5289 3263 5326 suorum
3296 5292 3398 5326 non
3431 5275 3627 5329 habent
3651 5280 3822 5330 virtu-

2241 5352 2343 5392 tem
2371 5341 2458 5392 Dei
2484 5360 2494 5392 :
2521 5350 2793 5407 prepterca
2821 5356 2917 5393 nec
2944 5343 3240 5395 audientem
3261 5345 3483 5396 salvam.
3510 5347 3820 5399 Secundum

2239 5410 2348 5461 lucc
2381 5411 2488 5476 jam
2531 5410 2771 5476 intelligis
2796 5451 2808 5470 ,
2839 5412 3102 5477 ιιιιιιιιιοιιυ
3132 5413 3361 5465 ὶιιιοιειίρί
3392 5417 3642 5468 occidunt
3665 5428 3716 5468 et
3749 5419 3826 5468 la-

2241 5480 2419 5545 pidaut
2449 5481 2728 5551 prophetas
2759 5482 3104 5551 etapostolos
3131 5483 3322 5534 missos
3349 5485 3410 5534 ad
3443 5500 3518 5537 se.
3563 5488 3822 5551 Quiniens

2239 5552 2374 5600 enim
2407 5550 2682 5623 veritatem
2714 5550 2989 5623 verborum
3022 5567 3202 5602 eorum
3233 5552 3408 5619 gladio
3450 5550 3663 5620 maligni
3707 5559 3824 5623 spi-

2240 5621 2369 5670 ritus
2394 5629 2445 5670 et
2476 5620 2623 5691 verbi
2653 5621 2880 5684 perversi
2913 5631 3287 5687 corrumpunt.
3318 5623 3560 5676 occ.duut
3592 5620 3827 5691 prophe-

2240 5703 2318 5740 tas
2348 5699 2397 5740 et
2426 5690 2693 5758 apostolos
2717 5729 2728 5748 ,
2763 5699 2813 5739 et
2852 5691 3159 5757 Sanguinem
3191 5695 3471 5744 verborum
3505 5690 3691 5745 eorum
3723 5734 3740 5758 ,
3775 5694 3826 5747 id

2239 5769 2314 5810 est
2341 5798 2355 5820 ,
2393 5757 2665 5809 veritatem
2693 5758 2966 5811 ctl'untltmt
2997 5761 3043 5809 in
3080 5772 3270 5812 terram
3303 5778 3316 5813 :
3346 5764 3536 5814 totiens
3568 5764 3704 5814 aliud
3743 5767 3826 5816 in-

2250 5829 2540 5896 telligemus
2566 5843 2617 5879 ιιι
2650 5828 2820 5881 verbis
2852 5830 3224 5899 prophetarum
3257 5844 3307 5885 et
3355 5830 3742 5899 apostolorum,
3772 5841 3829 5885 et
