4128 6484
343 463 457 519 897

337 563 478 619 aliud
508 564 890 633 proloquuntur
914 563 964 617 in
994 563 1208 632 populo,
1235 561 1585 630 blaSphemias
1606 564 1896 633 suatrquasi

335 632 540 704 lapides
562 632 816 704 quosdam
838 635 1038 702 jactant
1062 649 1220 704 super
1241 633 1579 704 apostolos_et
1600 632 1898 704 prophetas.

337 700 730 768 Quotiens'volni
749 700 1048 773 congregare
1069 703 1200 773 ﬁlios
1221 700 1350 773 tuos,
1375 711 1476 755 etc.
1502 700 1900 773 Quotienscum-

335 788 438 840 que
469 775 606 827 enim
635 814 648 834 ,
692 771 1094 827 sicut'diitlmns
1117 812 1132 836 ,
1177 772 1311 825 inter
1340 771 1612 824 luereticos
1641 779 1693 840 et
1724 771 1902 824 ﬁdeles

337 839 458 896 fidei
487 853 725 897 movetur
753 851 1039 906 certamen,
1073 840 1344 895 evidenter
1371 842 1479 893 vult
1506 841 1624 893 illos
1653 839 1902 892 Dominus

334 927 658 981 congregare
685 913 781 965 sub
811 913 1027 965 veritate
1056 913 1256 965 alarum
1284 925 1524 981 suarum»,
1554 910 1602 962 id
1631 917 1739 972 est,
1766 909 1898 981 duos

334 979 965 1042 rtiin'Tcstamentortttn,
998 986 1466 1050 quotienscumque
1496 979 1734 1050 leguntur
1762 980 1896 1046 apud

333 1065 429 1105 eos
457 1051 614 1105 verba
647 1049 1023 1119 prophetarum
1063 1059 1116 1104 et
1159 1049 1512 1116 apostolorum
1553 1065 1566 1099 :
1609 1049 1680 1100 illi
1724 1056 1895 1119 autem

333 1135 440 1197 non
471 1121 620 1197 quasi
647 1117 918 1197 domestici
950 1120 1343 1197 pull_i__gallin:e_,
1376 1134 1491 1197 quin
1521 1126 1601 1197 est
1628 1117 1858 1197 Ecclesia
1881 1158 1894 1179 ,

334 1189 427 1242 sed
474 1190 622 1257 quasi
670 1188 958 1243 silvestres
985 1188 1122 1258 pulli
1149 1188 1482 1258 sanguinarii
1509 1188 1765 1258 vulturis,
1809 1196 1896 1240 aut

330 1256 633 1325 accipitris,
677 1274 782 1337 non
830 1256 1001 1312 solum
1046 1261 1109 1312 ad
1129 1256 1414 1337 _veritatem
1457 1257 1677 1337 duorum
1695 1256 1894 1337 .Testag

332 1337 634 1380 mentorum
659 1329 836 1382 venire
863 1343 965 1381 non
991 1329 1356 1395 acquiescant,
1385 1327 1475 1380 sed
1499 1326 1670 1395 adhuc
1693 1327 1896 1380 irruunt

329 1411 492 1466 super
520 1397 688 1462 ipsam
709 1399 976 1467 gallinam,
1010 1394 1188 1463 idest,
1217 1397 1502 1467 Ecclesiam
1523 1438 1536 1458 ,
1568 1404 1620 1448 et
1643 1394 1896 1467 diripiunt

329 1477 383 1518 et
401 1465 731 1536 ZdiSpergunt'
752 1468 920 1534 pullos
948 1467 1091 1534 ejus,
1121 1476 1174 1521 et
1207 1465 1484 1536 evellicant
1509 1480 1623 1536 eam
1654 1466 1893 1536 :“totieus

331 1534 443 1605 vult
467 1551 558 1589 eos
589 1534 908 1605 congregare
931 1577 946 1600 ,
974 1537 1046 1589 illi
1073 1548 1245 1590 autem
1275 1535 1476 1590 nolunt.
1519 1535 1607 1589 38.
1649 1534 1780 1588 Ecce
1814 1553 1890 1590 re-

330 1601 578 1671 linquetur
598 1601 730 1659 vobis
749 1601 923 1658 domus
948 1616 1106 1658 vestra
1130 1608 1356 1670 deserta;
1380 1605 1430 1658 id
1458 1615 1556 1668 est,
1583 1619 1703 1661 ccce
1728 1621 1887 1672 nunc,

331 1681 569 1739 tempore
594 1676 825 1728 instanti.
853 1675 982 1728 Cntn
1007 1690 1104 1742 ego
1130 1676 1274 1729 fuero
1300 1675 1601 1739 cruciﬁxus,
1624 1675 1891 1729 scindetur

329 1742 503 1814 velum
541 1745 767 1814 templi,
813 1753 866 1799 et
907 1754 1110 1799 secreta
1159 1747 1404 1814 mysteria
1454 1745 1745 1797 sanctitatis
1775 1746 1889 1812 ejus

328 1811 760 1878 publicabuntur,
789 1823 840 1868 et
867 1816 1072 1868 recedet
1098 1814 1164 1866 ab
1191 1811 1254 1868 eo
1277 1813 1500 1881 Spiritus
1527 1815 1633 1867 Dei.
1668 1814 1730 1866 Et
1755 1811 1890 1868 sicut

325 1894 520 1952 corpus
546 1883 720 1936 anima
751 1887 1026 1937 recedente
1056 1884 1199 1951 prius
1221 1885 1431 1952 quidem
1464 1883 1712 1952 frigescit.
1739 1883 1888 1937 dein-

323 1948 669 2020 depntrescit
693 1963 744 2006 et
768 1953 987 2007 solvitur
1016 1969 1028 2004 :
1056 1948 1132 2006 sic
1155 1963 1209 2007 et
1236 1948 1485 2020 templum
1514 1948 1759 2014 vestrum,
1797 1955 1884 2008 Dei

323 2019 523 2090 Spiritu
558 2021 835 2076 recedente
863 2024 928 2076 ab
956 2037 1020 2075 eo
1045 2063 1058 2086 ,
1089 2024 1234 2089 prius
1262 2019 1471 2090 quidem
1500 2023 1843 2076 seditionibus
1865 2065 1879 2087 ,

324 2096 379 2160 et
427 2088 990 2156 indisciplinationibus
1032 2088 1318 2160 replebitur
1362 2093 1688 2160 tyrannicis,
1736 2095 1882 2160 quasi

326 2156 432 2209 Deo
457 2159 561 2230 jam
590 2160 714 2214 illud
745 2175 846 2214 non
873 2156 1229 2230 gubernante;
1270 2156 1458 2214 deinde
1487 2162 1659 2215 veniet
1686 2156 1886 2215 adrui~

321 2240 467 2281 nam.
515 2227 660 2282 Sicut
696 2231 836 2283 enim
878 2227 998 2285 ante
1037 2241 1257 2284 mortem
1291 2231 1548 2294 hominis,
1583 2233 1882 2286 insanabilis

322 2298 571 2366 pnecedit
598 2297 873 2352 inﬁrmitas
902 2317 914 2352 :
944 2303 1019 2353 sic
1047 2314 1095 2353 et
1123 2313 1245 2354 ante
1274 2303 1476 2352 ruinam
1504 2311 1592 2353 aut
1620 2302 1846 2354 hominis
1865 2342 1878 2366 ,

322 2373 412 2416 aut
430 2364 528 2418 loci
548 2366 890 2438 alicujus,aut
905 2369 1148 2432 civitatis,
1165 2370 1561 2422 inemendabilia
1581 2364 1882 2438 praecedunt

323 2444 555 2499 peccata.
587 2435 733 2506 Sicut
765 2437 904 2490 enim
937 2440 1058 2505 pulli
1090 2438 1392 2506 frequenter
1415 2453 1442 2489 a
1475 2435 1641 2494 matre
1668 2441 1834 2493 vocati
1861 2481 1877 2505 ,

318 2515 438 2555 cum
468 2520 569 2576 non
594 2505 956 2570 obaudierint,
993 2524 1161 2576 neque
1186 2505 1388 2576 Seqttttti
1418 2506 1609 2561 fuerint
1636 2519 1876 2572 matrem,

318 2583 491 2626 matre
519 2574 726 2642 longius
749 2576 974 2630 abeunte
997 2617 1011 2640 ,
1042 2574 1132 2630 aut
1156 2574 1298 2631 venit
1321 2578 1598 2644 accipiter,
1628 2589 1678 2632 et
1702 2579 1880 2645 diripit

317 2655 429 2715 eos,
455 2653 543 2695 aut
571 2645 773 2715 longius
797 2655 1100 2714 evagantur,
1128 2657 1182 2700 ut
1206 2656 1422 2715 pereant
1447 2666 1458 2701 :
1482 2649 1556 2700 sic
1581 2659 1632 2700 et
1660 2649 1879 2701 Domino

319 2709 626 2779 frequenter
662 2709 875 2768 Judteos
896 2709 1130 2769 'vocante
1155 2758 1170 2780 ,
1204 2709 1448 2784 iluoniam
1488 2734 1591 2770 non
1632 2718 1879 2773 obaudie—

318 2791 462 2854 runt,
498 2797 666 2850 neque
693 2786 895 2852 sequuti
927 2794 1048 2838 sunt
1078 2800 1216 2846 cum,
1251 2787 1529 2840 recedente
1561 2788 1648 2841 illo
1674 2787 1740 2840 ab
1765 2790 1840 2842 eis
1860 2830 1875 2854 ,

317 2849 382 2899 ad
414 2849 596 2925 gentes
622 2849 937 2925 venitquasi
965 2856 1209 2921 accipiter
1236 2870 1322 2909 rex
1352 2857 1619 2909 Romanus
1638 2898 1653 2921 ,
1681 2867 1732 2910 et
1759 2849 1878 2925 par;

321 2927 427 2970 tem
467 2920 481 2949 ¹
510 2922 720 2994 quidem
749 2937 928 2994 eorum
960 2920 1188 2977 comedit
1217 2925 1381 2980 ﬁnnes
1421 2935 1472 2980 et
1506 2927 1707 2994 gladius
1733 2920 1875 2988 [alii

316 2992 866 3064 autem_per_singulas
900 2994 1189 3064 provincias
1217 2995 1438 3061 diSpersi
1468 2992 1620 3056 sunt,
1652 3007 1705 3047 ut
1737 2999 1875 3064 peri-

315 3068 453 3109 rent.
484 3059 570 3112 59.
599 3058 728 3129 Dicq
752 3063 880 3113 enim
903 3058 1058 3122 vobis,
1084 3079 1180 3115 non
1211 3081 1285 3115 me
1307 3058 1534 3117 videbitis
1563 3058 1761 3129 eimodo,
1787 3070 1877 3121 do-

315 3143 405 3201 nec
445 3130 658 3190 dicatis,
699 3128 994 3183 Benedictus
1030 3133 1115 3201 qui
1151 3135 1277 3184 venit
1317 3135 1367 3186 in
1413 3137 1612 3189 nomine
1653 3128 1870 3191 Domini.

317 3194 673 3274 lfrmceSsores
705 3201 878 3276 nostri
898 3194 1183 3276 exponunt,
1212 3203 1346 3276 circa
1381 3203 1549 3271 ipsum
1575 3207 1712 3261 diem
1734 3209 1875 3276 judi-

315 3265 381 3336 cii
413 3277 473 3336 et
515 3269 912 3321 resurrectionis
951 3265 1201 3336 quosdam
1241 3265 1542 3327 Judaeorum
1584 3265 1875 3333 crediiuros

317 3334 368 3412 in
399 3334 682 3412 Christum.
732 3337 880 3403 Quod
915 3334 1264 3412 etApostolus
1303 3343 1596 3409 signiﬁcare
1625 3348 1829 3400 videtur
1855 3389 1869 3412 ,

315 3404 498 3476 (licens
537 3423 557 3476 7:
604 3405 684 3457 Ea:
728 3418 867 3472 parte
907 3404 1101 3460 cwciias
1139 3404 1432 3476 contigit'in
1476 3412 1671 3473 Israel,
1718 3404 1872 3468 donec

318 3475 573 3545 plenitudo
612 3477 831 3545 gentium
858 3477 1097 3544 intraret,
1135 3487 1178 3529 et
1206 3475 1286 3531 sic"
1310 3483 1468 3533 onmis
1509 3481 1672 3538 Israel
1705 3485 1871 3537 salvus

315 3544 452 3616 ﬁeret
479 3545 498 3616 ν(
526 3543 672 3596 Itoni.
707 3546 789 3616 lt.
821 3545 909 3600 ‘25.
940 3547 1071 3616 26).
1101 3548 1165 3601 Ει
1199 3565 1425 3616 sequens
1464 3551 1614 3606 lectio
1647 3555 1731 3606 illa
1763 3563 1870 3607 tota

316 3613 419 3692 hoc
457 3615 630 3692 dicere
661 3615 792 3667 velle
825 3613 1044 3692 videtur.
1095 3617 1147 3670 Si
1192 3613 1307 3692 quis
1340 3628 1522 3692 autem
1566 3626 1868 3692 mysterium

316 3683 416 3758 hoc
456 3698 544 3758 per
572 3684 686 3735 illos
715 3693 859 3758 putat
887 3684 1156 3758 impletum
1179 3727 1191 3748 ,
1211 3683 1308 3758 qui
1337 3689 1388 3740 in
1419 3683 1636 3743 Actibus
1657 3704 1866 3758 aposto-

316 3753 485 3828 lorum
516 3752 755 3828 leguntur
781 3753 855 3822 ((ι)
881 3795 909 3828 ,_
942 3753 1097 3828 Petro
1131 3752 1444 3820 pra'dicante
1488 3770 1577 3812 aut
1601 3752 1714 3814 aliis
1739 3778 1868 3828 apo-

312 3823 465 3874 stolis
493 3822 824 3874 credidcrnnt
854 3839 864 3874 :
898 3823 1152 3890 intelligat
1179 3836 1388 3892 propter
1417 3838 1519 3879 tres
1549 3845 1733 3883 causas
1765 3822 1864 3884 non

311 3906 433 3965 esse
460 3893 975 3965 verumqqttoddicit.
1015 3892 1266 3958 Primum,
1300 3897 1418 3962 quia
1451 3907 1572 3951 tunc
1610 3915 1727 3965 pars
1755 3916 1868 3953 nio-

311 3961 427 4013 dica
457 3963 741 4014 secundum
777 3961 1083 4015 electionem
1114 3961 1355 4026 credidit,
1386 3981 1488 4019 non
1520 3961 1656 4022 totus
1684 3969 1863 4023 Israel.

311 4032 739 4107 Secundo,»_quqd
766 4031 835 4107 illi
864 4038 984 4084 ante
1012 4045 1194 4101 gentes
1222 4034 1587 4107 crediderunt,
1618 4055 1718 4092 non
1752 4050 1869 4107 post.

309 4109 512 4171 gentes.
560 4101 1051 4171 Plenitudorautem
1095 4105 1325 4171 gentium
1379 4116 1497 4159 tunc
1544 4107 1714 4161 adhuc
1752 4101 1864 4162 ἰιοιι

311 4169 604 4247 introierat,
640 4170 730 4222 sed
760 4169 1234 4247 ii_i_t-lit»a\'erat'ltoc.
1269 4174 1445 4227 Tertio
1465 4217 1479 4239 ,
1509 4177 1628 4243 quia
1658 4180 1867 4247 quando

312 4239 425 4312 hate
455 4239 623 4292 futura
663 4240 976 4312 p_rm_dicebat
1001 4242 1301 4308 Apostolus,
1330 4239 1651 4312 gentes'jam
1675 4239 1866 4301 'credi-

307 4310 536 4368 derant,
588 4318 641 4362 et
680 4308 847 4362 Jndtei
894 4311 978 4376 qui
1024 4312 1227 4364 fuerant
1269 4308 1558 4368 credituri}
1598 4324 1650 4368 et
1691 4326 1862 4371 tamen

313 4377 594 4448 Apostolus
613 4378 784 4448 adhuc
803 4382 1095 4435 credituros
1124 4380 1380 4447 signiﬁcat
1404 4383 1613 4437 Judaeos
1639 4427 1651 4448 ,
1685 4387 1864 4440 dicens

417 4457 641 4512 gentes:
673 4446 816 4500 Sicut
855 4451 984 4500 enim
1023 4464 1106 4501 vos
1145 4445 1412 4517 aliquando
1452 4469 1549 4504 non
1588 4445 1866 4510 credidistis

309 4515 434 4592 Deo,
461 4531 590 4566 nunc
615 4526 779 4592 autem
808 4515 1504 4592 misericordiamconsequuti
1528 4525 1640 4574 estis
1667 4537 1866 4592 propter

307 4585 510 4636 illorum
536 4585 927 4639 incredulitatem
955 4604 972 4641 :
998 4589 1068 4639 ita
1098 4599 1140 4640 et
1171 4590 1245 4641 illi
1275 4585 1403 4642 nunc
1432 4610 1528 4644 non
1555 4585 1863 4648 crediderunt

307 4656 358 4706 in
388 4665 546 4705 vestra
575 4655 921 4718 miseratione,
959 4667 1012 4709 ut
1050 4669 1094 4709 et
1134 4660 1230 4726 ipsi
1269 4661 1656 4713 misericordiam
1695 4681 1865 4717 conse-

307 4737 577 4794 quanturg:
610 4726 848 4776 conclusit
878 4729 1008 4777 enim
1049 4727 1179 4780 Deus
1212 4746 1377 4781 omnes
1407 4732 1456 4781 in
1487 4733 1828 4785 incredulitate
1847 4775 1859 4794 ,

307 4801 359 4869 ut
389 4792 615 4869 omnibus
646 4794 1120 4869 ntisei'eatur_(lbid.
1159 4814 1202 4848 v.
1238 4799 1451 4869 ﬁll—5‘2).
1473 4801 1673 4869 Dicens
1699 4792 1860 4869 ergo.

305 4863 499 4912 Antodo
531 4877 628 4912 non
657 4879 731 4938 ine
760 4863 999 4938 videbitis,
1022 4865 1186 4938 donec
1212 4867 1387 4917 dicatis
1409 4910 1423 4938 ,
1457 4863 1861 4938 Benedictuquu.

304 4932 434 4982 venit
460 4932 510 4980 in
539 4931 734 4982 nomine
758 4929 957 4983 Domini
982 4947 998 4982 :
1021 4933 1116 4985 hoc
1137 4934 1312 4986 dicere
1338 4937 1461 4995 vult,
1498 4939 1669 4990 Donet:
1694 4929 1864 4992 veniat

306 5009 532 5074 tempus,
565 5001 752 5074 ιιι-(ιιιολ
772 5000 1045 5074 credentes
1070 5001 1273 5074 diCatis,
1305 5003 1596 5057 Benedictus
1626 5010 1708 5074 qui
1739 5013 1864 5061 venit

304 5071 354 5120 in
386 5071 583 5120 nomine
607 5069 825 5120 Domini.
855 5070 1198 5136 Spirilualiter
1228 5076 1363 5123 enim
1398 5077 1572 5128 videre
1602 5069 1862 5130 Christum

304 5148 386 5190 est
426 5140 594 5204 ipsmn
639 5141 686 5190 in
730 5140 829 5192 fide
869 5155 1202 5207 cognoscere.
1253 5143 1395 5195 Sicut
1425 5154 1596 5196 autem
1629 5149 1690 5199 ad
1725 5151 1862 5200 iliatn

302 5208 593 5280 Jerusalem
630 5209 824 5261 dictum
863 5221 974 5270 est,
1021 5209 1151 5261 Ecce
1188 5212 1488 5280 relinquetur
1515 5216 1646 5267 vobis
1689 5219 1864 5271 tlomus

304 5288 462 5329 vestro
484 5277 798 5354 deserta:s_c_i
825 5289 924 5331 teet
944 5295 1059 5354 cum
1084 5277 1378 5354 occideritis
1404 5284 1588 5336 Filium
1621 5288 1704 5338 Dei
1729 5291 1863 5354 apud

305 5362 435 5420 vos,
479 5361 596 5420 cum
628 5349 692 5400 de
736 5349 824 5420 illo
868 5350 1059 5413 templo
1097 5353 1352 5417 corporali
1397 5359 1642 5420 templum
1683 5349 1866 5411 exierit

302 5416 596 5488 Spirituale,
629 5418 764 5483 quod
799 5417 1004 5470 fuerunt
1031 5416 1217 5480 sancti,
1250 5423 1335 5488 qni
1369 5439 1430 5474 ex
1467 5416 1866 5481 circumcisione

302 5485 637 5538 crediderunt
665 5488 712 5538 in
740 5488 999 5540 Christum
1027 5506 1038 5540 :
1064 5489 1136 5540 sic
1159 5500 1209 5541 et
1229 5485 1292 5542 ad
1317 5491 1603 5544 Ecclesium
1633 5498 1863 5548 omnium

303 5554 563 5610 btcresum
595 5555 788 5608 dictum
830 5572 944 5610 csse
975 5559 1210 5624 videtur,
1245 5560 1372 5614 Ecce
1404 5563 1706 5632 relinquetur
1735 5568 1865 5618 vobis

367 5687 382 5749 ξ
419 5686 553 5749 Apud
585 5686 862 5735 Commelin.
888 5686 1080 5749 legitur,
1111 5695 1315 5738 Patrem.

367 5705 382 5718 '
419 5705 457 5732 Α
484 5705 553 5734 uu
585 5705 862 5735 LUﬂllllL'lln.
888 5705 1080 5749 leglllﬂ',
1111 5705 1315 5738 l’aU'Cm.

298 5810 325 5856 ν
362 5746 436 5856 1(qj
465 5705 514 5856 La
537 5749 642 5856 ihaec
669 5753 813 5798 verba
837 5751 1013 5799 desinit
1036 5750 1183 5798 codex
1214 5759 1292 5799 an.
1339 5761 1415 5802 PP.
1442 5753 1858 5807 Cartlmsianoium

333 5826 356 5858 tl
383 5824 440 5858 ita
504 5825 531 5856 ιι
556 5844 565 5854 .

1422 448 1485 504 ΙΝ
1522 448 1942 506 MATTIUEUM.
1988 447 2211 504 IIOMIL.
2254 447 2456 504 XLVII.

3475 458 3589 514 898

2009 559 2184 613 domus
2209 571 2367 615 vestra
2395 560 2588 614 deserta
2607 603 2622 624 ,
2651 574 2712 614 ex
2740 573 2846 626 quo
2892 557 3083 611 Filium
3135 557 3224 610 Dei
3265 556 3535 618 occidistis
3565 601 3578 616 .

2011 629 2058 680 id
2090 639 2188 687 est.
2225 632 2299 682 lix
2330 646 2435 698 quo
2463 632 2635 684 vivum
2667 631 2882 683 verbum
2912 628 3148 681 veritatis
3178 628 3334 689 illius,
3362 631 3582 686 menda-

2007 698 2084 750 eis
2125 699 2266 751 verbi
2305 700 2479 766 gladio
2503 741 2515 760 ,
2550 700 2766 753 veritate
2796 698 2956 750 eﬁ'nsa
2982 737 2997 759 ,
3031 709 3293 751 mortuum
3332 698 3530 754 fecistis
3562 719 3578 754 :

2005 778 2139 818 sucut
2163 783 2403 835 superius
2430 770 2675 832 diximus,
2706 767 3049 839 spiritualiter
3072 767 3354 839 prophetas
3380 771 3574 839 suscipi

2004 845 2092 887 aut
2117 839 2304 891 occidi.
2359 839 2454 902 Qui
2502 840 2640 891 enim
2689 837 2913 890 eredunt
2962 838 3249 889 secundum
3297 837 3572 894 veritatem

2003 906 2174 957 verbis
2203 907 2592 973 prophetarum,
2619 907 2911 975 suscipiunt
2943 910 3223 973 prophetas
3249 924 3261 958 :
3286 909 3371 975 qui
3395 919 3570 962 autem

2004 987 2344 1040 Corrumpunt
2388 979 2658 1030 veritatem
2707 978 2958 1042 ipsorum,
2989 976 3232 1028 occidunt
3281 976 3436 1029 verba
3483 993 3574 1032 eo-

2005 1058 2116 1094 rum
2144 1083 2157 1105 ,
2187 1055 2238 1097 ct
2264 1061 2355 1098 eos
2384 1047 2524 1112 ipsos
2551 1047 2601 1099 in
2633 1047 2807 1098 verbis
2840 1045 3092 1112 ipsorum.
3140 1046 3226 1099 Sic
3252 1055 3304 1098 et
3330 1046 3572 1102 Christus

2002 1121 2090 1163 aut
2118 1116 2417 1181 suscipitur,
2446 1124 2532 1167 aut
2559 1116 2812 1168 occiditur
2837 1115 2975 1180 apud
3002 1129 3114 1168 nos.
3146 1114 3200 1167 Si
3227 1116 3366 1168 enim
3393 1118 3569 1170 credi-

2001 1197 2118 1251 mus
2133 1185 2305 1237 verbis
2327 1186 2456 1251 ejus.
2482 1187 2793 1251 suscipimus
2815 1202 2956 1246 eunt,
2981 1194 3032 1235 et
3053 1199 3368 1251 generamtts
3390 1186 3438 1236 in
3468 1202 3568 1240 no-

2001 1250 2079 1304 bis
2100 1266 2111 1303 :
2132 1252 2174 1304 si
2197 1250 2368 1307 autem
2388 1271 2488 1306 non
2506 1250 2790 1317 credimus,
2815 1265 2864 1306 et
2882 1250 3343 1307 adhucveritatem
3374 1257 3564 1308 verbo-

2003 1335 2114 1374 rum
2139 1323 2249 1388 ejus
2274 1325 2677 1390 corrumpimus,
2711 1323 3012 1390 repellimus
3035 1338 3175 1386 enm,
3201 1334 3254 1376 et
3277 1326 3568 1378 occidimus

1997 1391 2130 1457 apud
2160 1407 2275 1445 nos.
2319 1392 2466 1446 Unde
2500 1393 2575 1457 lit,
2607 1404 2660 1444 ut
2687 1393 2916 1459 quotidie
2945 1391 3185 1445 Christus
3214 1394 3351 1460 apud
3384 1395 3567 1449 fideles

1996 1460 2205 1526 quidem
2251 1463 2607 1529 suscipiatur,
2658 1472 2814 1531 atqtte
2858 1471 3121 1526 nascatur,
3169 1468 3306 1531 apud
3355 1465 3568 1518 hmroti—

1995 1540 2284 1599 CUShautem
2316 1532 2615 1599 repellatur.

2068 1597 2425 1652 [hereticorum
2475 1600 2680 1653 ecclesia
2727 1599 2962 1652 derelicta
3017 1616 3046 1651 (ι
3093 1599 3195 1652 Deo
3243 1611 3287 1654 et
3337 1605 3565 1658 omnibus

1992 1669 2510 1739 sanctis—Relicta
2539 1682 2619 1722 est
2645 1678 2816 1721 autem
2863 1678 2914 1720 et
2959 1670 3201 1731 deserta,
3228 1687 3291 1724 ex
3339 1689 3443 1739 quo
3492 1674 3560 1728 de

1994 1737 2078 1789 illa
2120 1741 2374 1806 corporali
2423 1740 2654 1792 Ecclesia
2705 1739 2990 1806 spiritualis
3036 1740 3241 1792 exivit:
3274 1741 3322 1792 id
3350 1737 3450 1804 est,
3496 1745 3563 1798 de

1994 1807 2180 1873 popqu
2221 1824 2336 1870 suo,
2368 1811 2453 1877 qui
2495 1808 2768 1862 videbatur
2794 1807 3142 1868 Christianus,
3190 1817 3243 1861 et
3286 1825 3388 1862 non
3420 1822 3556 1875 erat,

1993 1877 2211 1942 populos
2238 1878 2335 1931 iste
2377 1880 2554 1940 exivit,
2606 1879 2691 1945 qui
2742 1892 2842 1928 non
2901 1877 3170 1929 videbatur
3191 1919 3205 1942 ,
3237 1891 3288 1931 et
3319 1891 3432 1933 erat
3462 1899 3474 1932 :
3504 1892 3558 1935 et

1992 1947 2155 2012 magis
2197 1956 2391 2012 autem,
2437 1951 2723 2000 secundum
2778 1946 2914 2012 quod
2957 1946 3220 2010 diximus,
3252 1948 3378 2000 illia
3407 1951 3559 2004 nobis

1989 2015 2222 2066 exierunt
2248 2055 2262 2077 ,
2294 2033 2447 2082 quam
2480 2033 2574 2068 nos
2604 2017 2670 2069 ab
2701 2016 2819 2068 illis.
2866 2013 3003 2068 Sicut
3034 2027 3208 2073 autem
3255 2019 3553 2072 membrum

1987 2096 2015 2134 a
2044 2098 2262 2154 corpore
2289 2087 2558 2151 prtecisum
2590 2086 2764 2137 vivere
2806 2099 2907 2136 non
2952 2093 3143 2152 potest,
3176 2102 3347 2154 neque
3379 2104 3557 2141 ramus

1987 2153 2190 2206 arboris
2239 2155 2415 2206 viridis
2455 2170 2573 2207 csso
2605 2169 2619 2205 :
2652 2156 2728 2206 sic
2757 2161 2809 2206 et
2834 2169 3017 2206 omnes
3064 2153 3295 2207 lneretiei
3349 2160 3551 2223 priecisi

1985 2235 2013 2272 a
2044 2237 2262 2289 corpore
2307 2225 2459 2277 Unius
2513 2223 2779 2284 Ecclesiae,
2833 2238 2930 2275 nec
2972 2224 3127 2275 vitam
3173 2224 3368 2277 Christi
3421 2228 3469 2279 in
3499 2243 3557 2282 sc

1988 2292 2180 2345 habere
2231 2304 2465 2358 passion,
2517 2308 2613 2346 nec
2635 2293 2946 2345 viriditatem
2998 2294 3182 2361 gratia:
3223 2296 3549 2361 spiritualis,

1984 2361 2075 2430 sed
2107 2370 2182 2430 est
2229 2361 2460 2414 Ecclesia
2486 2377 2665 2416 eorum
2691 2363 2895 2414 deserta
2923 2379 2935 2414 :
2970 2378 3072 2414 non
3113 2363 3182 2414 ab
3215 2363 3550 2430 hominibus;

1983 2428 2208 2502 abundat
2232 2431 2369 2502 enim
2400 2433 2674 2502 perversis
2697 2431 3019 2502 hominibus,
3042 2434 3306 2498 quomodo
3337 2428 3550 2502 semper

1985 2498 2235 2549 malorum
2266 2501 2429 2562 major
2454 2508 2533 2550 est
2560 2499 2706 2565 copia
2730 2515 2883 2564 quam
2914 2501 3168 2552 bonorum
3192 2502 3314 2554 :sed
3342 2498 3552 2558 descrta

1981 2577 2059 2638 est
2077 2582 2104 2617 a
2121 2569 2314 2619 sanctis
2353 2570 2552 2638 deserta
2573 2583 2600 2620 a
2620 2569 2949 2638 sanctitate,a
2970 2569 3125 2630 lide,a
3147 2572 3383 2636 veritate,
3399 2587 3425 2623 a
3443 2589 3554 2638 gra-

1984 2636 2069 2698 tia,
2091 2651 2117 2687 a
2150 2639 2363 2702 Spiritu;
2403 2637 2610 2690 deserta
2637 2637 2861 2704 denique
2886 2638 2951 2689 ab
2979 2638 3091 2704 ipso
3120 2639 3245 2701 Deo,
3266 2651 3317 2693 et
3343 2658 3370 2692 a
3399 2636 3553 2697 bonis

1982 2705 2223 2758 omnibus
2250 2723 2363 2773 qua:
2388 2716 2507 2758 sunt
2539 2708 2646 2759 Dei.
2670 2707 2814 2759 Sicut
2833 2709 2972 2760 enim
2998 2709 3175 2770 homo,
3205 2710 3291 2776 qui
3325 2710 3416 2763 Dei
3445 2727 3548 2766 non

1981 2784 2079 2838 est,
2111 2784 2343 2827 mortuus
2365 2776 2556 2828 dicitur
2581 2790 2718 2834 esse.
2764 2776 3006 2844 quamvis
3064 2778 3201 2829 vivat
3236 2781 3395 2844 :quia
3443 2796 3548 2835 non

1982 2844 2105 2916 Deo,
2137 2845 2227 2916 sed
2255 2845 2462 2897 diabolo
2491 2846 2613 2897 vivit
2643 2862 2655 2896 :
2688 2845 2762 2898 sic
2808 2847 2978 2897 oniuis
3026 2845 3262 2900 Ecclesia
3305 2852 3548 2916 quamvis

1977 2912 2207 2984 abundet
2239 2916 2554 2976 hmninibus,
2590 2925 2759 2967 tamen
2788 2916 2829 2966 si
2858 2916 2921 2968 ab
2952 2916 3052 2967 illis
3081 2916 3236 2969 bonis
3263 2912 3378 2984 qua:
3406 2919 3545 2975 dicta

1978 2995 2097 3034 sunt
2119 2983 2357 3047 defuerit,
2387 2984 2593 3036 deserta
2622 2994 2702 3037 est
2736 3002 2746 3035 :
2777 2985 2895 3052 quia
2926 3001 3028 3036 non
3061 2985 3190 3047 Deo,
3215 2983 3308 3040 sed
3335 2988 3548 3042 diabolo

1981 3052 2128 3125 plena
2156 3061 2252 3125 est.
2290 3054 2592 3125 [hedenim
2611 3054 2756 3106 vobis
2786 3072 2812 3125 :7
2833 3053 2950 3105 Non
2977 3071 3053 3106 me
3083 3055 3306 3107 videbitis
3337 3060 3542 3125 amodo,

1977 3120 2133 3192 donec
2180 3124 2376 3185 dicatis,
2409 3122 2704 3175 Benedictus
2731 3124 2815 3192 qtti
2844 3125 2970 3174 venit
3007 3126 3056 3175 in
3095 3127 3292 3177 nomine
3319 3120 3543 3183 Domini.

1979 3189 2111 3244 Vere
2141 3192 2277 3243 enim
2309 3208 2370 3244 ex
2400 3201 2634 3258 tempore
2662 3189 2966 3260 perditionis
2988 3208 3095 3246 sua:
3123 3193 3355 3248 haeretici
3387 3213 3545 3250 num-

1976 3276 2128 3326 quam
2162 3260 2428 3313 Christnm
2456 3262 2715 3315 viderunt.
2757 3263 2941 3316 Vident
2970 3263 3108 3316 enim
3136 3280 3256 3317 eum
3285 3265 3408 3330 fide,
3433 3283 3540 3320 non

1975 3330 2156 3399 oculis,
2182 3330 2269 3396 qui
2295 3331 2578 3382 secundum
2609 3332 2884 3385 veritatem
2915 3332 3028 3399 ejus
3050 3333 3272 3386 credunt
3302 3334 3351 3386 in
3378 3351 3497 3389 eum
3525 3355 3539 3392 :

1973 3398 2062 3464 qui
2111 3410 2282 3450 autem
2333 3414 2432 3449 non
2476 3399 2724 3461 credunt,
2758 3401 2882 3452 cat-ci
2933 3398 3054 3453 sunt
3079 3403 3260 3464 corde,
3293 3419 3394 3456 non
3425 3421 3544 3458 cor-

1974 3481 2100 3533 pore
2129 3487 2142 3525 :
2176 3483 2276 3517 non
2308 3471 2631 3538 necessitate,
2660 3469 2751 3521 sed
2783 3470 3066 3522 voluntate.
3117 3471 3388 3538 Cognituri
3420 3486 3543 3528 sunt

1973 3546 2146 3588 autem
2179 3551 2295 3589 cum
2327 3538 2375 3588 in
2407 3537 2493 3589 die
2528 3538 2705 3603 jndicii
2754 3539 3014 3600 nolentes,
3048 3537 3260 3606 quando
3293 3543 3545 3598 videbunt

1974 3619 2092 3658 eum
2124 3606 2172 3656 in
2201 3607 2471 3671 majestate
2500 3607 2693 3670 Patris,
2725 3608 2933 3674 quando
2963 3609 3215 3661 videbunt
3234 3626 3353 3662 eum
3381 3613 3540 3666 etiam

1973 3691 2156 3727 omnes
2185 3677 2382 3742 iniqui,
2411 3685 2460 3728 et
2508 3677 2780 3729 Dominum
2843 3693 2961 3730 cmn
3007 3678 3398 3733 conﬁtebuntur
3444 3697 3541 3734 no-

1974 3745 2141 3796 lentes
2177 3763 2187 3794 :
2219 3743 2449 3806 Domine,
2478 3744 2706 3807 Domine,
2739 3764 2826 3798 nos
2863 3748 2912 3798 in
2941 3749 3136 3800 nomine
3165 3759 3248 3800 tuo
3288 3751 3540 3805 datmonia

1971 3813 2200 3886 ejecimus
2226 3814 2242 3880 (
2268 3813 2448 3886 illotth.
2563 3815 2632 3864 2'2
2655 3816 2694 3882 ),
2718 3827 2856 3886 ett:._;
2885 3816 2975 3886 sed
3020 3817 3148 3869 nihil
3180 3818 3282 3871 illis
3309 3821 3541 3886 proderit

1974 3880 2114 3932 tarda
2159 3881 2440 3935 confessio.
2471 3883 2616 3934 Tunc
2655 3880 2709 3933 et
2758 3884 2838 3935 isti
2896 3884 3083 3937 dicturi
3126 3896 3249 3938 sunt
3290 3880 3539 3942 Christo:

1973 3948 2082 4002 Nos
2119 3951 2168 4001 in
2198 3952 2394 4002 nomine
2422 3961 2504 4003 tuo
2535 3952 2811 4015 docuimus,
2844 3965 2886 4003 et
2917 3955 2966 4006 in
2998 3957 3198 4007 nomine
3229 3966 3310 4007 tuo
3349 3957 3544 4011 dwmo-

1971 4020 2053 4071 nia
2075 4021 2325 4088 ejecimus.
2355 4021 2496 4072 Dicet
2523 4032 2696 4073 autem
2719 4022 2782 4073 ad
2817 4037 2908 4074 eos
2935 4040 2946 4074 :
2980 4024 3242 4090 Nunquid
3271 4026 3318 4077 in
3351 4029 3545 4083 virtute

1971 4092 2116 4142 mea?
2145 4090 2395 4158 numquid
2426 4092 2474 4142 in
2519 4093 2704 4158 spiritu
2747 4109 2863 4143 meo
2879 4093 2901 4141 ‘I
2933 4092 2984 4144 ln
3013 4095 3222 4147 ntnnine
3248 4097 3387 4147 enim
3421 4113 3540 4150 meo

1968 4159 2159 4230 aliquid
2191 4174 2362 4225 agere,
2398 4161 2732 4213 seductorum
2773 4171 2854 4213 est
2898 4178 2910 4212 :
2954 4163 3044 4215 sed
3093 4164 3143 4216 in
3187 4165 3377 4217 virtute
3400 4182 3539 4230 mea,

1968 4237 2020 4281 et
2049 4229 2096 4280 in
2125 4230 2306 4293 Spiritu
2341 4244 2475 4293 meo,
2507 4239 2829 4282 sanctorum.
2866 4232 3123 4285 Discedite
3152 4249 3180 4284 a
3213 4250 3316 4297 me,
3363 4229 3544 4289 nescio

1968 4298 2054 4365 qui
2083 4299 2404 4371 estis._Sit-ut
2450 4300 2589 4351 enim
2635 4314 2727 4351 vos
2777 4312 3152 4371 cognoscentes
3196 4319 3300 4366 me,
3341 4321 3541 4371 Cogno-

1969 4382 2117 4420 scere
2175 4368 2446 4430 noluistis,
2501 4385 2601 4419 non
2658 4379 2870 4437 propter
2923 4370 3256 4423 dillicultates
3309 4368 3542 4428 veritatis

1971 4451 2121 4498 mca‘,
2153 4437 2240 4490 sed
2277 4447 2486 4505 propter
2533 4439 2831 4506 iniquitates
2876 4440 3088 4492 malitize
3122 4451 3308 4494 vestra.-
3340 4460 3351 4494 :
3386 4446 3462 4495 sic
3486 4455 3538 4496 ct

1968 4519 2064 4572 ego
2094 4521 2415 4572 Cognoseens
2457 4523 2545 4558 vos
2572 4549 2585 4571 ,
2631 4509 2750 4558 uolo
2780 4522 3098 4574 cognoscere
3121 4551 3135 4574 ,
3169 4525 3269 4562 non
3323 4521 3539 4577 propter

1969 4587 2245 4647 extraneas
2298 4591 2546 4642 personas
2612 4589 2811 4629 vestras
2843 4617 2857 4641 ,
2911 4579 3002 4632 sed
3054 4588 3265 4647 propter
3316 4580 3541 4634 odibiles

1970 4645 2191 4695 malitias
2228 4657 2449 4696 vestras.

2339 4755 2564 4808 Hmnilin
2593 4759 2736 4825 .r/vij.
2764 4773 2824 4810 ex
2847 4759 3007 4825 capite
3029 4759 3165 4811 xxiv.

2043 4844 2088 4894 i.
2124 4842 2370 4912 Egressus
2406 4844 2555 4898 Jesus
2601 4851 2662 4898 de
2705 4849 2904 4914 templo,
2960 4847 3058 4897 ibul
3089 4863 3106 4898 :
3131 4857 3175 4899 et
3222 4864 3542 4906 accesserunt

1968 4914 2199 4989 discipuli
2253 4916 2378 4984 ejus,
2425 4929 2472 4966 ut
2503 4919 2812 4989 ostenderent
2843 4918 2895 4989 ei
2927 4917 3284 4989 a’di/icutiones
3341 4920 3534 4989 templi.

1967 4981 2217 5056 Superius
2271 4981 2537 5051 ingressus
2580 4995 2672 5056 est,
2709 4985 2957 5037 Dominus
2991 4987 3261 5054 templum,
3295 4981 3539 5056 quan-ens

1970 5054 2298 5105 sanctitatem
2333 5056 2506 5119 templi
2540 5072 2550 5104 :
2585 5053 2675 5106 sed
2707 5068 2825 5105 cum
2860 5057 2908 5106 in
2942 5057 3136 5123 templo
3176 5053 3528 5112 nihil—inveni-

1971 5132 2048 5195 ret
2079 5137 2345 5190 proprtum
2375 5124 2586 5189 templi,
2611 5193 2616 5195 ἓ
2638 5137 2884 5189 egressus
2913 5124 2978 5177 tle
3010 5129 3203 5195 templo
3236 5128 3340 5180 ibat
3369 5145 3381 5180 :
3415 5131 3534 5195 quia

1971 5192 2245 5244 mdilicium
2276 5195 2482 5259 quidem
2524 5193 2714 5264 stabat,
2757 5195 2895 5260 quod
2945 5192 3229 5250 erexerunt
3276 5192 3539 5264 homines,

1972 5264 2220 5314 sanctitas
2262 5277 2382 5312 vero
2428 5261 2710 5323 Ceciderat,
2768 5279 2923 5330 quam
2970 5267 3317 5320 constituerat
3375 5261 3536 5322 Dens.

1971 5330 2097 5382 Nam
2123 5332 2366 5404 templum
2388 5331 2654 5404 hominum
2679 5341 2759 5385 est
2774 5333 3047 5387 aediliCatio
3066 5336 3292 5402 lapidum
3321 5338 3541 5404 pulchre

1971 5402 2255 5476 contposita
2306 5417 2317 5452 :
2375 5402 2624 5476 templum
2682 5411 2856 5453 autem
2913 5405 3000 5454 Dei
3060 5414 3141 5476 est
3193 5402 3539 5476 congregatio

1973 5470 2261 5548 elt'tctortim
2317 5471 3040 5548 I't‘llglO-‘c-CtthCl‘saltlllllll.
3090 5473 3196 5527 ibat
3236 5470 3544 5548 ιΙιέίυἷιψιιι

1973 5538 2129 5599 foras,
2164 5538 2212 5590 id
2253 5549 2350 5598 est,
2383 5540 2446 5590 de
2486 5540 2682 5593 Juda-is
2728 5543 2790 5591 ad
2840 5553 3041 5608 gentes.
3073 5544 3177 5596 Ibat
3225 5564 3325 5599 non
3372 5538 3543 5605 solum

1971 5623 2238 5682 corpore,
2276 5609 2367 5661 scd
2425 5610 2698 5682 voluntate
2749 5612 3002 5682 recedi-ns
3057 5615 3105 5665 in
3157 5618 3540 5682 spiritualilms.

1974 5678 2106 5729 Ecce
2136 5679 2178 5729 si
2211 5693 2332 5744 pars
2362 5681 2532 5749 aliqua
2575 5680 2761 5730 domus
2790 5680 2941 5731 fuerit
2969 5678 3318 5746 decis:i,'t-nm
3361 5691 3544 5744 labore

1977 5756 2146 5824 tmtten
2182 5749 2427 5824 possibile
2477 5760 2555 5824 est
2601 5759 2655 5799 ut
2706 5760 2980 5813 rcparetnr
3012 5770 3022 5803 :
3053 5755 3093 5803 si
3135 5766 3310 5806 autem
3370 5759 3538 5824 ipsum

1977 5815 2366 5870 l'uudamentmn
2397 5817 2549 5872 fuerit
2579 5828 3006 5886 conquassatum,
3035 5825 3155 5890 quid
3184 5824 3336 5878 faciat
3370 5815 3544 5895 [inter-
