4128 6494
341 398 446 451 901

333 536 456 591 qua:
486 530 666 574 tamen
691 516 1107 591 videbaturcsse
1134 515 1452 580 Jerusalem,
1476 531 1591 591 non
1603 523 1777 591 autem
1794 528 1916 568 vera

336 586 472 644 orat.
533 590 584 641 In
636 589 1094 641 consummatione
1120 594 1295 640 autem
1341 586 1518 639 mundi
1551 586 1788 639 Ecclesia
1827 593 1919 638 aut

336 660 598 722 desolata,
629 668 718 711 aut
744 654 1033 711 desolanda
1063 666 1142 710 est
1172 673 1186 710 :
1217 657 1390 710 adhuc
1438 667 1613 710 tamen
1663 657 1753 710 illa
1797 670 1915 723 qua:

336 731 618 783 videbatur
658 728 920 792 Ecclesia,
967 743 1072 781 non
1117 737 1293 779 autem
1338 741 1456 794 qua:
1501 741 1626 780 vera
1666 735 1797 788 erat,
1828 732 1919 778 aut

335 810 413 853 est
444 817 457 852 :
489 799 739 853 Dominus
764 805 941 851 autem
987 812 1089 850 non
1134 798 1416 863 separatim
1445 796 1594 859 dixit,
1621 811 1738 865 qua:
1765 796 1913 865 signa

335 871 635 937 pertineant
680 868 743 921 ad
768 867 1183 921 destructionem
1220 865 1544 937 Jerusalem,
1588 863 1649 937 et
1692 881 1809 937 quae
1849 863 1916 917 ad

335 935 844 991 consummationem
901 938 1119 1002 mundi,
1149 936 1392 990 videlicet
1438 946 1494 989 ιιι
1541 936 1724 990 eadem
1770 935 1916 1004 signa

339 1009 605 1076 pertinere
631 1008 904 1061 videantur
923 1017 974 1061 et
1003 1007 1068 1060 ad
1100 1006 1578 1060 manifestatiouem
1602 1006 1920 1059 destructio-

339 1081 420 1132 nis
451 1078 766 1136 Jerusalem.
794 1086 847 1129 ct
886 1077 950 1130 ad
992 1076 1468 1130 manifestationem
1504 1076 1920 1131 consummatio-

339 1149 423 1202 nis
446 1148 624 1200 mundi
651 1165 662 1199 :
688 1147 808 1215 quia
833 1164 936 1200 non
956 1147 1106 1216 quasi
1139 1147 1410 1199 historiam
1436 1161 1530 1215 per
1549 1146 1788 1216 ordinem
1822 1160 1916 1198 ex-

338 1219 511 1285 posuit
531 1219 630 1280 cis,
660 1217 925 1286 quomodo
944 1215 1026 1270 res
1044 1226 1194 1270 erant
1219 1216 1456 1284 agendae,
1487 1217 1578 1286 sed
1605 1215 1914 1286 prophetico

337 1284 488 1340 inore
532 1284 772 1355 prmdixit
800 1287 877 1340 eis
911 1303 1029 1356 qua:
1058 1301 1142 1340 res
1168 1297 1318 1339 erant
1344 1285 1578 1354 agendae.
1637 1284 1914 1354 Prophetia

335 1368 513 1410 autem
542 1373 754 1424 semper
777 1371 871 1424 per
895 1358 1204 1427 mysterium
1251 1357 1463 1427 dicitur.
1498 1367 1551 1411 et
1593 1372 1684 1422 per
1721 1369 1916 1427 myste-

337 1429 476 1478 rium
508 1428 832 1496 intelligitur.
875 1425 1008 1494 Quid
1039 1427 1232 1496 igitur?
1261 1426 1385 1480 lltec
1432 1427 1579 1494 signa
1629 1428 1695 1478 de
1750 1425 1908 1488 fame,

335 1496 402 1549 de
418 1496 589 1558 bellis,
617 1505 666 1551 et
709 1496 776 1551 de
809 1506 1130 1555 terra-motu.
1162 1499 1204 1550 si
1229 1497 1292 1551 ad
1331 1497 1542 1564 plenum
1574 1496 1920 1563 spiritualiter

336 1567 662 1636 voluerimus
690 1566 1004 1636 intelligere,
1039 1581 1142 1620 non
1168 1577 1385 1635 possunt
1419 1569 1682 1627 pertinere
1708 1566 1770 1618 ad
1803 1580 1913 1617 ma-

336 1635 728 1690 uil‘estationem
781 1635 1160 1691 destructionis
1203 1636 1496 1692 Jerusalem
1554 1651 1567 1686 :
1618 1637 1736 1704 quia
1795 1645 1916 1688 tunc

335 1707 682 1773 spiritualiter
702 1722 828 1774 gens
853 1718 1037 1760 contra
1066 1715 1281 1776 gentem
1307 1723 1409 1758 non
1437 1709 1666 1758 surrexit
1691 1723 1703 1762 :
1739 1705 1788 1757 id
1812 1713 1914 1768 est,

337 1776 558 1829 ltwresis
600 1787 780 1830 contra
814 1776 1080 1829 haeresim.
1127 1777 1255 1829 Nam
1286 1787 1523 1843 tempore
1554 1777 1914 1842 apostolorum

338 1848 703 1900 tantummodo
725 1847 1002 1900 seminata:
1036 1858 1159 1899 sunt
1196 1848 1446 1910 luereses,
1477 1856 1713 1913 tempore
1737 1853 1914 1899 autem

336 1917 478 1983 regis
498 1915 786 1970 Christiani
828 1917 1266 1985 germinaverunt
1295 1931 1308 1968 :
1343 1917 1537 1969 nostris
1562 1926 1736 1985 autem
1773 1923 1914 1968 tem-

337 1987 555 2052 poribus
596 1984 962 2040 maturuerunt
1005 1995 1059 2040 et
1111 1986 1518 2055 praevaluertmt.
1568 1984 1911 2055 Tuneenim

335 2057 502 2109 l‘anies
529 2071 630 2109 non
651 2066 764 2109 erat
789 2053 1220 2124 spiritualis,‘sed
1242 2071 1429 2124 magna
1459 2056 1691 2116 ubertas.
1720 2053 1787 2110 de
1810 2069 1912 2124 qua

338 2126 595 2192 pr0phcta
626 2125 835 2179 dicebat
859 2143 871 2177 :
914 2125 1136 2178 Visilasti
1161 2136 1364 2186 terrain,
1387 2137 1434 2178 et
1463 2125 1718 2179 inebriasti
1763 2141 1911 2189 eam,

333 2194 680 2266 sitttitiplicasti
707 2197 869 2249 ditare
894 2212 1003 2249 eam
1031 2195 1203 2266 (Psal.
1233 2197 1320 2251 64.
1357 2195 1466 2266 10).
1502 2196 1634 2249 Item
1663 2196 1705 2248 si
1729 2194 1916 2248 volue-

331 2265 503 2319 rimus
526 2265 638 2320 haec
662 2266 810 2334 signa
841 2276 1042 2319 tantum
1070 2265 1739 2334 corporaliterintelligere
1758 2304 1775 2330 ,
1808 2280 1913 2318 non

371 2337 618 2390 roﬁciunt
640 2336 706 2389 ad
726 2335 1205 2391 manifestationem
1224 2335 1692 2390 consummationis
1710 2334 1912 2389 mundi.

381 2420 466 2457 am
497 2414 550 2459 et
573 2406 708 2460 bella
733 2407 845 2460 haec
865 2407 1158 2474 corporalia
1185 2421 1394 2475 semper
1424 2405 1654 2469 fuerunt,
1685 2413 1739 2460 et
1774 2418 1909 2460 sem-

333 2489 431 2542 per
446 2484 618 2529 ernnt.
651 2475 717 2530 Et
753 2476 939 2540 fames,
969 2487 1060 2530 aut
1087 2489 1418 2532 terrmmotus
1441 2476 1677 2530 carnales
1701 2489 1913 2543 semper

330 2545 565 2615 fuerunt.
595 2545 709 2600 Non
739 2555 911 2615 potest
936 2556 1112 2600 autem
1137 2561 1256 2601 esse
1277 2546 1327 2600 in
1356 2547 1562 2615 signum
1586 2543 1808 2614 alicujus
1833 2543 1910 2615 rei

332 2614 544 2685 futura},
563 2616 702 2684 quod
731 2613 942 2685 semper
966 2616 1061 2670 fuit
1086 2617 1138 2670 in
1162 2631 1257 2670 usu
1283 2632 1296 2669 :
1331 2613 1422 2670 sed
1449 2616 1590 2685 quod
1610 2613 1802 2668 novum
1827 2613 1905 2685 ﬁt,

332 2684 462 2739 illud
494 2685 685 2740 dicitur
717 2684 948 2756 signem.
988 2685 1135 2741 Sicut
1171 2702 1298 2755 ergo
1337 2686 1437 2740 fuit
1471 2684 1777 2756 Jerusalem
1823 2684 1910 2738 illa

330 2757 647 2824 corporalis,
678 2755 793 2826 qua:
810 2757 920 2824 jam
938 2766 1236 2826 expugnata
1271 2769 1356 2811 est
1391 2756 1441 2810 in
1467 2755 1631 2826 ﬁgura
1655 2763 1908 2826 {festati-

334 2833 444 2895 t_em
497 2826 663 2880 altera
715 2824 1020 2880 Jerusalem
1060 2824 1385 2895 spiritualis,
1429 2824 1630 2881 scilicet
1672 2824 1910 2880 Ecclesia

330 2892 552 2958 Christi,
584 2911 698 2965 qua:
723 2895 773 2949 in
804 2895 961 2950 ﬁnem
993 2892 1172 2950 mundi
1215 2897 1377 2950 etiam
1413 2897 1663 2951 tentanda
1709 2903 1812 2961 est,
1854 2903 1909 2950 et

331 2965 508 3018 adhuc
535 2974 769 3020 tentatur
799 2984 810 3018 :
843 2967 920 3020 sic
949 2974 1004 3020 et
1031 2967 1177 3034 signa
1206 2967 1290 3019 illa
1321 2983 1437 3035 ιμιω
1463 2967 1715 3019 Dominus
1738 2965 1866 3020 dicit
1887 3006 1906 3030 ,

331 3044 388 3089 et
433 3037 778 3104 spiritualiter
820 3037 1158 3105 intelligenda
1211 3047 1354 3098 sunt,
1401 3046 1455 3090 et
1496 3036 1824 3090 carnaliter:
1854 3047 1911 3088 ut

331 3106 617 3176 carnaliter
656 3106 943 3167 intellecta.
972 3107 1271 3176 signiﬁcent
1311 3107 1724 3161 destructionem
1767 3106 1912 3176 illius

331 3174 629 3230 Jerusalem
662 3193 674 3229 :
705 3174 1048 3243 spiritualiter
1074 3187 1249 3231 autem
1294 3178 1580 3234 intellecta.
1614 3175 1912 3246 signiﬁcent

333 3247 676 3299 tcntationem
712 3247 961 3300 Ecclesiae
988 3246 1039 3300 in
1065 3248 1521 3301 consummatione
1556 3246 1746 3300 futura.
1775 3247 1910 3315 Ergo

332 3315 398 3386 ad
436 3324 715 3386 utrumque
747 3326 951 3384 tempus
974 3317 1182 3385 porrige
1207 3327 1436 3372 mentem
1459 3317 1548 3386 qui
1569 3318 1739 3380 audis,
1766 3325 1820 3371 et
1845 3315 1909 3386 ad

335 3385 462 3438 illud
490 3385 631 3454 quod
663 3385 762 3439 fuit
786 3397 1070 3455 antequam
1096 3384 1388 3441 Jerusalem
1415 3384 1717 3455 caperetur,
1761 3395 1814 3440 et
1842 3384 1910 3438 ad

334 3455 462 3508 illud
487 3455 628 3524 quod
661 3457 746 3510 lict
788 3468 1070 3525 antequam
1121 3466 1352 3511 tentetur
1402 3457 1638 3511 Ecclesia
1686 3456 1904 3511 Christi.

344 3525 516 3578 Videte
540 3542 600 3579 ne
624 3527 732 3593 quis
757 3541 841 3579 vos
865 3529 1088 3580 seducet.
1119 3527 1170 3582 5.
1198 3527 1251 3579 tl!
1258 3528 1347 3580 ulti
1374 3528 1504 3580 enim
1529 3527 1720 3580 venient
1741 3526 1791 3579 in
1817 3542 1906 3578 no-

331 3596 466 3648 mine
495 3611 622 3658 meo,
650 3596 866 3648 dicentes
893 3613 910 3648 :
941 3597 1047 3664 lfgo
1073 3614 1185 3649 sum
1205 3598 1452 3662 Christus,
1478 3607 1526 3651 et
1554 3597 1736 3649 multos
1761 3596 1910 3650 sedu-

332 3675 461 3717 cent.
489 3664 662 3718 liocet
690 3666 1060 3734 Apostolus(2.
1081 3665 1259 3719 Thess.
1284 3667 1337 3719 2.
1362 3668 1416 3735 5)
1442 3667 1574 3720 dixit
1599 3667 1661 3720 iis
1682 3667 1770 3735 qui
1798 3667 1910 3720 lue-

334 3743 458 3787 runt
487 3744 766 3802 antequam
799 3747 1076 3803 caperetur
1097 3735 1408 3801 Jerusalem,
1426 3738 1544 3804 quia
1569 3737 1710 3804 prius
1724 3746 1906 3789 ventu-

333 3806 376 3858 ri
397 3806 600 3874 l'uerant
619 3804 1023 3871 pseudochristi.
1049 3806 1258 3860 Etenim
1284 3806 1382 3859 hoc
1415 3815 1524 3858 erat
1555 3807 1764 3874 signum
1791 3807 1903 3874 pri-

333 3891 476 3928 nnttn
510 3873 884 3927 destructionis
910 3874 1202 3929 Jerusalem
1229 3891 1244 3928 :
1270 3875 1410 3943 quod
1428 3890 1552 3930 vere
1580 3873 1774 3929 factum
1792 3873 1901 3929 est.

334 3943 606 3999 Venerunt
632 3945 770 3997 enim
802 3945 1099 4008 Dositheus,
1126 3956 1177 3998 et
1201 3946 1406 4010 Simon,
1444 3954 1498 3998 et
1528 3945 1776 4000 Cleonius
1798 3986 1813 4009 ,
1851 3957 1906 3998 et

333 4013 582 4067 \‘arisnas
610 4013 657 4064 in
685 4015 898 4068 nomine
925 4013 1118 4068 Christi
1139 4056 1153 4078 ,
1186 4025 1238 4068 et
1271 4016 1358 4068 alii
1390 4015 1562 4079 multi,
1598 4025 1733 4080 quos
1760 4016 1904 4083 Apo-

332 4085 500 4136 Stolus
533 4083 582 4136 in
618 4083 866 4152 Epistolis
912 4086 1021 4138 suis
1054 4086 1234 4154 tangit.
1265 4084 1376 4139 lloc
1421 4094 1474 4138 et
1514 4085 1752 4153 patribus
1804 4099 1898 4138 no-

333 4154 756 4224 striscdixerunt,
787 4155 873 4222 qui
906 4154 1118 4208 fuerunt
1161 4156 1303 4222 prius
1341 4165 1622 4224 antequam
1664 4164 1897 4209 tentare-

333 4233 417 4276 tur
440 4222 696 4286 Ecclesia,
748 4225 869 4294 quia
912 4237 1135 4294 ventura
1185 4226 1390 4278 fuerant
1433 4222 1692 4279 bteresum
1738 4225 1900 4278 multa

330 4294 489 4363 verba
539 4293 832 4357 mendacia,
889 4293 1113 4349 dicentia
1146 4312 1158 4346 :
1190 4295 1300 4363 Ego
1348 4311 1464 4348 sum
1514 4295 1738 4348 Verbum
1785 4295 1896 4359 Dei,

329 4361 593 4434 Christus.
628 4364 691 4415 Et
717 4365 815 4417 hoc
840 4365 1045 4434 signum
1076 4364 1170 4417 fuit
1198 4361 1600 4434 eipugnatiouis
1625 4364 1895 4426 Ecclesia',

330 4433 468 4503 quod
488 4445 540 4486 et
561 4432 753 4486 factum
785 4445 885 4488 est.
919 4433 1051 4488 Vere
1077 4436 1216 4488 enim
1247 4432 1548 4503 priusquam
1572 4451 1636 4488 ex
1661 4444 1897 4502 tempore

330 4501 636 4574 'l'_heod0sii,
669 4505 1130 4570 prmvaricantibus
1157 4501 1352 4568 multis,
1383 4501 1894 4574 eitpttgnareturEc-

329 4571 534 4642 cli-sia,
588 4574 747 4625 multa
797 4574 1039 4640 dogmata
1107 4571 1492 4642 praecesserunt
1529 4571 1608 4628 'cx
1659 4583 1896 4642 tempore

328 4639 683 4714 Consmntiui,
715 4639 962 4705 dicentia,
994 4639 1209 4696 lloc'cst
1232 4646 1452 4714 verbum
1486 4645 1577 4698 Dei
1610 4662 1623 4698 :
1654 4660 1747 4710 per
1773 4639 1892 4714 qua:

327 4711 477 4780 signa
503 4711 799 4782 intelligere
819 4722 1100 4781 potuerunt
1131 4713 1541 4779 periclitaturam
1572 4729 1689 4769 esse
1712 4711 1895 4768 Eccle-

328 4779 459 4852 siatn
490 4779 710 4846 Christi,
744 4779 1095 4852 siprophetia
1117 4783 1311 4838 Christi
1359 4795 1481 4838 ante
1512 4785 1711 4838 exitum
1736 4785 1894 4840 intel-

329 4850 416 4917 ligi
447 4852 720 4918 potuisset.
753 4850 904 4904 nam
929 4854 1121 4905 uenient
1156 4854 1206 4905 in
1237 4854 1436 4905 nomine
1469 4867 1599 4915 meo,
1624 4853 1887 4905 dicentes:

331 4918 437 4983 Ego
462 4936 569 4992 sunt
597 4920 842 4975 Christus.
878 4921 1103 4975 Venient
1124 4925 1172 4975 in
1201 4925 1412 4992 nomine
1433 4925 1633 4991 sponsi,
1659 4933 1715 4977 ut
1734 4939 1894 4992 spon-

328 5006 402 5041 sai
440 4991 655 5042 castitas
699 4999 894 5044 tentata
924 4992 1194 5059 probetur.
1239 4991 1367 5045 Nam
1408 4994 1544 5046 sicut
1583 4991 1890 5047 ontnis’mu-

332 5059 450 5130 liet‘,
479 5061 722 5126 quamdiu
747 5077 847 5114 nou
867 5061 1180 5115 admonetur
1204 5077 1232 5114 a
1262 5062 1410 5114 malis
1439 5062 1758 5130 hominibus,
1786 5079 1889 5117 non

327 5128 463 5180 bene
487 5131 824 5194 Cognoscitur
849 5141 1022 5184 utrum
1051 5133 1121 5185 sit
1161 5144 1304 5186 casta
1337 5150 1350 5189 ;
1378 5132 1422 5184 si
1457 5147 1578 5185 vero
1623 5128 1886 5188 admenita

325 5196 706 5250 conscientiam
755 5199 1020 5254 vel'ﬁdem
1067 5203 1177 5253 viro
1208 5207 1517 5265 servaverit,
1549 5215 1671 5255 tunc
1702 5205 1888 5256 merito

326 5277 470 5342 casta
501 5267 742 5342 laudatur
772 5270 1176 5342 :‘sicclieclesite
1219 5272 1346 5342 ﬁdes
1392 5287 1492 5325 non
1541 5272 1673 5327 bene
1697 5287 1890 5342 cogno-

323 5335 512 5395 scitur,
545 5337 642 5388 nisi
677 5338 983 5392 Antichristi
1008 5342 1247 5394 venerint
1269 5341 1331 5394 ad
1365 5356 1504 5395 eam.
1534 5343 1656 5396 Sive
1687 5335 1887 5395 de'illis

327 5405 754 5480 pseudochristis,
783 5410 870 5476 qui
905 5419 1286 5476 praecesserunt
1325 5423 1603 5480 antequam
1643 5421 1877 5466 tentare—

326 5486 409 5528 tur
433 5475 683 5546 Ecclesia,
715 5475 814 5530 hoc
836 5475 1084 5532 convenit
1113 5475 1577 5546 direre.Quoniam
1609 5483 1744 5534 sicut
1768 5497 1884 5535 enin

323 5549 512 5597 domus
563 5545 803 5598 incendio
854 5545 1359 5616 comprehenditur,
1415 5567 1600 5604 omnes
1650 5553 1885 5605 latrones

321 5624 664 5689 consurgunt,
719 5630 1038 5689 quaerentes
1069 5623 1429 5689 unusquisque
1475 5622 1614 5689 qttod
1668 5623 1880 5689 rapiat:

321 5637 664 5682 consurgunt,
719 5637 1016 5684 qltutt't’nles
1069 5637 1339 5686 ttntlquISt
1366 5637 1429 5674 ue
1475 5637 1614 5689 quoe
1668 5637 1835 5689 raptat
1867 5637 1880 5676 Σ

320 5684 397 5739 sic
421 5683 632 5760 quando
657 5698 811 5738 casus
842 5687 1148 5760 specialiter
1179 5700 1300 5742 tunc
1330 5637 1650 5752 indicerent,
1682 5703 1769 5743 aut
1795 5707 1886 5760 ge-

321 5756 591 5828 neraliter.
618 5764 706 5806 aut
735 5755 994 5828 modicum
1022 5755 1439 5828 Christianormu
1473 5759 1583 5813 ﬁeri
1628 5755 1846 5826 σωρειῇ
1865 5803 1880 5828 ,

320 5839 506 5881 omnes
535 5824 803 5880 dantioncs
851 5826 1149 5894 spiritualcs
1198 5828 1425 5885 latrones
1462 5824 1868 5898 insurrexerunt,

1403 403 1468 458 IN
1507 401 1934 459 MATTIUEUM.
1977 401 2202 458 IIOJIII..
2245 401 2474 457 XLVIII.

3499 414 3612 473 902

2026 527 2128 637 ger
2154 528 2278 568 suos
2305 515 2575 568 ministros
2599 523 2896 580 qua-rentes
2920 515 3280 586 nnusqni~qne
3306 534 3461 586 quem
3489 537 3607 588 per-

2065 593 2174 637 ant.
2193 583 2306 637 Non
2351 585 2572 637 audistis
2601 584 2909 637 oronhetam
2936 585 3222 637 dicentem-
3254 590 3523 637 numimdo
3551 591 3604 637 in

2065 593 2174 637 aut.
2193 583 2306 638 Non
2351 585 2572 656 audistis
2600 584 2909 656 prapbetam
2936 583 3222 651 dicentem,
3254 583 3523 656 quomodo
3550 591 3604 645 in

2026 662 2181 707 nocte
2201 669 2386 707 omnes
2402 654 2582 707 bestia:
2608 654 2932 708 circuierunt
2957 654 3390 721 militantes—hoc
3406 659 3566 714 modo
3581 662 3606 712 ἲ

2027 723 2208 777 Posuit
2235 725 2477 788 tenebras,
2510 731 2554 775 et
2575 727 2713 794 facta
2733 735 2804 778 est
2836 741 2972 787 nox;
3010 727 3062 794 in
3090 729 3202 794 ipsa
3233 731 3609 794 pertransibunt

2026 809 2194 846 omnes
2217 795 2386 865 bestia:
2413 794 2552 865 silete
2576 791 2749 865 (Psal.
2784 794 2904 849 105.
2936 793 3051 865 20),
3080 791 3185 850 etc.
3213 791 3300 850 Sic
3320 809 3374 852 et
3397 798 3604 854 daemo-

2025 876 2121 917 nes
2150 863 2685 938 Spiri_tuale_s__besti:e,
2705 865 2952 938 quamdiu
2980 863 3066 938 lux
3090 865 3309 934 justitia:
3335 878 3418 922 est
3440 885 3604 938 super

2027 941 2245 998 terram,
2277 935 2326 986 in
2357 933 2616 988 cubilibus
2641 934 2754 987 suis
2775 936 2959 998 latent,
2990 935 3042 989 id
3083 933 3198 998 est,
3245 938 3296 990 in
3348 933 3601 993 cordibus

2026 1002 2325 1071 impiorum,
2348 1014 2400 1057 et
2428 1019 2528 1056 non
2551 1017 2608 1057 se
2633 1005 2920 1060 ostendunt
2947 1022 2961 1059 :
2991 1020 3110 1060 cum
3151 1015 3328 1061 autem
3354 1009 3601 1063 tenebras

2027 1073 2309 1147 impietatis
2336 1075 2641 1147 aspexerint
2681 1074 2961 1147 dominari,
3010 1085 3136 1147 tunc
3172 1076 3443 1132 dtemones
3475 1094 3595 1147 pro-

2023 1143 2239 1206 cedunt,
2262 1153 2350 1197 ant
2380 1143 2816 1217 ministrieorum
2844 1145 2917 1217 de
2937 1146 3166 1217 latibulis
3193 1148 3325 1211 suis,
3357 1143 3603 1217 quaeren-

2026 1222 2112 1287 tes
2147 1214 2544 1287 qttetn_valeant
2590 1213 2868 1268 devorare.
2905 1215 3027 1287 Ideo
3055 1215 3229 1287 videte
3258 1233 3323 1287 ne
3357 1213 3477 1287 quis
3508 1233 3604 1274 vos

2024 1283 2257 1336 setlucat.
2287 1283 2453 1336 llnnio
2473 1284 2610 1336 circa
2636 1293 2860 1339 mortem
2887 1284 3190 1353 phantasias
3213 1283 3409 1342 videt':
3442 1290 3520 1342 sic
3545 1301 3600 1342 et

2025 1353 2322 1406 inuntlusin
2367 1353 2510 1406 exitu
2553 1369 2651 1405 suo
2697 1353 2891 1408 multos
2943 1356 3172 1423 patietur
3205 1371 3436 1411 errores.
3489 1359 3602 1413 lloe

2023 1434 2168 1490 puto,
2199 1423 2338 1490 quod
2385 1423 2450 1475 ad
2477 1437 2664 1475 omnes
2687 1423 3018 1480 Christianos
3047 1425 3275 1491 dicebat,
3305 1428 3418 1480 sive
3450 1436 3597 1492 tunc,

2022 1493 2133 1545 sive
2156 1493 2332 1555 modo,
2355 1493 2619 1560 praecipue
2647 1503 2820 1547 tamen
2850 1496 2915 1548 ad
2957 1496 3262 1550 sacerdotes
3281 1537 3296 1560 ,
3339 1496 3513 1551 Videte
3539 1515 3605 1552 ne

2021 1563 2131 1630 quis
2160 1579 2245 1615 vos
2272 1563 2494 1615 seducet.
2533 1562 2639 1616 Vos
2686 1565 2814 1616 estis
2855 1564 3131 1618 luminaria
3157 1606 3174 1629 ,
3211 1567 3431 1620 verbum
3478 1568 3602 1622 vita:

2021 1633 2376 1691 continentes,
2403 1633 2549 1697 quasi
2581 1633 2894 1687 candelabra
2941 1636 3204 1698 lucentia;
3236 1637 3409 1700 facile,
3441 1637 3597 1690 vobis

2022 1703 2346 1775 exstinctis,_
2368 1701 2602 1775 Ecclesia
2628 1716 2656 1754 a
2690 1702 2981 1756 latronibus
3013 1705 3242 1772 przrdam
3277 1707 3509 1775 patietur
3545 1708 3598 1759 in

2021 1772 2275 1826 tenebris.
2315 1771 2591 1839 Quomodo
2619 1780 2798 1826 autem
2832 1782 2940 1827 stet
2983 1771 3290 1828 aédiﬁcatio'
3311 1777 3523 1840 domus,
3551 1776 3598 1831 si

2018 1843 2279 1915 columnae
2307 1840 2638 1915 ceciderint?
2681 1842 2851 1915 Etune
2886 1853 3041 1915 putes
3083 1846 3205 1913 quia
3245 1847 3602 1915 corporaliter

2014 1910 2165 1979 jubet
2191 1926 2285 1966 eos
2308 1912 2566 1984 aspicere,
2588 1925 2706 1966 cum
2723 1910 2898 1984 dicit,
2927 1910 3142 1967 Videte:
3169 1914 3262 1968 sed
3303 1910 3599 1984 spirituali-

2021 1990 2103 2035 ter
2123 1990 2301 2054 mente
2323 1981 2683 2054 considerare.
2721 1982 2895 2039 Mente
2923 1994 3100 2038 autem
3129 1994 3306 2054 potest
3335 1981 3598 2042 conside-

2018 2064 2160 2121 rare,
2190 2052 2278 2121 qui
2309 2065 2402 2119 per
2433 2051 2624 2105 bonam
2669 2051 3146 2108 conversationem
3171 2063 3404 2109 mentem
3438 2055 3603 2112 habet

2018 2120 2385 2192 illuminatam.
2419 2121 2518 2189 Qui
2544 2136 2671 2192 ergo
2693 2121 2828 2176 bene
2843 2133 3209 2187 conversatur,
3243 2123 3473 2180 lucidam
3502 2126 3600 2181 ha-

2021 2189 2111 2245 bet
2139 2201 2394 2259 tnentem,
2423 2202 2477 2246 et
2500 2189 2748 2264 intelligit
2776 2193 2863 2262 qui
2894 2204 3017 2264 sunt
3053 2193 3300 2264 doctores
3333 2213 3347 2249 :
3379 2195 3469 2264 qui
3496 2211 3598 2250 au-

2021 2269 2125 2331 tem
2159 2269 2362 2330 peccat,
2385 2277 2573 2318 sensus
2599 2261 2714 2331 ejus
2731 2275 2857 2331 cum
2888 2263 2957 2317 sit
2999 2263 3332 2328 tenebrosus,
3365 2261 3472 2319 non
3516 2266 3600 2320 in-

2021 2330 2204 2402 telligit
2254 2331 2340 2402 qui
2389 2340 2512 2387 sunt
2554 2330 2692 2386 servi
2727 2330 2838 2397 Dei,
2869 2341 2921 2388 et
2972 2333 3061 2400 qui
3100 2333 3327 2388 ministri
3375 2334 3596 2392 diaboli.

2017 2397 2166 2483 _Sicttt
2210 2397 2482 2483 etiim.qui
2523 2401 2875 2483 corporaliter
2896 2397 3080 2483 oculos
3111 2403 3269 2482 habet
3292 2413 3499 2473 acutos,
3527 2407 3598 2462 de

2018 2471 2175 2541 longe
2202 2471 2454 2542 prOSpicit
2487 2471 2846 2542 venientem,
2870 2488 2935 2525 an
2962 2473 3166 2527 amicus
3217 2474 3332 2542 ejus
3377 2471 3492 2542 est,
3524 2491 3596 2531 au

2016 2541 2383 2614 adversarius;
2411 2541 2498 2612 qui
2529 2551 2706 2595 autem
2733 2541 2916 2596 oculos
2938 2542 3095 2597 habet
3121 2545 3380 2610 inﬁrmos,
3404 2541 3596 2614 quam-

2016 2611 2096 2665 vis
2125 2611 2436 2676 intenderit,
2463 2627 2567 2665 non
2604 2614 2878 2680 coguOscit
2907 2628 2972 2666 an
3004 2614 3208 2668 amicus
3237 2618 3342 2677 sit,
3381 2611 3450 2668 an
3494 2617 3597 2670 iui-

2018 2683 2186 2736 micus
2219 2697 2233 2735 :
2265 2681 2345 2737 sic
2364 2681 2457 2751 qui
2484 2691 2715 2751 mentem
2744 2696 2773 2734 a
2804 2686 3033 2751 peccatis
3061 2682 3296 2748 possidet
3332 2685 3589 2740 mundam

2019 2751 2085 2823 de
2116 2752 2270 2820 longe
2293 2750 2616 2823 considerat,
2651 2750 2923 2823 Ιιοιηορεί
2947 2761 3030 2808 est
3057 2754 3144 2808 ille
3186 2754 3274 2823 qui
3304 2755 3472 2820 venit,
3501 2765 3597 2812 aut

2019 2821 2177 2896 homo
2199 2817 2398 2896 diaboli
2427 2838 2441 2875 :
2475 2823 2525 2875 in
2557 2822 2770 2877 nomine
2788 2817 2983 2896 Christi
3007 2823 3171 2888 venit,
3199 2817 3292 2878 aut
3320 2824 3373 2878 in
3393 2817 3593 2896 spiritu

2015 2891 2234 2962 Christi.
2267 2893 2371 2962 Aut
2403 2901 2659 2962 putamus
2691 2892 2831 2958 quod
2874 2908 3085 2962 semper
3126 2895 3336 2948 venturi
3382 2891 3596 2951 fuerant

2019 2962 2136 3015 novi
2169 2959 2364 3017 Christi
2379 2959 2602 3032 irAbsit.
2630 2960 2779 3028 Quod
2803 2976 2931 3032 ergo
2954 2959 3185 3029 dicebat,
3219 2962 3375 3016 Multi
3399 2967 3594 3020 venient

2015 3032 2066 3104 i_n
2119 3033 2324 3104 nomine
2365 3047 2495 3104 meo,
2674 3031 2882 3104 tempus
2924 3034 3284 3104 apostolorum
3339 3037 3590 3104 pertinet.

2014 3101 2163 3156 Tune
2190 3103 2333 3156 enim
2362 3102 2537 3156 sciens
2582 3101 2844 3162 diabolus.
2872 3103 2997 3171 quia
3040 3103 3215 3157 adhuc
3257 3101 3427 3159 novus
3472 3116 3592 3162 erat

2014 3171 2257 3226 Christus
2289 3173 2339 3226 in
2361 3171 2578 3238 mundo,
2602 3171 2723 3240 quia
2764 3174 2961 3226 veritas
2987 3173 3244 3242 evangelii
3273 3173 3387 3242 ejus
3413 3175 3590 3230 adhuc

2017 3253 2127 3296 crat
2159 3243 2351 3311 ignota,
2383 3242 2502 3310 quia
2530 3242 2756 3310 apostoli
2793 3242 2907 3309 ejus
2937 3244 3118 3311 multis
3146 3245 3356 3306 incerti.
3387 3246 3588 3302 multos

2016 3308 2415 3366 introducebani
2460 3308 2701 3366 Christus
2735 3313 2784 3365 in
2815 3308 3092 3375 mundum,
3127 3323 3185 3367 ut
3211 3315 3455 3370 homines
3493 3333 3591 3371 vo-

2015 3381 2183 3451 lentes
2213 3382 2394 3436 venire
2427 3381 2493 3434 ad
2520 3380 2813 3443 Christum,
2847 3397 2941 3451 per
2969 3384 3372 3438 similitudinem
3406 3387 3586 3442 nomi-

2015 3452 2096 3503 nis
2125 3450 2240 3519 ejus
2265 3461 2524 3513 errantes,
2553 3459 2826 3505 transeant
2848 3450 2914 3505 ad
2942 3452 3232 3519 diabolum,
3265 3462 3318 3508 et
3347 3457 3590 3513 volentes

2013 3521 2079 3575 ab
2126 3538 2190 3575 eo
2226 3524 2392 3584 exire,
2427 3521 2718 3590 impingant
2768 3521 2820 3574 iii
2863 3537 3003 3575 eum.
3056 3521 3514 3589 Quemadmodum
3542 3527 3590 3582 si

2013 3591 2355 3664 rexinbetlo
2383 3592 2549 3645 victus
2571 3590 2964 3664 atqueiugatns
2993 3592 3059 3646 ab
3088 3594 3193 3648 alio
3223 3609 3366 3664 rege,
3400 3595 3591 3652 indue-

2013 3671 2093 3715 ret
2121 3661 2484 3733 indumentum
2512 3661 2653 3730 regis
2675 3662 2816 3716 illius
2837 3663 3051 3716 victoris
3071 3703 3086 3729 ,
3128 3672 3183 3718 et
3224 3661 3460 3733 in'parte
3490 3681 3590 3723 sua

2011 3732 2376 3805 erigatsimile
2405 3732 2608 3805 signum
2636 3733 2786 3800 signo
2809 3734 2947 3805 regis
2974 3733 3133 3796 illius,
3162 3743 3219 3805 ut
3246 3732 3335 3790 ille
3364 3737 3592 3805 populus

2011 3802 2222 3874 victoris
2244 3806 2461 3874 schema
2492 3802 2571 3853 sui
2604 3805 2742 3874 regis
2767 3802 3053 3874 aSpiciens,
3088 3815 3142 3858 et
3169 3802 3376 3870 signum
3417 3802 3588 3874 partis

2010 3871 2195 3939 ipsius,
2222 3870 2351 3946 dum
2379 3881 2522 3939 putat
2550 3885 2607 3946 se
2636 3871 2699 3922 ad
2734 3873 3003 3946 proprium
3027 3888 3244 3946 currere
3275 3870 3474 3946 regem,
3505 3879 3589 3932 iu-

2008 3950 2186 3995 currat
2221 3942 2270 3993 in
2303 3955 2488 3994 manus
2514 3941 2801 3994 adversarii
2837 3943 2917 3995 sui
2948 3960 2959 3995 :
2994 3943 3070 3995 sic
3092 3953 3145 3996 et
3183 3941 3424 3998 diabolus
3453 3949 3586 4001 sub-

2009 4021 2163 4064 ornat
2188 4012 2454 4064 tninistros
2484 4024 2608 4064 suos
2634 4011 2734 4065 sub
2764 4014 2976 4066 nomine
3001 4012 3223 4077 Christi,
3262 4024 3317 4068 ut
3341 4017 3585 4073 volentes

2007 4080 2253 4135 homines
2283 4081 2358 4134 ire
2383 4079 2447 4134 ad
2469 4081 2766 4144 Christum,
2799 4082 3148 4137 similitudine
3175 4086 3406 4138 nominis
3437 4095 3583 4141 tene-

2005 4152 2187 4222 bricati
2233 4152 2298 4204 ad
2339 4151 2606 4204 diabolum
2654 4152 2862 4204 vadant.
2915 4152 3197 4222 Postquam
3230 4170 3355 4209 vero
3390 4158 3578 4212 notitia

2003 4221 2196 4297 Christi
2233 4222 2283 4275 in
2317 4231 2424 4274 toto
2452 4221 2647 4297 mundo
2671 4223 2979 4297 prtevaluit,
3009 4224 3286 4297 ets-eritas
3315 4230 3579 4297 evangelii

2003 4291 2282 4365 ejns__facta
2305 4301 2390 4365 est
2415 4294 2712 4357 manifesta,
2742 4294 2986 4365 mandata
3033 4293 3414 4365 discipulorum
3454 4291 3580 4365 Ejus

2003 4362 2274 4430 implicare
2295 4362 2402 4430 jam
2433 4378 2534 4414 non
2564 4371 2803 4432 poterat,
2853 4363 2946 4417 sed
2973 4363 3288 4418 submittere
3315 4362 3578 4422 Christus.

2002 4432 2180 4504 Neque
2200 4432 2394 4504 aliquid
2421 4434 2526 4500 agit
2563 4433 2796 4504 etiamsi
2828 4434 3101 4487 submittat
3134 4452 3146 4486 :
3179 4436 3429 4504 quooiam
3463 4453 3579 4491 om-

2002 4502 2156 4556 nibus
2178 4502 2488 4572 manifesttts
2513 4511 2594 4556 est
2614 4501 2878 4567 Christus,
2908 4513 2961 4557 et
2977 4501 3306 4572 evangelium
3331 4507 3445 4572 ejus
3467 4548 3482 4572 ,
3522 4519 3576 4563 et

2001 4571 2222 4638 apostoli
2271 4571 2540 4640 ejuszsed
2567 4572 2671 4624 alio
2712 4571 2870 4626 modo
2919 4571 3181 4627 submittit
3221 4571 3482 4639 Christus,
3518 4590 3576 4633 ut

2005 4642 2163 4696 verba
2215 4642 2542 4696 diversorum
2592 4642 2960 4697 luereticorum
3007 4644 3321 4704 introducta,
3377 4662 3574 4701 mmin-

2000 4712 2244 4780 quodque
2263 4727 2446 4784 eorum
2491 4713 2648 4784 dicat,
2680 4714 2799 4784 quia
2846 4715 2956 4784 Ego
2999 4715 3405 4784 sumCln-istus,
3448 4719 3572 4772 uni-

1999 4785 2234 4851 genitum
2262 4781 2490 4855 Vecbum
2515 4783 2629 4855 Dei.
2663 4782 2715 4836 6.
2745 4781 2974 4837 Audistis
3005 4783 3201 4850 praelia,
3225 4794 3272 4838 et
3308 4788 3578 4855 opiniones

2001 4855 2311 4925 praeliorum.
2329 4853 2476 4907 Tunc
2503 4854 2714 4924 quidem
2742 4856 3084 4925 corporaliter
3109 4868 3169 4907 ea
3198 4853 3409 4910 dicebat
3433 4873 3572 4925 prae-

2000 4924 2065 4976 lia
2090 4922 2370 4996 audienda,
2418 4922 2535 4996 qua;
2573 4935 2755 4996 contra
2779 4923 3012 4977 ,Ιιιώηειηι
3046 4927 3375 4996 ριξίιιραταὺθι
3397 4922 3566 4996 Impe-

1998 5002 2141 5065 rator
2162 4993 2454 5065 Romanus.
2477 4994 2604 5048 Nam
2629 4995 2763 5046 sicut
2787 4996 2923 5065 solet
2952 4996 3062 5049 ﬁeri
3096 4993 3568 5065 inpra-paratitSnc

1998 5063 2118 5117 belli
2143 5063 2265 5116 dum
2288 5064 2550 5132 eliguntur
2580 5065 2864 5131 prinripcs,
2895 5064 3019 5118 dtttn
3051 5063 3335 5133 deputatur
3355 5078 3408 5121 et
3431 5083 3567 5121 cen-

1995 5143 2241 5202 gregatur
2267 5134 2546 5196 exercitus,
2597 5134 2796 5186 auditio
2835 5137 3031 5196 currit,
3062 5139 3290 5189 maxime
3335 5137 3397 5188 ad
3447 5154 3567 5202 eos,

1996 5203 2246 5256 adversus
2276 5219 2407 5274 quos
2435 5216 2802 5269 prteparatnr.‘
2832 5206 2937 5259 Sed
2987 5218 3258 5274 posuptam
3295 5206 3564 5274 ingressus

1994 5282 2074 5327 est
2097 5275 2358 5344 exercitus
2378 5271 2646 5344 Judaeum,
2678 5277 2815 5328 sicut
2853 5271 3068 5344 exponit
3109 5271 3409 5342 Josephus,
3455 5293 3565 5333 non

1993 5344 2168 5395 statim
2195 5343 2259 5395 ad
2285 5341 2576 5395 Jerusalem
2619 5341 2937 5411 applicavit;
2951 5347 3043 5399 sed
3087 5345 3154 5397 ad
3181 5341 3423 5400 civitates
3450 5350 3562 5402 sin-

1992 5415 2140 5481 gnlas
2169 5413 2393 5484 regionis
2420 5411 2575 5484 illius,
2609 5423 2662 5466 et
2686 5414 2894 5468 diversa
2927 5415 3071 5484 prius
3088 5426 3234 5482 gesta
3254 5427 3380 5469 sunt
3401 5417 3556 5483 bella,

1992 5493 2044 5534 et
2077 5482 2310 5548 plnrinne
2340 5483 2577 5535 civitates
2605 5493 2794 5551 captaa,
2823 5495 2875 5537 et
2912 5482 2988 5537 sic
3026 5487 3315 5540 novissime
3342 5482 3561 5543 Jerusa-

1993 5553 2094 5624 lein
2143 5552 2351 5604 obsedit
2383 5555 2688 5624 exercitus.
2752 5553 2874 5607 ldeo
2923 5553 3208 5608 mandabat
3263 5560 3558 5624 apostolis,

2005 5622 2172 5673 Videte
2201 5621 2574 5692 ttecclttrbetlttottt',
2604 5623 2694 5676 sed
2748 5637 2881 5687 Opus
2927 5621 3321 5692 prtedicationis
3367 5621 3562 5685 vestras

1992 5694 2222 5766 implete.
2250 5691 2390 5766 Illius
2419 5691 2707 5766 Jerusalem
2750 5691 3044 5766 _t;0rp_or:tlis
3090 5705 3267 5766 typutn
3307 5701 3445 5766 gerit
3480 5701 3559 5755 Je-

1993 5762 2218 5814 rusalem
2246 5761 2533 5834 spiritualis
2561 5762 2813 5834 Ecclesia.
2841 5761 2972 5834 Nam
3006 5761 3122 5818 nisi
3143 5761 3395 5834 templum
3429 5772 3558 5826 illittl

1989 5834 2309 5888 destructum
2343 5831 2544 5897 fuisset,
2577 5831 2906 5887 observantia
2930 5833 3059 5904 legis
3081 5848 3185 5890 non
3211 5831 3364 5894 facile
3389 5839 3560 5900 fuerat
