4128 6462
268 376 381 433 905

277 480 399 531 Cmn
421 478 677 541 divideret,
710 477 893 545 inquit,
924 475 1165 530 Excelsus
1193 487 1378 546 gentes,
1406 476 1604 542 quando
1642 474 1834 539 disper-

276 554 337 601 sit
367 550 499 614 ﬁlios
543 548 701 599 Adam
726 563 742 599 :
768 547 938 598 statuit
969 548 1091 611 fines
1127 548 1347 615 gentium
1375 546 1645 615 secundum
1674 559 1840 615 nante-

278 613 387 667 rnnt
417 617 705 683 angelorum
737 615 851 678 Dei,
884 626 928 668 et
954 616 1084 683 facta
1113 613 1184 667 est
1214 616 1371 682 portio
1402 614 1601 665 Domini
1630 613 1843 683 populus

278 686 433 751 ipsius
459 681 616 737 Iacob
647 684 820 749 (Deut.
854 681 1019 737 52.8.
1046 684 1121 751 9).
1152 681 1444 749 Numquam
1466 684 1602 734 enim
1623 681 1840 751 diceret,

279 756 397 822 quia
439 768 567 822 gens
605 753 905 807 Judazorum
955 750 1091 806 facta
1137 762 1235 822 est
1262 753 1430 820 portio
1468 751 1719 822 Domini,
1748 750 1841 801 nisi

280 820 465 875 onines
499 833 682 891 gentes
712 833 855 875 extra
894 824 1186 887 portionem
1219 821 1380 891 factrcg
1410 820 1673 891 fuissch
1697 820 1840 891 Post-

279 908 435 958 quam
467 888 590 959 ergo
618 893 758 945 venit
800 891 961 943 Filius
1010 892 1098 943 Dei
1148 893 1197 943 in
1226 889 1475 943 mundum
1503 930 1516 947 ,
1542 888 1675 954 quod
1707 888 1842 939 nulla

280 962 471 1013 smcnla
504 976 600 1013 nec
625 975 838 1026 Sperare
866 969 1165 1027 potuerunt,
1191 975 1288 1011 nec
1319 959 1605 1027 promereri
1642 975 1651 1008 :
1683 974 1746 1009 ne
1772 966 1846 1007 ta-

283 1030 315 1081 li
343 1030 694 1083 misericordia
736 1045 861 1094 gens
890 1029 1059 1095 aliqua
1091 1028 1417 1080 fraudaretur
1438 1069 1454 1089 ,
1489 1038 1684 1078 vocata:
1727 1034 1847 1077 sunt

282 1113 468 1151 omnes
494 1111 674 1166 gentes
702 1099 763 1149 ad
796 1098 968 1158 fidem,
1017 1098 1162 1149 mixti
1194 1098 1313 1149 boui
1346 1105 1397 1148 et
1426 1098 1543 1146 mali
1574 1113 1584 1146 :
1622 1097 1760 1155 boni,
1792 1104 1847 1145 ut

283 1170 550 1220 salventur
582 1185 592 1218 :
628 1168 766 1225 tnali,
800 1166 1255 1219 utinexcusabilcs
1298 1167 1441 1216 fiant.
1477 1166 1696 1229 Quando
1723 1177 1847 1230 ergo

286 1236 521 1289 Ecclesia
544 1252 605 1289 ex
636 1236 809 1288 mixtis
840 1235 1190 1288 voluntatibus
1211 1244 1319 1287 erat
1356 1233 1571 1300 repleta,
1603 1235 1736 1285 sicut
1763 1247 1845 1283 re-

286 1306 352 1357 tia
380 1345 393 1367 ,
429 1322 542 1374 qua:
572 1305 813 1357 dietintur
853 1304 902 1354 in
947 1304 1225 1371 Evangelio
1254 1303 1404 1369 (Luc.
1435 1304 1485 1354 5.
1520 1305 1550 1354 6
1575 1302 1613 1363 ),
1650 1304 1846 1374 repleta

285 1376 349 1425 de
383 1370 609 1441 piscibus
637 1374 809 1425 mixtis
836 1393 845 1424 :
871 1387 1086 1425 necesse
1100 1370 1239 1435 erat,
1266 1381 1318 1423 ut
1343 1381 1648 1439 pttrgaretur
1670 1370 1851 1441 Eccles-

286 1438 395 1503 sia,
418 1452 475 1495 ut
516 1443 634 1495 boni
665 1443 873 1509 quidem
904 1443 1072 1507 pisces
1101 1443 1432 1494 mitterentur
1449 1438 1509 1492 in
1542 1441 1697 1509 vasis,
1727 1438 1847 1509 mali

285 1523 457 1563 autem
500 1508 878 1579 projicerentur
906 1512 1061 1563 foras.
1107 1510 1225 1562 Ideo
1255 1523 1503 1562 concessa
1533 1518 1613 1560 est
1641 1508 1849 1559 diabolo

286 1584 483 1633 erroris
514 1580 804 1633 seminandi
836 1581 1063 1639 Itcentia,
1113 1588 1165 1631 et
1207 1580 1282 1631 sic
1318 1580 1566 1642 disnersm
1599 1586 1719 1627 sunt
1757 1590 1849 1642 per

289 1650 537 1714 plurimas
568 1650 812 1710 haereses,
845 1649 1201 1716 unusquisque
1219 1647 1503 1699 secundum
1525 1646 1848 1716 preposition

288 1711 460 1778 suum,
495 1720 743 1770 remansit
787 1726 959 1768 autem
999 1711 1130 1767 una'
1155 1716 1280 1768 fides
1312 1711 1669 1767 tantummodo
1712 1711 1848 1779 apud

293 1788 473 1840 Deum.
519 1786 638 1839 Ideo
664 1801 785 1853 ergo
812 1786 990 1838 dicunt
1015 1786 1347 1851 evangelista:
1369 1825 1380 1842 ,
1414 1785 1641 1853 haereses
1670 1792 1849 1849 gentes

289 1870 407 1909 esse
434 1874 443 1907 :
474 1856 717 1922 quoniam
734 1852 871 1906 ’sicut
905 1864 1045 1914 tunc,
1069 1869 1188 1906 cum
1217 1868 1400 1905 omnes
1418 1852 1657 1904 homines
1674 1859 1851 1903 essent

292 1941 391 1976 nua
420 1940 547 1991 gens
573 1933 625 1977 et
651 1924 819 1991 lingua
844 1963 856 1985 ,
882 1922 1033 1976 divisi
1060 1932 1180 1975 sunt
1221 1938 1313 1989 per
1340 1922 1586 1991 plurimas
1624 1930 1803 1984 gentes
1834 1937 1845 1971 :

293 1995 358 2046 ita
384 1989 441 2046 et
468 1994 621 2044 modo
648 1989 763 2044 cum
796 2002 937 2045 esset
969 2003 1105 2045 totus
1148 1992 1366 2058 populus
1391 1989 1718 2043 Christianus
1750 2003 1848 2040 una

292 2063 544 2123 Ecclesia,
578 2071 630 2114 et
655 2077 753 2114 una
783 2061 929 2121 fides,
956 2060 1110 2113 divisi
1132 2069 1251 2112 sunt
1275 2076 1364 2127 per
1383 2060 1574 2111 multas
1596 2058 1846 2110 luerescs.

293 2131 361 2183 Et
386 2132 517 2182 sicut
548 2137 666 2182 tunc
691 2145 873 2182 omnes
892 2140 1075 2197 gentes
1104 2129 1248 2181 faetze
1288 2138 1407 2180 sunt
1434 2128 1530 2180 sub
1560 2127 1849 2193 principatu

294 2201 585 2267 principum
618 2196 992 2265 malignorum,
1019 2214 1120 2250 una
1156 2208 1325 2250 autem
1356 2212 1487 2265 gens
1517 2196 1613 2248 sub
1656 2197 1848 2267 princi-

296 2264 416 2335 patu
453 2264 713 2320 Michaelis
748 2264 863 2320 fsic
910 2276 960 2320 et
1005 2268 1160 2319 modo
1207 2264 1388 2319 omnes
1431 2267 1660 2318 haireScs
1700 2264 1850 2335 facta:

293 2333 419 2389 sunt
448 2339 543 2388 sub
570 2338 865 2389 daemonum
896 2338 1206 2404 principatu,
1238 2350 1335 2386 una
1379 2346 1553 2387 autem
1584 2333 1852 2404 subprin-

295 2407 470 2471 cipatu
498 2405 694 2458 Christi
741 2403 1010 2468 remansit,
1037 2404 1102 2457 de
1130 2420 1229 2473 qua
1263 2404 1387 2455 dicit
1425 2412 1637 2473 propter
1669 2403 1850 2473 Eccle-

294 2470 427 2526 siam
458 2492 468 2525 :
505 2474 615 2527 Una
642 2483 709 2526 est
737 2474 960 2525 columba
981 2490 1108 2535 mea,
1134 2470 1346 2541 perfecta
1371 2490 1477 2525 mea
1503 2471 1669 2539 (Cant.
1693 2471 1741 2525 6.
1772 2470 1847 2536 8).

297 2544 384 2595 10.
417 2542 479 2593 Et
512 2554 625 2594 tunc
646 2543 1112 2595 scandalizabuntur
1141 2544 1305 2605 ntulti,
1329 2553 1371 2593 et
1399 2543 1605 2593 invicem
1636 2544 1847 2598 tradent,

295 2622 341 2664 et
371 2614 482 2663 odio
510 2611 748 2663 habebunt
774 2613 995 2663 invicem.
1032 2612 1199 2663 Etiam
1242 2627 1301 2663 ex
1348 2610 1427 2664 bis
1459 2610 1631 2663 verbis
1672 2619 1850 2661 osten-

295 2682 458 2742 ditur,
513 2681 774 2748 quomodo
822 2681 935 2734 lta‘c
974 2694 1076 2733 non
1128 2680 1369 2733 dicuntur
1411 2680 1477 2733 de
1530 2679 1852 2745 temporibus

295 2750 673 2815 apostolorum,
724 2750 966 2818 quamdiu
1006 2749 1290 2802 Jerusalem
1343 2749 1510 2801 fuerat
1560 2748 1847 2818 capienda:

297 2821 541 2886 quoniam
592 2830 712 2871 tunc
743 2817 899 2885 Chauci
939 2818 1463 2883 scandalizabantur,
1507 2820 1655 2883 pauci
1700 2817 1855 2868 Cltri—

298 2888 455 2939 stiani
487 2888 702 2939 invicem
732 2902 788 2939 se
818 2887 1119 2951 tradebant,
1158 2890 1278 2954 quia
1325 2902 1419 2939 nec
1447 2886 1695 2940 odiebant
1722 2887 1852 2937 invi-

297 2971 435 3018 cem,
463 2956 551 3009 sed
579 2955 704 3008 Erat
733 2957 949 3008 omnium
976 2957 1274 3008 credentium
1297 2972 1381 3007 cor
1410 2973 1583 3013 unum,
1617 2965 1660 3005 et
1685 2958 1852 3006 anima

297 3041 400 3077 una
456 3024 663 3090 (Act.4.
715 3024 803 3094 32)
842 3042 853 3077 :
888 3025 977 3077 sed
1029 3025 1093 3078 de
1135 3028 1324 3076 nostris
1375 3026 1518 3085 dicit,
1568 3025 1619 3076 in
1666 3025 1852 3090 quibus

298 3095 479 3162 plures
512 3094 845 3147 scandalizati
891 3104 1030 3155 sunt,
1079 3103 1131 3146 et
1180 3095 1599 3146 scandalizantnr
1650 3108 1676 3143 a
1729 3095 1849 3155 litle,

298 3179 452 3229 quam
483 3165 856 3216 confirmentur
884 3163 933 3215 in
981 3163 1100 3215 fide.
1147 3163 1295 3215 Nune
1329 3164 1636 3215 alterutrum
1666 3170 1719 3214 et
1748 3173 1852 3213 tra-

297 3232 563 3293 diderunt,
588 3243 635 3285 et
654 3232 881 3294 tradunt,
898 3232 1157 3299 quomodo
1180 3244 1229 3284 et
1252 3233 1433 3284 otliuut
1449 3248 1503 3285 se
1520 3234 1849 3295 alterutrum,

302 3301 371 3352 ita
417 3311 467 3351 ut
497 3316 591 3353 nec
620 3302 667 3352 in
717 3301 919 3352 duolms
967 3301 1222 3353 sinceram
1278 3302 1510 3353 invenias
1558 3302 1849 3361 caritatem,

304 3386 406 3421 non
442 3369 608 3422 dicam
651 3371 699 3421 itt
749 3370 942 3421 multis.
984 3371 1068 3421 Η.
1111 3369 1176 3421 Et
1223 3370 1363 3421 multi
1411 3371 1854 3435 pseudOprOpIieta:

300 3449 584 3507 exsurgent,
608 3448 651 3489 et
676 3438 1115 3507 seducentmultos.
1153 3438 1717 3505 PrOpbetzc.dieuntur,
1749 3453 1850 3489 non

302 3509 469 3559 solum
498 3509 581 3573 qui
604 3507 668 3559 de
693 3506 897 3559 Christo
925 3509 1377 3564 annuntiavernnt,
1404 3522 1498 3559 nec
1524 3508 1611 3574 qui
1640 3509 1852 3558 onmin

304 3577 473 3627 futura
522 3577 819 3642 loquuntur,
854 3576 944 3628 sed
974 3577 1218 3628 doctores
1265 3576 1508 3629 dicuntur
1560 3580 1849 3642 proplictm.

302 3646 440 3709 Ergo
476 3645 972 3711 pseudopmpbetas,
1023 3644 1462 3709 pseudodoctores
1494 3646 1722 3711 appellat
1750 3644 1843 3695 hze-

304 3728 477 3766 resum
504 3712 830 3765 diversarum
854 3753 868 3776 ,
896 3722 987 3765 aut
1012 3714 1126 3765 illos
1156 3728 1286 3780 quos
1324 3713 1479 3765 modo
1508 3713 1746 3765 videmus
1776 3713 1854 3765 di-

301 3782 468 3834 versis
511 3782 831 3849 argumentis
874 3782 1136 3848 religionis
1178 3782 1405 3847 speciem
1448 3782 1849 3848 prseteiidcntes.

302 3852 401 3903 Alii
429 3851 568 3903 enim
604 3865 661 3903 se
686 3850 863 3905 dicunt
892 3864 1059 3916 neque
1084 3851 1429 3920 manducare,
1462 3866 1634 3920 neque
1660 3853 1856 3905 dormi-

302 3934 380 3985 re,
412 3934 575 3986 ueque
603 3920 791 3986 algere,
816 3934 982 3987 neque
1003 3927 1240 3989 :cstuare,
1272 3919 1362 3972 sed
1389 3919 1601 3989 semper
1632 3922 1854 3988 pendere

302 3990 353 4041 in
383 4004 522 4042 aere.
548 3990 643 4040 Alii
670 3998 840 4040 autem
878 3988 1045 4040 vestiti
1078 3989 1281 4048 ciliciis,
1313 3997 1402 4040 aut
1432 3988 1734 4045 circumdati
1765 4005 1853 4042 ca-

303 4058 457 4117 tenis,
489 4058 625 4108 Socia
656 4057 753 4109 sibi
771 4056 1031 4127 daemonia
1054 4069 1445 4111 commoventes
1477 4079 1488 4112 :
1522 4070 1572 4113 et
1602 4061 1718 4127 quia
1738 4075 1857 4126 gra-

304 4128 425 4179 tiam
454 4127 542 4178 Dei
574 4141 677 4179 non
701 4126 889 4177 habent
909 4166 922 4187 ,
958 4128 1236 4191 patrocinia
1263 4127 1562 4180 dzetnonnm
1589 4126 1856 4181 cemmen-

301 4198 446 4247 dant.
498 4194 596 4248 Sed
628 4205 681 4248 et
716 4195 824 4246 haec
854 4194 971 4246 talia
1001 4210 1202 4247 rursum
1231 4206 1356 4249 sunt
1378 4238 1393 4262 ,
1422 4198 1517 4249 etsi
1565 4199 1853 4250 insensatos

304 4264 507 4325 fallunt,
532 4279 623 4331 per
649 4264 759 4315 lucc
791 4272 960 4333 tamen
986 4279 1086 4316 non
1110 4268 1430 4319 seducuntur
1454 4266 1729 4333 sapientes.
1754 4266 1850 4318 Alii

300 4342 475 4384 autem
506 4340 645 4395 sunt,
677 4334 762 4399 qui
785 4332 1121 4401 vehementer
1146 4338 1402 4387 seducunt
1428 4352 1438 4385 :
1469 4336 1712 4401 quoniam
1755 4336 1850 4387 etsi

302 4401 641 4464 mendaciter,
676 4410 843 4454 tamen
874 4399 1132 4471 Christum
1164 4399 1631 4471 prmdicantlidem
1654 4419 1854 4455 annun-

302 4471 471 4521 tiant:
500 4470 742 4536 quoniam
776 4471 849 4522 sic
878 4470 1137 4522 Eeclesias
1164 4470 1375 4535 habent,
1409 4474 1483 4525 sic
1509 4473 1719 4525 ordines
1747 4473 1853 4525 cle-

302 4539 525 4591 ricorum
546 4578 560 4598 ,
592 4540 667 4590 sic
696 4538 900 4596 fideles.
933 4540 1008 4590 sic
1030 4540 1283 4595 lectiones
1315 4543 1489 4604 legunt
1518 4541 1737 4604 divinas,
1766 4556 1851 4593 ea-

301 4608 420 4659 dem
464 4606 589 4658 dare
630 4607 868 4658 videntur
915 4610 1250 4673 baptismata,
1291 4606 1473 4663 eadem
1528 4620 1848 4664 sacramenta

299 4676 536 4742 corporis
566 4684 620 4728 et
646 4676 936 4747 sanguinis
963 4676 1179 4731 Christi.
1210 4680 1461 4734 Similiter
1505 4681 1771 4747 apostolos
1800 4689 1851 4731 ct

301 4755 555 4811 martyres
577 4744 772 4796 colunt.
804 4745 900 4796 Per
928 4744 1041 4798 Iuec
1066 4764 1190 4814 ergo
1214 4749 1360 4800 valde
1386 4744 1748 4802 tenebrescere
1776 4748 1848 4799 fa-

298 4814 437 4865 ciunt
472 4822 694 4877 mentes,
732 4829 831 4865 non
873 4814 1041 4867 solum
1068 4816 1402 4869 mediocrium
1429 4818 1727 4878 hominum,
1759 4818 1846 4868 sed

298 4884 453 4953 etiam
506 4882 833 4953 prudentum.
875 4883 1041 4945 Quem
1069 4896 1300 4953 exparte
1338 4900 1439 4937 non
1470 4896 1676 4938 moveat
1703 4888 1849 4937 Anti-

296 4950 524 5019 christus
577 4951 769 5004 faciens
821 4966 981 5019 opera
1036 4950 1253 5011 Christi,
1284 4963 1334 5007 et
1364 4963 1482 5006 ante
1525 4953 1848 5005 Christianos

297 5018 468 5070 ollicia
516 5021 748 5071 universa
795 5018 1011 5089 explens
1064 5022 1473 5074 Christianorum
1505 5061 1520 5083 ,
1568 5024 1665 5073 nisi
1714 5022 1847 5075 forte

298 5088 444 5158 illum
496 5090 580 5153 qui
632 5088 930 5144 considerat
958 5093 1097 5158 quod
1129 5090 1406 5156 ApoStolus
1436 5092 1543 5142 ait:
1575 5090 1698 5143 Cum
1718 5092 1846 5142 enim

296 5156 403 5224 ipse
420 5167 616 5228 satanas
638 5160 959 5228 transﬁgurat
977 5156 1036 5210 se
1064 5177 1114 5209 in
1144 5160 1373 5226 angelum
1397 5161 1519 5211 lucis
1546 5176 1563 5212 :
1591 5161 1709 5225 quid
1738 5177 1845 5211 nta-

296 5226 602 5297 gnutnestai
628 5235 674 5277 et
702 5226 908 5278 ministri
936 5230 1040 5295 ejus
1069 5230 1483 5297 transﬁgurentur
1506 5269 1519 5291 ,
1548 5230 1671 5279 sicut
1696 5229 1843 5279 mini-

295 5294 389 5346 stri
426 5294 659 5362 jnstitinr,
682 5313 887 5362 quarunt
917 5294 1029 5362 ﬁnis
1076 5299 1165 5348 erit
1194 5294 1466 5348 secundum
1507 5312 1656 5362 Opera
1678 5312 1843 5347 eorum

296 5363 371 5430 (2.
395 5361 507 5414 Cor.
544 5364 625 5417 ll.
654 5361 759 5427 lt),
791 5380 890 5415 non
920 5361 1203 5417 Secundum
1230 5366 1493 5416 schemata
1532 5361 1843 5417 Christiani-

298 5431 417 5484 tatis
437 5434 658 5485 eorum?
692 5433 907 5497 Multos,
942 5435 1139 5498 inquit,
1174 5434 1435 5496 teducent,
1465 5447 1565 5484 non
1613 5447 1796 5485 omnes
1825 5451 1838 5485 :

334 5502 411 5553 uia
441 5517 545 5555 non
573 5511 657 5555 est
695 5502 1053 5554 seducentium
1084 5504 1262 5562 tirtus,
1290 5501 1381 5553 sed
1421 5502 1727 5568 negligentia
1758 5517 1842 5554 se-

293 5518 411 5622 ﬂma
441 5518 545 5555 non
573 5518 657 5555 εει
695 5518 1053 5554 seuucenuum
1084 5518 1262 5562 \trttts,
1290 5518 1381 5553 seu
1421 5518 1727 5568 negugentta
1758 5518 1840 5554 se-

333 5582 589 5625 tttttortun.
617 5570 669 5623 Si
694 5581 864 5623 autem
894 5570 1247 5623 scducentium
1270 5579 1409 5623 e~set
1434 5572 1596 5620 virtus
1616 5610 1628 5629 ,
1660 5585 1840 5623 onmes

304 5644 612 5696 seducerent
635 5657 646 5690 :
673 5654 809 5691 nunc
835 5648 1006 5691 autem
1038 5654 1101 5691 ex
1122 5654 1205 5701 eo,
1234 5637 1369 5706 quod
1398 5653 1498 5691 non
1530 5652 1711 5690 omnes
1750 5653 1836 5689 se-

297 5718 590 5775 ducuntur,
620 5718 834 5777 apparet
873 5708 992 5777 quia
1028 5708 1357 5762 seductorum
1406 5707 1712 5777 negligentia
1736 5717 1834 5771 est,

1366 364 1429 418 ΙΝ
1467 360 1863 416 ΜΛΤΉΙΑΞΙᾺΙ
1930 360 2153 414 IIOMIL.
2196 360 2376 415 XLIX.

3396 377 3508 432 906

1948 488 2051 525 non
2092 473 2452 526 scduccntium
2506 472 2688 525 virtus.
2738 470 2865 524 Nam
2919 471 3051 525 sicut
3096 474 3290 527 veritas
3342 475 3503 529 allicit

1950 542 2128 593 fideles
2154 541 2217 593 ad
2257 557 2333 602 se.
2359 552 2408 595 ct
2438 543 2635 593 amicos
2669 542 2905 593 veritatis
2937 558 2948 592 :
2977 543 3052 593 sic
3075 551 3128 594 et
3176 544 3501 599 mendacium

1948 610 2189 663 infideles
2218 612 2350 677 rapit
2381 611 2442 663 ad
2474 625 2530 663 se
2557 621 2608 664 et
2634 611 2830 663 amicos
2853 610 3144 670 mendacii,
3175 626 3278 664 non
3309 616 3504 668 verita-

1950 682 2030 731 tis.
2068 680 2129 731 Et
2158 682 2351 733 veritas
2380 679 2587 747 quidem
2614 680 2870 733 interdum
2890 687 2978 732 aut
3000 680 3236 734 infideles
3263 683 3418 735 trahit
3439 683 3505 737 ad

1947 762 2023 812 se,
2052 759 2139 800 ant
2166 749 2544 803 inexcusabiles
2572 749 2818 804 faciteos.
2845 749 3174 803 Mendacium
3197 761 3369 805 autem
3392 754 3511 805 nul-

1950 818 1998 870 lo
2029 818 2184 869 modo
2214 827 2378 885 potest
2406 818 2618 872 ﬂectere
2642 818 2707 870 ad
2734 832 2791 871 se
2819 819 2999 872 fideles
3037 834 3049 867 :
3085 820 3326 887 quoniam
3366 823 3499 874 veri-

1949 895 2028 938 tas
2076 888 2229 939 habet
2285 888 2333 939 in
2379 903 2435 940 se
2476 899 2525 940 et
2554 888 2810 941 ratiooem
2850 888 3195 952 manifestam,
3228 899 3279 941 et
3305 889 3508 944 firmam

1949 956 2195 1007 virtutem
2244 974 2256 1007 :
2303 956 2629 1009 mendacium
2683 968 2854 1009 autem
2897 970 2993 1008 nec
3048 959 3301 1011 rationem
3352 958 3510 1014 habet

1951 1024 2299 1104 manifestam,
2331 1026 2973 1104 necavirtutenraliquam.
3006 1026 3202 1104 Deinde
3227 1028 3344 1104 quia
3374 1030 3507 1081 veri-

1953 1103 2029 1145 tas
2057 1104 2109 1146 et
2152 1094 2199 1145 in
2232 1110 2388 1147 sen~u
2423 1094 2649 1147 fidelium
2682 1094 2980 1146 dominatur
3003 1136 3017 1157 ,
3052 1095 3376 1148 mendacium
3418 1113 3509 1149 au-

1954 1172 2055 1214 tem
2090 1163 2137 1214 in
2163 1178 2319 1216 sensu
2348 1163 2575 1215 lidclium
2605 1165 2729 1215 nihil
2759 1163 2933 1216 habet.
2967 1164 3051 1217 15.
3084 1165 3183 1226 Qui
3209 1175 3369 1216 autem
3396 1183 3510 1233 per-

1950 1233 2234 1302 severaverit
2260 1232 2493 1302 usquein
2519 1233 2667 1298 ﬁnem
2688 1274 2701 1295 ,
2731 1233 2810 1283 hic
2853 1233 3017 1284 salvus
3045 1234 3158 1285 erit.
3186 1233 3345 1286 Miror
3374 1232 3509 1302 quo-

1952 1301 2108 1369 modo
2150 1300 2217 1369 de
2263 1301 2367 1353 Deo
2426 1300 2655 1353 lta‘rctitri
2714 1302 2825 1353 ha'c
2878 1302 3321 1369 ittlelligantzattt
3370 1300 3509 1357 enim

1955 1367 2183 1435 legentes
2210 1368 2341 1434 lure,
2366 1369 2628 1436 quomodo
2655 1370 2761 1421 ausi
2802 1380 2922 1421 sunt
2963 1367 3405 1436 perscrutatiOnes
3434 1376 3509 1426 l'a—

1951 1448 2228 1506 cerezaut
2277 1440 2719 1504 perscrutationt-s
2772 1436 3042 1501 facientes,
3085 1442 3347 1506 quomodo
3396 1441 3509 1497 [nec

1955 1505 2129 1571 legere
2164 1521 2265 1559 non
2293 1507 2753 1578 erttbescunt‘i_Qu
2778 1509 2873 1560 bus
2898 1508 3090 1578 dicitur
3109 1505 3130 1560 7:
3160 1509 3255 1574 Qui
3285 1526 3510 1578 perseue-

1951 1582 2130 1646 raverit
2161 1592 2311 1646 usque
2334 1576 2387 1646 in
2421 1576 2604 1646 ﬁnem?
2650 1576 2909 1646 Numquid
2968 1576 3397 1646 persequentibus
3429 1596 3512 1635 se-

1953 1641 2492 1715 ditetisCltristianis?
2524 1646 2771 1715 numquid
2806 1641 3180 1715 SCLlUClOI'lbIlS
3203 1649 3510 1715 prophetis?

1954 1712 2089 1783 Non.
2132 1713 2274 1765 Sicut
2310 1714 2448 1765 enim
2493 1728 2594 1764 noti
2641 1713 2802 1776 sanis,
2826 1713 2916 1766 sed
2966 1712 3511 1783 iulirntis'appOuitur

1952 1780 2244 1851 medicina,
2260 1783 2334 1833 sic
2356 1791 2408 1835 et
2428 1782 2715 1834 consolatio
2738 1798 2840 1833 non
2867 1784 3155 1851 perieulum
3179 1780 3507 1851 facientibus,

1953 1849 2043 1902 sed
2088 1850 2502 1918 periclitantibus
2544 1851 2713 1903 datur.
2760 1852 2842 1902 14.
2905 1850 2969 1901 Et
3021 1854 3370 1920 prtedicabitur
3418 1849 3511 1909 hoc

1953 1920 2259 1985 evangelium
2284 1922 2334 1969 in
2360 1920 2586 1971 universo
2609 1920 2742 1972 orbe.
2770 1920 2973 1972 Marcus
2991 1920 3314 1976 manifestius
3330 1924 3506 1979 addit:

1958 1984 2201 2059 Primum,
2241 1988 2438 2059 inquit,
2471 1989 2818 2059 praedicabilur
2846 1990 3153 2057 evangelium
3188 1991 3370 2059 (Marc.
3422 1997 3507 2049 i3.

1955 2055 2064 2124 10).
2096 2057 2313 2121 Quando
2341 2068 2515 2109 autem
2561 2057 2645 2109 illa
2678 2057 2810 2109 bella
2846 2055 3137 2124 corporalia
3167 2055 3510 2117 movebantur

1953 2134 2131 2198 contra
2184 2124 2472 2198 Jerusalem
2504 2167 2518 2189 ,
2569 2126 2741 2198 adhuc
2807 2127 3107 2198 initiabatttr
3151 2129 3507 2198 Evangelium.

1954 2192 2192 2245 Nondum
2222 2195 2559 2261 praedicatum
2590 2204 2702 2247 erat
2729 2195 2780 2248 in
2814 2204 2921 2247 toto
2949 2197 3093 2248 orbe.
3129 2199 3261 2251 Ante
3283 2192 3511 2255 litereses

1953 2274 2123 2313 autem
2156 2274 2571 2337 coit-isummat’um
2599 2273 2679 2337 est
2700 2262 3060 2337 Evangelittm.
3085 2265 3212 2319 Nam
3242 2283 3405 2337 usque
3437 2273 3502 2324 ad

1956 2340 2159 2397 tempus
2207 2332 2488 2403 Christiani
2528 2334 2683 2401 regis,
2732 2334 3133 2403 prmdicantihus
3177 2332 3507 2403 quibusdam,

1954 2410 2042 2451 aut
2060 2402 2132 2475 _de
2156 2410 2311 2475 gente
2342 2402 2389 2452 in
2419 2411 2626 2475 gentem
2654 2402 2833 2475 notitia
2858 2402 3051 2475 Christi
3078 2402 3323 2459 currente
3343 2449 3357 2471 ,
3393 2402 3512 2475 per;

1953 2470 2101 2541 venit
2131 2470 2471 2541 ιιιξ-οιιιιιειιἈ
2503 2470 2595 2522 Vis
2618 2472 2780 2541 scire,
2822 2471 2938 2541 quia
2982 2480 3101 2524 tunc
3131 2470 3403 2541 contpleta'
3430 2489 3513 2531 est

1956 2537 2136 2589 notitia
2164 2538 2389 2591 Christi?
2435 2537 2719 2593 Considera
2749 2540 2863 2606 quia
2893 2555 2956 2592 ex
3003 2556 3061 2594 ea
3090 2537 3344 2596 hzrtes'nm
3377 2546 3509 2599 bella

1954 2618 2247 2681 coeperunt,
2283 2618 2339 2660 ut
2365 2608 2511 2661 fieret
2542 2609 2731 2661 electio
2759 2608 3048 2681 meliorum.
3104 2611 3228 2662 Nam
3262 2616 3509 2681 quamdiu

1956 2678 2158 2729 vocatio
2183 2689 2281 2738 est,
2304 2693 2407 2729 non
2432 2687 2601 2745 potest
2621 2692 2736 2731 esse
2756 2678 2945 2731 electio
2964 2696 2976 2730 ε
2996 2688 3047 2731 ct
3066 2678 3307 2747 quamdiu
3324 2684 3510 2736 electio

1953 2756 2031 2821 est
2056 2786 2070 2810 ,
2110 2761 2213 2799 non
2245 2756 2415 2815 potest
2453 2747 2624 2821 facilis
2643 2761 2758 2821 esse
2786 2748 3005 2821 vacatio.
3034 2749 3161 2821 l\'am
3186 2751 3314 2821 sicut
3342 2752 3510 2821 impe-

1953 2815 2239 2869 dintcntum
2264 2827 2343 2870 est
2371 2816 2626 2869 vocationi
2656 2818 2840 2868 elecno
2861 2858 2873 2877 ,
2898 2817 2973 2869 sic
3001 2817 3240 2871 electiooi
3285 2815 3505 2876 vocaiio.

2325 2885 2543 2937 Homilia
2576 2887 2699 2937 xlix.
2732 2902 2793 2937 ex
2815 2886 2973 2952 capite
2995 2888 3128 2938 xxiv.

2026 2954 2135 3025 15.”
2153 2954 2275 3006 Cum
2312 2971 2439 3025 ergo
2463 2955 3117 3025 videritis_abominationent
3150 2955 3468 3013 desolationis
3490 3001 3503 3025 ,

1953 3038 2062 3089 qua:
2086 3023 2216 3074 dicta
2254 3036 2323 3076 est
2352 3041 2380 3074 α
2412 3023 2615 3075 Dauiele
2637 3022 2780 3143 SCap.
2813 3023 2863 3076 9.
2894 3039 2937 3074 υ.
2971 3024 3058 3095 27)
3084 3028 3342 3095 propheta,
3371 3022 3511 3081 stan-

1954 3102 2048 3143 tem
2073 3094 2123 3143 in
2152 3093 2259 3143 loco
2286 3102 2452 3143 sancto
2475 3108 2491 3143 :
2536 3094 2617 3143 oui
2660 3094 2753 3143 eait
2776 3093 3037 3143 intelliaat.
3058 3106 3159 3143 etc.
3182 3095 3399 3143 fluidam
3430 3101 3511 3143 ιιῑ-

1954 3102 2048 3143 tem
2073 3094 2123 3143 in
2148 3093 2259 3163 loco
2286 3102 2491 3154 sancto;
2536 3094 2617 3163 qui
2640 3093 2753 3161 legit
2776 3093 3400 3163 intelligat,etc.Quidam
3430 3101 3513 3151 tli-

1954 3171 2076 3233 cunt
2111 3162 2547 3233 abominationem
2576 3162 2913 3216 desolatiouis
2940 3162 3060 3217 esse
3090 3166 3365 3233 imaginem
3396 3167 3508 3222 Ca:-

1955 3232 2102 3289 saris,
2137 3246 2288 3298 quam
2315 3231 2507 3283 Pilatus
2551 3233 2720 3297 posuit
2752 3236 2799 3285 in
2834 3233 3044 3299 templo.
3112 3231 3291 3287 Verius
3332 3247 3505 3290 autem

1954 3299 2077 3372 quid
2126 3301 2196 3352 sit
2243 3301 2563 3372 abominatio
2604 3302 2942 3355 dcsolationis
2989 3301 3155 3355 Lucas
3193 3307 3506 3372 evangelista

1956 3370 2347 3440 interpretatur.
2381 3370 2598 3440 Nam_iu
2644 3386 2747 3438 quo
2798 3373 2910 3423 loco
2958 3371 3156 3423 Marcus
3198 3381 3251 3424 et
3280 3370 3507 3440 praesens

1954 3437 2225 3491 Mattltteus
2246 3450 2459 3505 ponunt,
2495 3438 2616 3491 Cum
2642 3440 2856 3491 videritis
2882 3437 3291 3493 abominatiouent
3314 3443 3511 3495 desola-

1956 3509 2102 3578 tionis
2145 3508 2334 3571 (Marc.
2377 3510 2457 3562 l5.
2492 3508 2576 3573 14)
2604 3524 2615 3558 :
2649 3509 2697 3559 in
2729 3511 2840 3575 ipso
2873 3510 2985 3561 loco
3015 3509 3179 3561 Lucas
3209 3512 3283 3562 sic
3314 3513 3457 3578 ponit
3492 3530 3504 3565 :

1957 3573 2083 3627 Cum
2116 3578 2343 3634 videritis
2374 3578 2663 3629 :ircumdari
2701 3573 2759 3628 αὖ
2806 3581 3016 3629 exercitu
3065 3573 3361 3643 Jerusalem,
3394 3590 3509 3633 tunc

1956 3647 2129 3719 scitote
2169 3655 2285 3719 quia
2316 3647 2659 3719 propinquam!
2691 3646 2927 3699 desolalio
2948 3649 3061 3719 ejus
3093 3646 3236 3714 (Luc.
3267 3648 3353 3701 2i.
3386 3649 3502 3719 20).

1959 3714 2023 3766 Et
2048 3714 2294 3794 sic.di_c_it,
2328 3717 2412 3794 qui
2439 3716 2486 3767 in
2514 3715 2689 3794 Judaea
2717 3725 2839 3794 sunt
2869 3716 3155 3794 :_vid_e|ice_t
3177 3726 3229 3794 ut
3255 3734 3347 3785 per
3374 3714 3508 3794 alte-

1958 3799 2066 3835 ram
2095 3784 2485 3836 similitudinem
2508 3784 2846 3850 expositionis
2862 3785 3095 3851 ejusdem
3118 3786 3213 3837 luci
3237 3784 3501 3851 ostendat,

1958 3852 2077 3915 quid
2105 3854 2171 3905 sit
2200 3853 2515 3905 abominatio
2541 3852 2878 3904 desolationis
2904 3865 3048 3905 stans
3082 3854 3131 3904 in
3161 3854 3277 3906 loco
3300 3866 3502 3909 saneto.

1959 3920 2076 3971 Fuit
2105 3923 2245 3992 enim
2268 3921 2959 3992 exercitusalienigenarum
2992 3931 3042 3974 et
3070 3921 3291 3975 Romani
3338 3924 3507 3992 impe-

1959 3990 2144 4043 ratoris
2186 4000 2328 4042 stans
2354 3992 2488 4042 circa
2517 3989 2827 4052 Jerusalem,
2856 4005 2971 4058 qua:
3000 4006 3166 4058 usque
3191 4001 3311 4044 tunc
3337 3989 3508 4048 fuerat

1957 4069 2155 4112 sancta.
2185 4059 2291 4112 Hoc
2311 4068 2360 4111 et
2384 4059 2565 4111 Petrus
2594 4058 2727 4125 apud
2771 4058 3093 4111 Clementem
3121 4062 3353 4127 exponit.
3402 4064 3506 4116 De-

1960 4130 2113 4195 nique
2159 4129 2292 4181 hanc
2326 4142 2455 4200 esse
2487 4129 2925 4200 abotmnationem
2958 4129 3293 4200 cholationis
3319 4139 3371 4183 et
3396 4132 3506 4200 ipse

1960 4206 2131 4249 textus
2154 4198 2398 4249 ostendit.
2423 4197 2581 4259 Quasi
2607 4198 2743 4248 enim
2769 4198 3028 4262 replicans
3072 4198 3153 4249 illa
3185 4200 3357 4251 omnia
3386 4197 3501 4265 quae

1957 4266 2196 4332 superius
2220 4266 2368 4326 dixit,
2395 4265 2620 4317 breviter
2653 4266 3069 4329 comprehcndit,
3102 4276 3153 4319 et
3180 4267 3300 4320 dicit
3331 4285 3343 4319 :
3377 4268 3501 4321 Cum

1957 4352 2068 4400 ergo
2098 4336 2312 4385 videritis
2339 4334 2741 4385 ubominalionem
2769 4334 3080 4386 desolationis
3120 4347 3345 4388 stantem.
3396 4338 3507 4397 lloe,

1957 4413 2055 4463 est,
2089 4403 2217 4455 Cum
2267 4403 2500 4455 videritis
2538 4417 2597 4455 ea
2654 4404 2761 4469 ipsa
2814 4406 2985 4469 prtulia
3012 4403 3118 4470 jam
3149 4407 3333 4457 stantia
3362 4406 3500 4459 circa

1955 4471 2265 4531 Jerusalem,
2307 4486 2422 4538 qua:
2449 4479 2569 4523 ante
2594 4472 2903 4524 audiebatis.
2957 4472 3207 4526 Similiter
3233 4485 3277 4525 ct
3319 4474 3369 4525 itt
3400 4475 3500 4529 fine

1957 4540 2154 4604 mundi,
2178 4550 2231 4592 et
2258 4541 2306 4591 itt
2340 4540 2660 4592 Anticltristo
2682 4542 3069 4607 intelligendum
3094 4552 3173 4593 est
3219 4542 3502 4609 spirituali-

1957 4619 2050 4669 ter,
2085 4610 2291 4675 quando
2325 4617 2377 4661 et
2417 4609 2660 4673 ltmreses,
2684 4618 2735 4660 et
2760 4609 2940 4669 fames,
2974 4621 3025 4663 et
3071 4612 3376 4677 pestilentia:
3403 4654 3417 4677 ,
3450 4623 3503 4667 et

1958 4678 2039 4729 illa
2078 4681 2249 4730 omnia
2294 4687 2413 4731 ante
2455 4688 2833 4745 ptaecesserunt
2858 4695 2867 4728 :
2896 4680 3175 4732 novissime
3209 4690 3381 4733 autem
3407 4683 3498 4734 ab-

1954 4748 2201 4799 ominatio
2237 4747 2573 4800 desolationis
2616 4749 2757 4798 stetit
2802 4748 2850 4799 in
2894 4749 3007 4800 Ιοειι
3055 4758 3255 4811 sant-to,
3300 4751 3346 4801 id
3395 4763 3495 4815 est,

1954 4818 2215 4869 exercitus
2259 4817 2586 4869 Antichristi.
2638 4816 2908 4868 Exercitus
2952 4828 3125 4869 autem
3186 4821 3489 4873 Antichristi

1954 4895 2072 4954 sunt
2129 4900 2313 4938 omnes
2363 4886 2610 4949 bmreses,
2660 4885 2917 4950 prazcipne
2965 4886 3098 4947 ista,
3130 4903 3243 4954 qum
3270 4889 3497 4942 obtinuit

1956 4952 2205 5005 Ecclesia:
2249 4954 2436 5013 locum,
2470 4962 2521 5005 et
2553 4955 2696 5005 stetit
2738 4954 2785 5004 in
2820 4954 2934 5007 loco
2962 4952 3165 5020 sancto,
3209 4956 3275 5008 ita
3319 4966 3373 5008 ut
3412 4959 3489 5009 vi-

1953 5024 2135 5074 deatur
2180 5024 2327 5089 quasi
2378 5023 2589 5074 verbum
2639 5023 2867 5073 veritatis
2911 5026 3154 5086 stetisse,
3218 5041 3333 5076 cum
3390 5044 3489 5080 non

1951 5091 2019 5143 sit
2078 5091 2292 5143 verbum
2359 5091 2612 5150 veritatis,
2663 5091 2750 5141 sed
2821 5092 3137 5145 abominatio
3210 5094 3491 5150 dx'sttlatio-

1952 5161 2029 5211 nis
2064 5199 2077 5225 ,
2127 5161 2176 5212 id
2222 5169 2340 5222 est,
2387 5160 2645 5212 exercitus
2693 5160 2993 5214 Aulichrisd
3026 5202 3040 5225 ,
3089 5164 3175 5228 qui
3217 5163 3494 5217 multorum

1951 5230 2149 5281 animas
2214 5230 2438 5281 reddidit
2510 5229 2767 5280 desolatas
2834 5243 2863 5281 a
2932 5231 3059 5283 Deo.
3126 5230 3191 5281 Et
3261 5230 3358 5284 ltoc
3415 5244 3497 5287 est

1951 5296 2080 5350 forte
2151 5299 2287 5364 quod
2352 5299 2635 5365 Apostolus
2683 5297 2807 5349 dicit
2869 5316 2881 5351 :
2953 5297 3050 5360 Qui
3118 5299 3404 5351 adversatur
3448 5315 3493 5355 et

1950 5368 2204 5437 extollitur
2236 5382 2387 5437 supra
2427 5382 2571 5417 omne
2595 5366 2749 5437 quod
2789 5366 3141 5437 dicitur_Dcus
3166 5410 3178 5431 ,
3230 5379 3313 5420 aut
3363 5373 3495 5437 quod

1948 5435 2127 5483 colitur
2152 5475 2162 5493 ,
2189 5435 2257 5483 ita
2286 5445 2337 5484 ut
2373 5432 2633 5503 in_templo
2660 5434 2751 5503 ρει
2788 5436 2930 5503 quasi
2961 5434 3094 5486 Deus
3116 5437 3302 5499 sedeat,
3325 5432 3489 5493 osten-

1947 5502 2063 5551 dens
2090 5519 2139 5553 se
2165 5504 2301 5566 quasi
2322 5504 2380 5553 sit
2413 5501 2544 5553 Deus
2571 5502 2643 5568 (2.
2673 5501 2840 5554 Thess.
2863 5503 2915 5555 2.
2937 5504 3009 5570 Δ).
3032 5504 3097 5557 Et
3119 5507 3193 5559 sic
3208 5510 3377 5562 omnia
3408 5511 3496 5568 illa

1948 5572 2083 5621 mala
2114 5571 2367 5623 lucrosum
2410 5572 2765 5629 diversarum,
2798 5585 2913 5638 quae
2962 5584 3112 5626 antea
3142 5576 3488 5635 audiebantur

1950 5646 2144 5689 tantum
2176 5678 2188 5698 ,
2220 5651 2395 5705 postea
2427 5646 2682 5691 steterunt
2733 5640 2784 5691 in
2826 5640 2940 5691 loco
2986 5653 3165 5697 Sancto
3203 5644 3496 5705 desolantia

1948 5708 2001 5760 E«
2021 5708 2229 5761 ciesiam
2255 5708 2467 5761 Christi.
2499 5709 2571 5760 Ex
2601 5723 2703 5770 quo
2733 5709 2850 5762 data
2876 5710 2974 5764 sibi
3013 5714 3221 5768 licentia
3248 5757 3261 5784 ,
3313 5731 3494 5788 cmpe-
