  <div class='ocr_page' id='page_1' title='image "/cluster/home/n/w/nwhite01/storage/ocr_20150623/56/uva.x004697988/753.png"; bbox 0 0 4128 6510; ppageno 0'>
   <div class='ocr_carea' id='block_1_1' title="bbox 606 436 718 493">
    <p class='ocr_par' dir='ltr' id='par_1_1' title="bbox 606 436 718 493">
     <span class='ocr_line' id='line_1_1' title="bbox 606 436 718 493; baseline 0.018 -2"><span class='ocrx_word' id='word_1_1' title='bbox 606 436 718 493; x_wconf 85' lang='grc'><strong>907</strong></span> 
     </span>
    </p>
   </div>
   <div class='ocr_carea' id='block_1_2' title="bbox 597 539 2153 611">
    <p class='ocr_par' dir='ltr' id='par_1_2' title="bbox 597 539 2153 611">
     <span class='ocr_line' id='line_1_2' title="bbox 597 539 2153 611; baseline 0.001 -15"><span class='ocrx_word' id='word_1_2' title='bbox 597 547 723 596; x_wconf 85' lang='lat' dir='ltr'><strong>runt</strong></span> <span class='ocrx_word' id='word_1_3' title='bbox 745 554 929 611; x_wconf 88' lang='lat' dir='ltr'><strong>omnes</strong></span> <span class='ocrx_word' id='word_1_4' title='bbox 973 541 1182 610; x_wconf 85' lang='lat' dir='ltr'><strong>publice</strong></span> <span class='ocrx_word' id='word_1_5' title='bbox 1204 541 1397 595; x_wconf 88' lang='lat' dir='ltr'><strong>habere</strong></span> <span class='ocrx_word' id='word_1_6' title='bbox 1422 540 1702 595; x_wconf 83' lang='lat' dir='ltr'><strong>Ecclesias.</strong></span> <span class='ocrx_word' id='word_1_7' title='bbox 1728 542 1795 596; x_wconf 84' lang='lat' dir='ltr'><strong>Et</strong></span> <span class='ocrx_word' id='word_1_8' title='bbox 1821 556 1918 596; x_wconf 91' lang='lat' dir='ltr'><strong>nos</strong></span> <span class='ocrx_word' id='word_1_9' title='bbox 1941 539 2153 611; x_wconf 78' lang='lat' dir='ltr'><strong>quidem</strong></span> 
     </span>
    </p>
   </div>
   <div class='ocr_carea' id='block_1_3' title="bbox 595 610 2157 679">
    <p class='ocr_par' dir='ltr' id='par_1_3' title="bbox 595 610 2157 679">
     <span class='ocr_line' id='line_1_3' title="bbox 595 610 2157 679; baseline -0.001 -14"><span class='ocrx_word' id='word_1_10' title='bbox 595 610 937 678; x_wconf 80' lang='lat' dir='ltr'><strong>exposuimus</strong></span> <span class='ocrx_word' id='word_1_11' title='bbox 969 611 1052 664; x_wconf 86' lang='lat' dir='ltr'><strong>hic</strong></span> <span class='ocrx_word' id='word_1_12' title='bbox 1095 611 1388 666; x_wconf 78' lang='lat' dir='ltr'><strong>auditiones</strong></span> <span class='ocrx_word' id='word_1_13' title='bbox 1411 611 1712 679; x_wconf 74' lang='lat' dir='ltr'><strong>prmliorum</strong></span> <span class='ocrx_word' id='word_1_14' title='bbox 1735 652 1749 674; x_wconf 93' lang='lat'><strong>,</strong></span> <span class='ocrx_word' id='word_1_15' title='bbox 1782 621 1835 664; x_wconf 91' lang='lat' dir='ltr'><strong>et</strong></span> <span class='ocrx_word' id='word_1_16' title='bbox 1867 610 2059 676; x_wconf 87' lang='lat' dir='ltr'><strong>fames,</strong></span> <span class='ocrx_word' id='word_1_17' title='bbox 2102 619 2157 666; x_wconf 91' lang='lat' dir='ltr'><strong>et</strong></span> 
     </span>
    </p>
   </div>
   <div class='ocr_carea' id='block_1_4' title="bbox 595 680 2158 750">
    <p class='ocr_par' dir='ltr' id='par_1_4' title="bbox 595 680 2158 750">
     <span class='ocr_line' id='line_1_4' title="bbox 595 680 2158 750; baseline 0.001 -17"><span class='ocrx_word' id='word_1_18' title='bbox 595 688 1050 750; x_wconf 60' lang='lat' dir='ltr'><strong>terramotus,et</strong></span> <span class='ocrx_word' id='word_1_19' title='bbox 1079 680 1422 750; x_wconf 86' lang='lat' dir='ltr'><strong>pestilentias,</strong></span> <span class='ocrx_word' id='word_1_20' title='bbox 1449 680 1743 750; x_wconf 86' lang='lat' dir='ltr'><strong>auditiones</strong></span> <span class='ocrx_word' id='word_1_21' title='bbox 1773 681 2031 735; x_wconf 66' lang='lat' dir='ltr'><strong>hazresum</strong></span> <span class='ocrx_word' id='word_1_22' title='bbox 2057 723 2071 744; x_wconf 91' lang='lat'><strong>,</strong></span> <span class='ocrx_word' id='word_1_23' title='bbox 2104 688 2158 734; x_wconf 88' lang='lat' dir='ltr'><strong>et</strong></span> 
     </span>
    </p>
   </div>
   <div class='ocr_carea' id='block_1_5' title="bbox 594 749 2157 817">
    <p class='ocr_par' dir='ltr' id='par_1_5' title="bbox 594 749 2157 817">
     <span class='ocr_line' id='line_1_5' title="bbox 594 749 2157 817; baseline 0.001 -15"><span class='ocrx_word' id='word_1_24' title='bbox 594 749 799 817; x_wconf 86' lang='lat' dir='ltr'><strong>inopias</strong></span> <span class='ocrx_word' id='word_1_25' title='bbox 842 749 1031 814; x_wconf 86' lang='lat' dir='ltr'><strong>verbi,</strong></span> <span class='ocrx_word' id='word_1_26' title='bbox 1071 749 1125 802; x_wconf 88' lang='lat' dir='ltr'><strong>et</strong></span> <span class='ocrx_word' id='word_1_27' title='bbox 1174 749 1551 803; x_wconf 89' lang='lat' dir='ltr'><strong>concussiones</strong></span> <span class='ocrx_word' id='word_1_28' title='bbox 1604 749 2052 815; x_wconf 84' lang='lat' dir='ltr'><strong>Christianorum,</strong></span> <span class='ocrx_word' id='word_1_29' title='bbox 2105 760 2157 804; x_wconf 91' lang='lat' dir='ltr'><strong>et</strong></span> 
     </span>
    </p>
   </div>
   <div class='ocr_carea' id='block_1_6' title="bbox 592 817 2158 886">
    <p class='ocr_par' dir='ltr' id='par_1_6' title="bbox 592 817 2158 886">
     <span class='ocr_line' id='line_1_6' title="bbox 592 817 2158 886; baseline 0 -15"><span class='ocrx_word' id='word_1_30' title='bbox 592 817 958 886; x_wconf 86' lang='lat' dir='ltr'><strong>corruptiones</strong></span> <span class='ocrx_word' id='word_1_31' title='bbox 1001 833 1209 872; x_wconf 90' lang='lat' dir='ltr'><strong>morum</strong></span> <span class='ocrx_word' id='word_1_32' title='bbox 1231 858 1244 881; x_wconf 95' lang='lat'><strong>,</strong></span> <span class='ocrx_word' id='word_1_33' title='bbox 1272 833 1389 886; x_wconf 72' lang='lat' dir='ltr'><strong>qua:</strong></span> <span class='ocrx_word' id='word_1_34' title='bbox 1415 829 1536 872; x_wconf 91' lang='lat' dir='ltr'><strong>ante</strong></span> <span class='ocrx_word' id='word_1_35' title='bbox 1564 833 1946 886; x_wconf 55' lang='lat' dir='ltr'><strong>pra-cesserunt</strong></span> <span class='ocrx_word' id='word_1_36' title='bbox 1970 835 1998 872; x_wconf 89' lang='lat' dir='ltr'><strong>a</strong></span> <span class='ocrx_word' id='word_1_37' title='bbox 2027 832 2158 874; x_wconf 83' lang='lat' dir='ltr'><strong>tem-</strong></span> 
     </span>
    </p>
   </div>
   <div class='ocr_carea' id='block_1_7' title="bbox 595 887 2158 956">
    <p class='ocr_par' dir='ltr' id='par_1_7' title="bbox 595 887 2158 956">
     <span class='ocr_line' id='line_1_7' title="bbox 595 887 2158 956; baseline 0.001 -16"><span class='ocrx_word' id='word_1_38' title='bbox 595 901 725 956; x_wconf 81' lang='lat' dir='ltr'><strong>pore</strong></span> <span class='ocrx_word' id='word_1_39' title='bbox 767 887 1137 950; x_wconf 91' lang='lat' dir='ltr'><strong>Constantini,</strong></span> <span class='ocrx_word' id='word_1_40' title='bbox 1169 903 1333 956; x_wconf 88' lang='lat' dir='ltr'><strong>usque</strong></span> <span class='ocrx_word' id='word_1_41' title='bbox 1361 888 1424 940; x_wconf 89' lang='lat' dir='ltr'><strong>ad</strong></span> <span class='ocrx_word' id='word_1_42' title='bbox 1468 898 1671 954; x_wconf 82' lang='lat' dir='ltr'><strong>tempus</strong></span> <span class='ocrx_word' id='word_1_43' title='bbox 1699 888 2002 942; x_wconf 86' lang='lat' dir='ltr'><strong>Theodosii.</strong></span> <span class='ocrx_word' id='word_1_44' title='bbox 2055 888 2158 941; x_wconf 78' lang='lat' dir='ltr'><strong>Ab-</strong></span> 
     </span>
    </p>
   </div>
   <div class='ocr_carea' id='block_1_8' title="bbox 591 956 2156 1012">
    <p class='ocr_par' dir='ltr' id='par_1_8' title="bbox 591 956 2156 1012">
     <span class='ocr_line' id='line_1_8' title="bbox 591 956 2156 1012; baseline 0.001 -2"><span class='ocrx_word' id='word_1_45' title='bbox 591 957 967 1011; x_wconf 89' lang='lat' dir='ltr'><strong>ominationem</strong></span> <span class='ocrx_word' id='word_1_46' title='bbox 997 965 1172 1010; x_wconf 89' lang='lat' dir='ltr'><strong>autem</strong></span> <span class='ocrx_word' id='word_1_47' title='bbox 1201 956 1542 1010; x_wconf 85' lang='lat' dir='ltr'><strong>desolatinnis</strong></span> <span class='ocrx_word' id='word_1_48' title='bbox 1581 957 1810 1011; x_wconf 83' lang='lat' dir='ltr'><strong>diximus</strong></span> <span class='ocrx_word' id='word_1_49' title='bbox 1849 972 1967 1012; x_wconf 90' lang='lat' dir='ltr'><strong>esse</strong></span> <span class='ocrx_word' id='word_1_50' title='bbox 2019 957 2156 1012; x_wconf 91' lang='lat' dir='ltr'><strong>hanc</strong></span> 
     </span>
    </p>
   </div>
   <div class='ocr_carea' id='block_1_9' title="bbox 593 1026 2153 1095">
    <p class='ocr_par' dir='ltr' id='par_1_9' title="bbox 593 1026 2153 1095">
     <span class='ocr_line' id='line_1_9' title="bbox 593 1026 2153 1095; baseline -0.001 -16"><span class='ocrx_word' id='word_1_51' title='bbox 593 1027 758 1094; x_wconf 84' lang='lat' dir='ltr'><strong>ipsam</strong></span> <span class='ocrx_word' id='word_1_52' title='bbox 785 1026 1046 1089; x_wconf 66' lang='lat' dir='ltr'><strong>haeresim,</strong></span> <span class='ocrx_word' id='word_1_53' title='bbox 1080 1041 1196 1094; x_wconf 71' lang='lat' dir='ltr'><strong>qua:</strong></span> <span class='ocrx_word' id='word_1_54' title='bbox 1217 1027 1491 1095; x_wconf 80' lang='lat' dir='ltr'><strong>occupavit</strong></span> <span class='ocrx_word' id='word_1_55' title='bbox 1511 1037 1704 1080; x_wconf 67' lang='lat' dir='ltr'><strong>sancta:</strong></span> <span class='ocrx_word' id='word_1_56' title='bbox 1727 1027 1979 1080; x_wconf 55' lang='lat' dir='ltr'><strong>Ecclesia</strong></span> <span class='ocrx_word' id='word_1_57' title='bbox 2009 1028 2119 1080; x_wconf 90' lang='lat' dir='ltr'><strong>loca</strong></span> <span class='ocrx_word' id='word_1_58' title='bbox 2139 1067 2153 1091; x_wconf 95' lang='lat'><strong>,</strong></span> 
     </span>
    </p>
   </div>
   <div class='ocr_carea' id='block_1_10' title="bbox 591 1095 2155 1163">
    <p class='ocr_par' dir='ltr' id='par_1_10' title="bbox 591 1095 2155 1163">
     <span class='ocr_line' id='line_1_10' title="bbox 591 1095 2155 1163; baseline -0.001 -14"><span class='ocrx_word' id='word_1_59' title='bbox 591 1105 646 1149; x_wconf 90' lang='lat' dir='ltr'><strong>et</strong></span> <span class='ocrx_word' id='word_1_60' title='bbox 675 1095 868 1148; x_wconf 90' lang='lat' dir='ltr'><strong>multos</strong></span> <span class='ocrx_word' id='word_1_61' title='bbox 895 1095 1153 1149; x_wconf 77' lang='lat' dir='ltr'><strong>desolavit</strong></span> <span class='ocrx_word' id='word_1_62' title='bbox 1180 1111 1207 1148; x_wconf 89' lang='lat' dir='ltr'><strong>a</strong></span> <span class='ocrx_word' id='word_1_63' title='bbox 1240 1095 1339 1148; x_wconf 85' lang='lat' dir='ltr'><strong>fide</strong></span> <span class='ocrx_word' id='word_1_64' title='bbox 1359 1137 1371 1156; x_wconf 84' lang='lat'><strong>,</strong></span> <span class='ocrx_word' id='word_1_65' title='bbox 1405 1105 1458 1148; x_wconf 88' lang='lat' dir='ltr'><strong>et</strong></span> <span class='ocrx_word' id='word_1_66' title='bbox 1488 1097 1657 1163; x_wconf 90' lang='lat' dir='ltr'><strong>ipsmn</strong></span> <span class='ocrx_word' id='word_1_67' title='bbox 1685 1099 1972 1150; x_wconf 80' lang='lat' dir='ltr'><strong>exercitum</strong></span> <span class='ocrx_word' id='word_1_68' title='bbox 2004 1097 2155 1149; x_wconf 80' lang='lat' dir='ltr'><strong>Atili-</strong></span> 
     </span>
    </p>
   </div>
   <div class='ocr_carea' id='block_1_11' title="bbox 591 1163 2156 1233">
    <p class='ocr_par' dir='ltr' id='par_1_11' title="bbox 591 1163 2156 1233">
     <span class='ocr_line' id='line_1_11' title="bbox 591 1163 2156 1233; baseline 0.002 -18"><span class='ocrx_word' id='word_1_69' title='bbox 591 1165 775 1233; x_wconf 82' lang='lat' dir='ltr'><strong>ehristi</strong></span> <span class='ocrx_word' id='word_1_70' title='bbox 802 1205 815 1227; x_wconf 93' lang='lat'><strong>,</strong></span> <span class='ocrx_word' id='word_1_71' title='bbox 839 1173 892 1217; x_wconf 89' lang='lat' dir='ltr'><strong>et</strong></span> <span class='ocrx_word' id='word_1_72' title='bbox 917 1174 1134 1217; x_wconf 67' lang='lat' dir='ltr'><strong>ceteras</strong></span> <span class='ocrx_word' id='word_1_73' title='bbox 1173 1163 1402 1218; x_wconf 74' lang='lat' dir='ltr'><strong>hrereses</strong></span> <span class='ocrx_word' id='word_1_74' title='bbox 1426 1206 1440 1227; x_wconf 89' lang='lat'><strong>,</strong></span> <span class='ocrx_word' id='word_1_75' title='bbox 1487 1181 1604 1231; x_wconf 84' lang='lat' dir='ltr'><strong>quae</strong></span> <span class='ocrx_word' id='word_1_76' title='bbox 1649 1176 1921 1229; x_wconf 69' lang='lat' dir='ltr'><strong>cmperunt</strong></span> <span class='ocrx_word' id='word_1_77' title='bbox 1954 1167 2156 1233; x_wconf 90' lang='lat' dir='ltr'><strong>publice</strong></span> 
     </span>
    </p>
   </div>
   <div class='ocr_carea' id='block_1_12' title="bbox 593 1231 2152 1298">
    <p class='ocr_par' dir='ltr' id='par_1_12' title="bbox 593 1231 2152 1298">
     <span class='ocr_line' id='line_1_12' title="bbox 593 1231 2152 1298; baseline 0.001 -14"><span class='ocrx_word' id='word_1_78' title='bbox 593 1231 788 1287; x_wconf 81' lang='lat' dir='ltr'><strong>habere</strong></span> <span class='ocrx_word' id='word_1_79' title='bbox 832 1233 1133 1298; x_wconf 85' lang='lat' dir='ltr'><strong>Ecelesias,</strong></span> <span class='ocrx_word' id='word_1_80' title='bbox 1178 1235 1349 1286; x_wconf 90' lang='lat' dir='ltr'><strong>locum</strong></span> <span class='ocrx_word' id='word_1_81' title='bbox 1401 1234 1701 1287; x_wconf 78' lang='lat' dir='ltr'><strong>obtinentes</strong></span> <span class='ocrx_word' id='word_1_82' title='bbox 1748 1231 1996 1288; x_wconf 70' lang='lat' dir='ltr'><strong>Ecclesia:</strong></span> <span class='ocrx_word' id='word_1_83' title='bbox 2035 1249 2152 1287; x_wconf 84' lang='lat' dir='ltr'><strong>sau-</strong></span> 
     </span>
    </p>
   </div>
   <div class='ocr_carea' id='block_1_13' title="bbox 591 1301 2153 1372">
    <p class='ocr_par' dir='ltr' id='par_1_13' title="bbox 591 1301 2153 1372">
     <span class='ocr_line' id='line_1_13' title="bbox 591 1301 2153 1372; baseline 0 -16"><span class='ocrx_word' id='word_1_84' title='bbox 591 1314 760 1356; x_wconf 86' lang='lat' dir='ltr'><strong>ctum.</strong></span> <span class='ocrx_word' id='word_1_85' title='bbox 789 1301 843 1356; x_wconf 90' lang='lat' dir='ltr'><strong>Si</strong></span> <span class='ocrx_word' id='word_1_86' title='bbox 873 1303 989 1370; x_wconf 86' lang='lat' dir='ltr'><strong>quis</strong></span> <span class='ocrx_word' id='word_1_87' title='bbox 1015 1310 1188 1356; x_wconf 91' lang='lat' dir='ltr'><strong>autem</strong></span> <span class='ocrx_word' id='word_1_88' title='bbox 1217 1302 1513 1355; x_wconf 82' lang='lat' dir='ltr'><strong>auditiones</strong></span> <span class='ocrx_word' id='word_1_89' title='bbox 1561 1303 1771 1371; x_wconf 86' lang='lat' dir='ltr'><strong>quidem</strong></span> <span class='ocrx_word' id='word_1_90' title='bbox 1818 1305 2114 1372; x_wconf 75' lang='lat' dir='ltr'><strong>pradiorum</strong></span> <span class='ocrx_word' id='word_1_91' title='bbox 2139 1344 2153 1365; x_wconf 92' lang='lat'><strong>,</strong></span> 
     </span>
    </p>
   </div>
   <div class='ocr_carea' id='block_1_14' title="bbox 592 1372 2155 1441">
    <p class='ocr_par' dir='ltr' id='par_1_14' title="bbox 592 1372 2155 1441">
     <span class='ocr_line' id='line_1_14' title="bbox 592 1372 2155 1441; baseline 0.001 -17"><span class='ocrx_word' id='word_1_92' title='bbox 592 1373 758 1425; x_wconf 88' lang='lat' dir='ltr'><strong>fames</strong></span> <span class='ocrx_word' id='word_1_93' title='bbox 787 1380 842 1426; x_wconf 87' lang='lat' dir='ltr'><strong>et</strong></span> <span class='ocrx_word' id='word_1_94' title='bbox 866 1373 1140 1432; x_wconf 89' lang='lat' dir='ltr'><strong>tumultus,</strong></span> <span class='ocrx_word' id='word_1_95' title='bbox 1169 1381 1223 1425; x_wconf 86' lang='lat' dir='ltr'><strong>et</strong></span> <span class='ocrx_word' id='word_1_96' title='bbox 1253 1372 1594 1438; x_wconf 85' lang='lat' dir='ltr'><strong>pestilentias.</strong></span> <span class='ocrx_word' id='word_1_97' title='bbox 1626 1373 1876 1441; x_wconf 78' lang='lat' dir='ltr'><strong>intelligat</strong></span> <span class='ocrx_word' id='word_1_98' title='bbox 1903 1387 2021 1427; x_wconf 90' lang='lat' dir='ltr'><strong>csse</strong></span> <span class='ocrx_word' id='word_1_99' title='bbox 2041 1389 2155 1426; x_wconf 79' lang='lat' dir='ltr'><strong>ont-</strong></span> 
     </span>
    </p>
   </div>
   <div class='ocr_carea' id='block_1_15' title="bbox 591 1441 2156 1511">
    <p class='ocr_par' dir='ltr' id='par_1_15' title="bbox 591 1441 2156 1511">
     <span class='ocr_line' id='line_1_15' title="bbox 591 1441 2156 1511; baseline 0.001 -17"><span class='ocrx_word' id='word_1_100' title='bbox 591 1442 676 1494; x_wconf 89' lang='lat' dir='ltr'><strong>nia</strong></span> <span class='ocrx_word' id='word_1_101' title='bbox 707 1441 818 1495; x_wconf 77' lang='lat' dir='ltr'><strong>Inec</strong></span> <span class='ocrx_word' id='word_1_102' title='bbox 867 1441 1001 1494; x_wconf 89' lang='lat' dir='ltr'><strong>mala</strong></span> <span class='ocrx_word' id='word_1_103' title='bbox 1050 1441 1372 1511; x_wconf 86' lang='lat' dir='ltr'><strong>spiritualia,</strong></span> <span class='ocrx_word' id='word_1_104' title='bbox 1429 1457 1545 1509; x_wconf 70' lang='lat' dir='ltr'><strong>qua:</strong></span> <span class='ocrx_word' id='word_1_105' title='bbox 1587 1441 1722 1495; x_wconf 89' lang='lat' dir='ltr'><strong>facta</strong></span> <span class='ocrx_word' id='word_1_106' title='bbox 1765 1452 1887 1494; x_wconf 91' lang='lat' dir='ltr'><strong>sunt</strong></span> <span class='ocrx_word' id='word_1_107' title='bbox 1919 1452 2156 1511; x_wconf 87' lang='lat' dir='ltr'><strong>tempore</strong></span> 
     </span>
    </p>
   </div>
   <div class='ocr_carea' id='block_1_16' title="bbox 589 1509 2154 1579">
    <p class='ocr_par' dir='ltr' id='par_1_16' title="bbox 589 1509 2154 1579">
     <span class='ocr_line' id='line_1_16' title="bbox 589 1509 2154 1579; baseline 0 -15"><span class='ocrx_word' id='word_1_108' title='bbox 589 1511 916 1565; x_wconf 89' lang='lat' dir='ltr'><strong>Constantini</strong></span> <span class='ocrx_word' id='word_1_109' title='bbox 938 1509 1093 1563; x_wconf 89' lang='lat' dir='ltr'><strong>simul</strong></span> <span class='ocrx_word' id='word_1_110' title='bbox 1116 1521 1168 1564; x_wconf 91' lang='lat' dir='ltr'><strong>et</strong></span> <span class='ocrx_word' id='word_1_111' title='bbox 1193 1509 1472 1564; x_wconf 81' lang='lat' dir='ltr'><strong>Theodosii</strong></span> <span class='ocrx_word' id='word_1_112' title='bbox 1504 1525 1666 1579; x_wconf 86' lang='lat' dir='ltr'><strong>usque</strong></span> <span class='ocrx_word' id='word_1_113' title='bbox 1696 1527 1851 1573; x_wconf 92' lang='lat' dir='ltr'><strong>nunc,</strong></span> <span class='ocrx_word' id='word_1_114' title='bbox 1882 1509 2154 1564; x_wconf 83' lang='lat' dir='ltr'><strong>abomina-</strong></span> 
     </span>
    </p>
   </div>
   <div class='ocr_carea' id='block_1_17' title="bbox 593 1579 2153 1649">
    <p class='ocr_par' dir='ltr' id='par_1_17' title="bbox 593 1579 2153 1649">
     <span class='ocr_line' id='line_1_17' title="bbox 593 1579 2153 1649; baseline 0.001 -17"><span class='ocrx_word' id='word_1_115' title='bbox 593 1582 786 1634; x_wconf 90' lang='lat' dir='ltr'><strong>Iiouem</strong></span> <span class='ocrx_word' id='word_1_116' title='bbox 816 1590 989 1633; x_wconf 90' lang='lat' dir='ltr'><strong>autem</strong></span> <span class='ocrx_word' id='word_1_117' title='bbox 1020 1579 1361 1633; x_wconf 89' lang='lat' dir='ltr'><strong>desolationis</strong></span> <span class='ocrx_word' id='word_1_118' title='bbox 1410 1581 1662 1648; x_wconf 81' lang='lat' dir='ltr'><strong>intelligat</strong></span> <span class='ocrx_word' id='word_1_119' title='bbox 1694 1595 1810 1634; x_wconf 90' lang='lat' dir='ltr'><strong>esse</strong></span> <span class='ocrx_word' id='word_1_120' title='bbox 1836 1582 2004 1649; x_wconf 90' lang='lat' dir='ltr'><strong>ipsum</strong></span> <span class='ocrx_word' id='word_1_121' title='bbox 2042 1584 2153 1634; x_wconf 81' lang='lat' dir='ltr'><strong>An-</strong></span> 
     </span>
    </p>
   </div>
   <div class='ocr_carea' id='block_1_18' title="bbox 592 1649 2151 1729">
    <p class='ocr_par' dir='ltr' id='par_1_18' title="bbox 592 1649 2151 1729">
     <span class='ocr_line' id='line_1_18' title="bbox 592 1649 2151 1729; baseline 0.001 -27"><span class='ocrx_word' id='word_1_122' title='bbox 592 1652 930 1729; x_wconf 51' lang='lat' dir='ltr'><strong>IlCllI&#39;l_SllIIII-,‘</strong></span> <span class='ocrx_word' id='word_1_123' title='bbox 954 1651 1041 1729; x_wconf 78' lang='lat' dir='ltr'><strong>qui</strong></span> <span class='ocrx_word' id='word_1_124' title='bbox 1070 1649 1403 1729; x_wconf 75' lang='lat' dir='ltr'><strong>postmodum</strong></span> <span class='ocrx_word' id='word_1_125' title='bbox 1434 1652 1611 1729; x_wconf 76' lang='lat' dir='ltr'><strong>venire</strong></span> <span class='ocrx_word' id='word_1_126' title='bbox 1634 1663 1894 1729; x_wconf 71' lang='lat' dir='ltr'><strong>speratur,</strong></span> <span class='ocrx_word' id='word_1_127' title='bbox 1927 1660 1980 1729; x_wconf 80' lang='lat' dir='ltr'><strong>et</strong></span> <span class='ocrx_word' id='word_1_128' title='bbox 2008 1650 2151 1729; x_wconf 78' lang='lat' dir='ltr'><strong>obti-</strong></span> 
     </span>
    </p>
   </div>
   <div class='ocr_carea' id='block_1_19' title="bbox 591 1719 2155 1786">
    <p class='ocr_par' dir='ltr' id='par_1_19' title="bbox 591 1719 2155 1786">
     <span class='ocr_line' id='line_1_19' title="bbox 591 1719 2155 1786; baseline 0.001 -14"><span class='ocrx_word' id='word_1_129' title='bbox 591 1735 716 1773; x_wconf 78' lang='lat' dir='ltr'><strong>nere</strong></span> <span class='ocrx_word' id='word_1_130' title='bbox 749 1721 858 1772; x_wconf 90' lang='lat' dir='ltr'><strong>loca</strong></span> <span class='ocrx_word' id='word_1_131' title='bbox 893 1719 1245 1772; x_wconf 84' lang='lat' dir='ltr'><strong>Ecclesiarum</strong></span> <span class='ocrx_word' id='word_1_132' title='bbox 1281 1727 1456 1773; x_wconf 88' lang='lat' dir='ltr'><strong>sancta</strong></span> <span class='ocrx_word' id='word_1_133' title='bbox 1496 1720 1592 1771; x_wconf 88' lang='lat' dir='ltr'><strong>sub</strong></span> <span class='ocrx_word' id='word_1_134' title='bbox 1621 1720 1797 1786; x_wconf 82' lang='lat' dir='ltr'><strong>specie</strong></span> <span class='ocrx_word' id='word_1_135' title='bbox 1827 1720 2061 1782; x_wconf 89' lang='lat' dir='ltr'><strong>Christi,</strong></span> <span class='ocrx_word' id='word_1_136' title='bbox 2101 1730 2155 1774; x_wconf 93' lang='lat' dir='ltr'><strong>et</strong></span> 
     </span>
    </p>
   </div>
   <div class='ocr_carea' id='block_1_20' title="bbox 590 1787 2149 1843">
    <p class='ocr_par' dir='ltr' id='par_1_20' title="bbox 590 1787 2149 1843">
     <span class='ocr_line' id='line_1_20' title="bbox 590 1787 2149 1843; baseline 0.001 -2"><span class='ocrx_word' id='word_1_137' title='bbox 590 1791 783 1842; x_wconf 86' lang='lat' dir='ltr'><strong>multos</strong></span> <span class='ocrx_word' id='word_1_138' title='bbox 823 1788 1053 1843; x_wconf 90' lang='lat' dir='ltr'><strong>ﬁdelium</strong></span> <span class='ocrx_word' id='word_1_139' title='bbox 1081 1787 1322 1841; x_wconf 82' lang='lat' dir='ltr'><strong>desolare</strong></span> <span class='ocrx_word' id='word_1_140' title='bbox 1369 1804 1381 1838; x_wconf 89' lang='lat'><strong>:</strong></span> <span class='ocrx_word' id='word_1_141' title='bbox 1414 1803 1516 1840; x_wconf 91' lang='lat' dir='ltr'><strong>non</strong></span> <span class='ocrx_word' id='word_1_142' title='bbox 1551 1789 1977 1843; x_wconf 77' lang='lat' dir='ltr'><strong>irrationabiliter</strong></span> <span class='ocrx_word' id='word_1_143' title='bbox 2003 1789 2149 1843; x_wconf 89' lang='lat' dir='ltr'><strong>dicit.</strong></span> 
     </span>
    </p>
   </div>
   <div class='ocr_carea' id='block_1_21' title="bbox 591 1857 2154 1926">
    <p class='ocr_par' dir='ltr' id='par_1_21' title="bbox 591 1857 2154 1926">
     <span class='ocr_line' id='line_1_21' title="bbox 591 1857 2154 1926; baseline 0.002 -16"><span class='ocrx_word' id='word_1_144' title='bbox 591 1859 717 1911; x_wconf 76' lang='lat' dir='ltr'><strong>Nam</strong></span> <span class='ocrx_word' id='word_1_145' title='bbox 745 1859 855 1912; x_wconf 83' lang='lat' dir='ltr'><strong>sive</strong></span> <span class='ocrx_word' id='word_1_146' title='bbox 879 1858 972 1910; x_wconf 86' lang='lat' dir='ltr'><strong>ista</strong></span> <span class='ocrx_word' id='word_1_147' title='bbox 995 1857 1232 1917; x_wconf 72' lang='lat' dir='ltr'><strong>haeresis,</strong></span> <span class='ocrx_word' id='word_1_148' title='bbox 1247 1857 1477 1925; x_wconf 74' lang='lat' dir='ltr'><strong>qntejam</strong></span> <span class='ocrx_word' id='word_1_149' title='bbox 1499 1859 1684 1919; x_wconf 89' lang='lat' dir='ltr'><strong>tenuit,</strong></span> <span class='ocrx_word' id='word_1_150' title='bbox 1703 1859 1812 1912; x_wconf 88' lang='lat' dir='ltr'><strong>sive</strong></span> <span class='ocrx_word' id='word_1_151' title='bbox 1831 1859 2052 1926; x_wconf 87' lang='lat' dir='ltr'><strong>populus</strong></span> <span class='ocrx_word' id='word_1_152' title='bbox 2068 1861 2154 1913; x_wconf 88' lang='lat' dir='ltr'><strong>ille</strong></span> 
     </span>
    </p>
   </div>
   <div class='ocr_carea' id='block_1_22' title="bbox 589 1927 2154 1998">
    <p class='ocr_par' dir='ltr' id='par_1_22' title="bbox 589 1927 2154 1998">
     <span class='ocr_line' id='line_1_22' title="bbox 589 1927 2154 1998; baseline 0.003 -21"><span class='ocrx_word' id='word_1_153' title='bbox 589 1930 674 1997; x_wconf 88' lang='lat' dir='ltr'><strong>qui</strong></span> <span class='ocrx_word' id='word_1_154' title='bbox 699 1929 1029 1998; x_wconf 83' lang='lat' dir='ltr'><strong>postmodum</strong></span> <span class='ocrx_word' id='word_1_155' title='bbox 1047 1942 1165 1998; x_wconf 85' lang='lat' dir='ltr'><strong>cum</strong></span> <span class='ocrx_word' id='word_1_156' title='bbox 1185 1927 1299 1997; x_wconf 91' lang='lat' dir='ltr'><strong>ipso</strong></span> <span class='ocrx_word' id='word_1_157' title='bbox 1325 1927 1650 1998; x_wconf 80' lang='lat' dir='ltr'><strong>Antichristo</strong></span> <span class='ocrx_word' id='word_1_158' title='bbox 1670 1936 1748 1998; x_wconf 84' lang='lat' dir='ltr'><strong>est</strong></span> <span class='ocrx_word' id='word_1_159' title='bbox 1765 1927 1990 1983; x_wconf 91' lang='lat' dir='ltr'><strong>futurus:</strong></span> <span class='ocrx_word' id='word_1_160' title='bbox 2011 1939 2154 1982; x_wconf 89' lang='lat' dir='ltr'><strong>recte</strong></span> 
     </span>
    </p>
   </div>
   <div class='ocr_carea' id='block_1_23' title="bbox 587 1996 2153 2067">
    <p class='ocr_par' dir='ltr' id='par_1_23' title="bbox 587 1996 2153 2067">
     <span class='ocr_line' id='line_1_23' title="bbox 587 1996 2153 2067; baseline 0.001 -17"><span class='ocrx_word' id='word_1_161' title='bbox 587 1996 851 2052; x_wconf 79' lang='lat' dir='ltr'><strong>exercitus</strong></span> <span class='ocrx_word' id='word_1_162' title='bbox 868 1997 1174 2067; x_wconf 92' lang='lat' dir='ltr'><strong>intelligitur</strong></span> <span class='ocrx_word' id='word_1_163' title='bbox 1192 1996 1310 2067; x_wconf 82' lang='lat' dir='ltr'><strong>esse</strong></span> <span class='ocrx_word' id='word_1_164' title='bbox 1329 1996 1655 2050; x_wconf 86' lang='lat' dir='ltr'><strong>Antichristi.</strong></span> <span class='ocrx_word' id='word_1_165' title='bbox 1687 1997 1752 2051; x_wconf 84' lang='lat' dir='ltr'><strong>Et</strong></span> <span class='ocrx_word' id='word_1_166' title='bbox 1769 1999 1848 2052; x_wconf 89' lang='lat' dir='ltr'><strong>sic</strong></span> <span class='ocrx_word' id='word_1_167' title='bbox 1883 1997 2153 2066; x_wconf 58' lang='lat' dir='ltr'><strong>prophetat</strong></span> 
     </span>
    </p>
   </div>
   <div class='ocr_carea' id='block_1_24' title="bbox 589 2066 2154 2136">
    <p class='ocr_par' dir='ltr' id='par_1_24' title="bbox 589 2066 2154 2136">
     <span class='ocr_line' id='line_1_24' title="bbox 589 2066 2154 2136; baseline 0.002 -19"><span class='ocrx_word' id='word_1_168' title='bbox 589 2068 744 2121; x_wconf 82' lang='lat' dir='ltr'><strong>verba</strong></span> <span class='ocrx_word' id='word_1_169' title='bbox 772 2066 1065 2136; x_wconf 86' lang='lat' dir='ltr'><strong>signiﬁcant</strong></span> <span class='ocrx_word' id='word_1_170' title='bbox 1083 2066 1246 2136; x_wconf 77' lang='lat' dir='ltr'><strong>magis</strong></span> <span class='ocrx_word' id='word_1_171' title='bbox 1258 2066 1322 2120; x_wconf 93' lang='lat' dir='ltr'><strong>de</strong></span> <span class='ocrx_word' id='word_1_172' title='bbox 1338 2067 1789 2136; x_wconf 72' lang='lat' dir='ltr'><strong>consummatione</strong></span> <span class='ocrx_word' id='word_1_173' title='bbox 1803 2068 2006 2122; x_wconf 90' lang='lat' dir='ltr'><strong>mundi:</strong></span> <span class='ocrx_word' id='word_1_174' title='bbox 2031 2083 2154 2136; x_wconf 83' lang='lat' dir='ltr'><strong>pro-</strong></span> 
     </span>
    </p>
   </div>
   <div class='ocr_carea' id='block_1_25' title="bbox 590 2134 2151 2207">
    <p class='ocr_par' dir='ltr' id='par_1_25' title="bbox 590 2134 2151 2207">
     <span class='ocr_line' id='line_1_25' title="bbox 590 2134 2151 2207; baseline 0.001 -19"><span class='ocrx_word' id='word_1_175' title='bbox 590 2134 986 2207; x_wconf 66' lang='lat' dir='ltr'><strong>pbetia_t§men.</strong></span> <span class='ocrx_word' id='word_1_176' title='bbox 1011 2136 1145 2192; x_wconf 89' lang='lat' dir='ltr'><strong>sicut</strong></span> <span class='ocrx_word' id='word_1_177' title='bbox 1173 2135 1341 2207; x_wconf 77' lang='lat' dir='ltr'><strong>docet</strong></span> <span class='ocrx_word' id='word_1_178' title='bbox 1359 2134 1626 2207; x_wconf 80' lang='lat' dir='ltr'><strong>Christus,</strong></span> <span class='ocrx_word' id='word_1_179' title='bbox 1655 2137 1718 2190; x_wconf 90' lang='lat' dir='ltr'><strong>ad</strong></span> <span class='ocrx_word' id='word_1_180' title='bbox 1759 2134 2047 2207; x_wconf 79' lang='lat' dir='ltr'><strong>utrumque</strong></span> <span class='ocrx_word' id='word_1_181' title='bbox 2070 2147 2151 2192; x_wconf 91' lang='lat' dir='ltr'><strong>est</strong></span> 
     </span>
    </p>
   </div>
   <div class='ocr_carea' id='block_1_26' title="bbox 587 2205 2152 2276">
    <p class='ocr_par' dir='ltr' id='par_1_26' title="bbox 587 2205 2152 2276">
     <span class='ocr_line' id='line_1_26' title="bbox 587 2205 2152 2276; baseline -0.001 -17"><span class='ocrx_word' id='word_1_182' title='bbox 587 2207 744 2260; x_wconf 81' lang='lat' dir='ltr'><strong>dicta.</strong></span> <span class='ocrx_word' id='word_1_183' title='bbox 763 2205 897 2260; x_wconf 89' lang='lat' dir='ltr'><strong>Sunt</strong></span> <span class='ocrx_word' id='word_1_184' title='bbox 921 2215 1098 2260; x_wconf 86' lang='lat' dir='ltr'><strong>autem</strong></span> <span class='ocrx_word' id='word_1_185' title='bbox 1116 2205 1273 2276; x_wconf 76' lang='lat' dir='ltr'><strong>verba</strong></span> <span class='ocrx_word' id='word_1_186' title='bbox 1291 2205 1376 2258; x_wconf 88' lang='lat' dir='ltr'><strong>illa</strong></span> <span class='ocrx_word' id='word_1_187' title='bbox 1403 2206 1497 2276; x_wconf 83' lang='lat' dir='ltr'><strong>sic:</strong></span> <span class='ocrx_word' id='word_1_188' title='bbox 1518 2205 1582 2258; x_wconf 83' lang='grc' dir='ltr'><strong>1η</strong></span> <span class='ocrx_word' id='word_1_189' title='bbox 1601 2207 1806 2259; x_wconf 88' lang='lat' dir='ltr'><strong>dimidio</strong></span> <span class='ocrx_word' id='word_1_190' title='bbox 1823 2205 2019 2276; x_wconf 79' lang='lat' dir='ltr'><strong>septimi</strong></span> <span class='ocrx_word' id='word_1_191' title='bbox 2033 2207 2152 2259; x_wconf 88' lang='lat' dir='ltr'><strong>anni</strong></span> 
     </span>
    </p>
   </div>
   <div class='ocr_carea' id='block_1_27' title="bbox 586 2275 2152 2345">
    <p class='ocr_par' dir='ltr' id='par_1_27' title="bbox 586 2275 2152 2345">
     <span class='ocr_line' id='line_1_27' title="bbox 586 2275 2152 2345; baseline 0 -18"><span class='ocrx_word' id='word_1_192' title='bbox 586 2276 967 2345; x_wconf 77' lang='lat' dir='ltr'><strong>aufereturjuge</strong></span> <span class='ocrx_word' id='word_1_193' title='bbox 981 2276 1111 2329; x_wconf 88' lang='lat' dir='ltr'><strong>sacri</strong></span> <span class='ocrx_word' id='word_1_194' title='bbox 1117 2275 1370 2345; x_wconf 77' lang='lat' dir='ltr'><strong>ﬁcium,et</strong></span> <span class='ocrx_word' id='word_1_195' title='bbox 1382 2275 1684 2327; x_wconf 88' lang='lat' dir='ltr'><strong>abominatio</strong></span> <span class='ocrx_word' id='word_1_196' title='bbox 1702 2276 2020 2329; x_wconf 86' lang='lat' dir='ltr'><strong>desolationis</strong></span> <span class='ocrx_word' id='word_1_197' title='bbox 2048 2286 2152 2329; x_wconf 86' lang='lat' dir='ltr'><strong>sta-</strong></span> 
     </span>
    </p>
   </div>
   <div class='ocr_carea' id='block_1_28' title="bbox 588 2343 2151 2413">
    <p class='ocr_par' dir='ltr' id='par_1_28' title="bbox 588 2343 2151 2413">
     <span class='ocr_line' id='line_1_28' title="bbox 588 2343 2151 2413; baseline 0.001 -16"><span class='ocrx_word' id='word_1_198' title='bbox 588 2343 665 2398; x_wconf 84' lang='lat' dir='ltr'><strong>bit</strong></span> <span class='ocrx_word' id='word_1_199' title='bbox 687 2347 738 2398; x_wconf 91' lang='lat' dir='ltr'><strong>in</strong></span> <span class='ocrx_word' id='word_1_200' title='bbox 767 2343 872 2398; x_wconf 83' lang='lat' dir='ltr'><strong>loco</strong></span> <span class='ocrx_word' id='word_1_201' title='bbox 891 2343 1079 2404; x_wconf 73' lang='lat' dir='ltr'><strong>sancto.</strong></span> <span class='ocrx_word' id='word_1_202' title='bbox 1098 2343 1327 2412; x_wconf 96' lang='lat' dir='ltr'><strong>usquead</strong></span> <span class='ocrx_word' id='word_1_203' title='bbox 1343 2347 1811 2398; x_wconf 75' lang='lat' dir='ltr'><strong>consummationem</strong></span> <span class='ocrx_word' id='word_1_204' title='bbox 1834 2347 2088 2413; x_wconf 80' lang='lat' dir='ltr'><strong>temporis.</strong></span> <span class='ocrx_word' id='word_1_205' title='bbox 2104 2355 2151 2399; x_wconf 88' lang='lat' dir='ltr'><strong>et</strong></span> 
     </span>
    </p>
   </div>
   <div class='ocr_carea' id='block_1_29' title="bbox 585 2414 2147 2482">
    <p class='ocr_par' dir='ltr' id='par_1_29' title="bbox 585 2414 2147 2482">
     <span class='ocr_line' id='line_1_29' title="bbox 585 2414 2147 2482; baseline 0 -15"><span class='ocrx_word' id='word_1_206' title='bbox 585 2416 943 2468; x_wconf 86' lang='lat' dir='ltr'><strong>consummatio</strong></span> <span class='ocrx_word' id='word_1_207' title='bbox 970 2415 1166 2467; x_wconf 85' lang='lat' dir='ltr'><strong>dabitur</strong></span> <span class='ocrx_word' id='word_1_208' title='bbox 1209 2430 1359 2482; x_wconf 82' lang='lat' dir='ltr'><strong>super</strong></span> <span class='ocrx_word' id='word_1_209' title='bbox 1401 2414 1720 2467; x_wconf 81' lang='lat' dir='ltr'><strong>solitudinem</strong></span> <span class='ocrx_word' id='word_1_210' title='bbox 1763 2414 1924 2482; x_wconf 90' lang='lat' dir='ltr'><strong>(Dan.</strong></span> <span class='ocrx_word' id='word_1_211' title='bbox 1952 2416 2004 2469; x_wconf 87' lang='lat'><strong>9.</strong></span> <span class='ocrx_word' id='word_1_212' title='bbox 2032 2415 2147 2481; x_wconf 75' lang='grc'><strong>27).</strong></span> 
     </span>
    </p>
   </div>
   <div class='ocr_carea' id='block_1_30' title="bbox 586 2482 2148 2538">
    <p class='ocr_par' dir='ltr' id='par_1_30' title="bbox 586 2482 2148 2538">
     <span class='ocr_line' id='line_1_30' title="bbox 586 2482 2148 2538; baseline 0.001 -1"><span class='ocrx_word' id='word_1_213' title='bbox 586 2483 697 2538; x_wconf 91' lang='lat' dir='ltr'><strong>Illic</strong></span> <span class='ocrx_word' id='word_1_214' title='bbox 723 2486 984 2538; x_wconf 76' lang='lat' dir='ltr'><strong>exercitus</strong></span> <span class='ocrx_word' id='word_1_215' title='bbox 1009 2484 1278 2537; x_wconf 82' lang='lat' dir='ltr'><strong>Romanus</strong></span> <span class='ocrx_word' id='word_1_216' title='bbox 1304 2482 1477 2536; x_wconf 91' lang='lat' dir='ltr'><strong>dictus</strong></span> <span class='ocrx_word' id='word_1_217' title='bbox 1520 2494 1601 2536; x_wconf 88' lang='lat' dir='ltr'><strong>est</strong></span> <span class='ocrx_word' id='word_1_218' title='bbox 1639 2484 1960 2538; x_wconf 89' lang='lat' dir='ltr'><strong>abominatio</strong></span> <span class='ocrx_word' id='word_1_219' title='bbox 1989 2485 2148 2538; x_wconf 91' lang='lat' dir='ltr'><strong>deso-</strong></span> 
     </span>
    </p>
   </div>
   <div class='ocr_carea' id='block_1_31' title="bbox 585 2552 2150 2617">
    <p class='ocr_par' dir='ltr' id='par_1_31' title="bbox 585 2552 2150 2617">
     <span class='ocr_line' id='line_1_31' title="bbox 585 2552 2150 2617; baseline 0 -11"><span class='ocrx_word' id='word_1_220' title='bbox 585 2555 794 2608; x_wconf 88' lang='lat' dir='ltr'><strong>lationis</strong></span> <span class='ocrx_word' id='word_1_221' title='bbox 817 2595 832 2617; x_wconf 94' lang='lat'><strong>,</strong></span> <span class='ocrx_word' id='word_1_222' title='bbox 869 2558 986 2617; x_wconf 87' lang='lat' dir='ltr'><strong>quia</strong></span> <span class='ocrx_word' id='word_1_223' title='bbox 1019 2554 1083 2607; x_wconf 88' lang='lat' dir='ltr'><strong>ad</strong></span> <span class='ocrx_word' id='word_1_224' title='bbox 1128 2552 1507 2607; x_wconf 87' lang='lat' dir='ltr'><strong>desolationem</strong></span> <span class='ocrx_word' id='word_1_225' title='bbox 1536 2554 1843 2608; x_wconf 87' lang='lat' dir='ltr'><strong>redacturus</strong></span> <span class='ocrx_word' id='word_1_226' title='bbox 1873 2553 2150 2609; x_wconf 69' lang='lat' dir='ltr'><strong>fueratin-</strong></span> 
     </span>
    </p>
   </div>
   <div class='ocr_carea' id='block_1_32' title="bbox 583 2621 2150 2679">
    <p class='ocr_par' dir='ltr' id='par_1_32' title="bbox 583 2621 2150 2679">
     <span class='ocr_line' id='line_1_32' title="bbox 583 2621 2150 2679; baseline -0.002 -1"><span class='ocrx_word' id='word_1_227' title='bbox 583 2625 789 2678; x_wconf 87' lang='lat' dir='ltr'><strong>daieum</strong></span> <span class='ocrx_word' id='word_1_228' title='bbox 820 2621 1017 2679; x_wconf 91' lang='lat' dir='ltr'><strong>cultum</strong></span> <span class='ocrx_word' id='word_1_229' title='bbox 1063 2641 1075 2676; x_wconf 91' lang='lat'>:</span> <span class='ocrx_word' id='word_1_230' title='bbox 1105 2621 1191 2677; x_wconf 89' lang='lat' dir='ltr'><strong>hic</strong></span> <span class='ocrx_word' id='word_1_231' title='bbox 1217 2631 1392 2676; x_wconf 90' lang='lat' dir='ltr'><strong>autem</strong></span> <span class='ocrx_word' id='word_1_232' title='bbox 1432 2622 1787 2678; x_wconf 85' lang='lat' dir='ltr'><strong>Autichristus</strong></span> <span class='ocrx_word' id='word_1_233' title='bbox 1831 2624 2021 2678; x_wconf 90' lang='lat' dir='ltr'><strong>dicitur</strong></span> <span class='ocrx_word' id='word_1_234' title='bbox 2058 2625 2150 2676; x_wconf 83' lang='lat' dir='ltr'><strong>ab-</strong></span> 
     </span>
    </p>
   </div>
   <div class='ocr_carea' id='block_1_33' title="bbox 583 2692 2147 2760">
    <p class='ocr_par' dir='ltr' id='par_1_33' title="bbox 583 2692 2147 2760">
     <span class='ocr_line' id='line_1_33' title="bbox 583 2692 2147 2760; baseline -0.001 -13"><span class='ocrx_word' id='word_1_235' title='bbox 583 2693 836 2747; x_wconf 69' lang='lat' dir='ltr'><strong>OliliIIJIIO</strong></span> <span class='ocrx_word' id='word_1_236' title='bbox 865 2693 1206 2748; x_wconf 89' lang='lat' dir='ltr'><strong>desolationis</strong></span> <span class='ocrx_word' id='word_1_237' title='bbox 1229 2733 1242 2752; x_wconf 85' lang='lat'><strong>,</strong></span> <span class='ocrx_word' id='word_1_238' title='bbox 1267 2693 1386 2760; x_wconf 89' lang='lat' dir='ltr'><strong>quia</strong></span> <span class='ocrx_word' id='word_1_239' title='bbox 1420 2694 1704 2746; x_wconf 91' lang='lat' dir='ltr'><strong>multorum</strong></span> <span class='ocrx_word' id='word_1_240' title='bbox 1730 2692 2147 2747; x_wconf 89' lang='lat' dir='ltr'><strong>Christianorum</strong></span> 
     </span>
    </p>
   </div>
   <div class='ocr_carea' id='block_1_34' title="bbox 582 2761 2148 2831">
    <p class='ocr_par' dir='ltr' id='par_1_34' title="bbox 582 2761 2148 2831">
     <span class='ocr_line' id='line_1_34' title="bbox 582 2761 2148 2831; baseline -0.001 -14"><span class='ocrx_word' id='word_1_241' title='bbox 582 2764 786 2818; x_wconf 83' lang='lat' dir='ltr'><strong>animas</strong></span> <span class='ocrx_word' id='word_1_242' title='bbox 832 2762 1064 2816; x_wconf 86' lang='lat' dir='ltr'><strong>facturus</strong></span> <span class='ocrx_word' id='word_1_243' title='bbox 1090 2773 1170 2815; x_wconf 91' lang='lat' dir='ltr'><strong>est</strong></span> <span class='ocrx_word' id='word_1_244' title='bbox 1207 2761 1470 2815; x_wconf 88' lang='lat' dir='ltr'><strong>desolatas</strong></span> <span class='ocrx_word' id='word_1_245' title='bbox 1499 2778 1526 2814; x_wconf 92' lang='lat' dir='ltr'><strong>a</strong></span> <span class='ocrx_word' id='word_1_246' title='bbox 1560 2763 1681 2816; x_wconf 85' lang='lat' dir='ltr'><strong>Deo.</strong></span> <span class='ocrx_word' id='word_1_247' title='bbox 1709 2762 1836 2815; x_wconf 79' lang='lat' dir='ltr'><strong>Nam</strong></span> <span class='ocrx_word' id='word_1_248' title='bbox 1867 2773 2148 2831; x_wconf 89' lang='lat' dir='ltr'><strong>antequam</strong></span> 
     </span>
    </p>
   </div>
   <div class='ocr_carea' id='block_1_35' title="bbox 581 2831 2150 2901">
    <p class='ocr_par' dir='ltr' id='par_1_35' title="bbox 581 2831 2150 2901">
     <span class='ocr_line' id='line_1_35' title="bbox 581 2831 2150 2901; baseline -0.001 -15"><span class='ocrx_word' id='word_1_249' title='bbox 581 2842 832 2901; x_wconf 85' lang='lat' dir='ltr'><strong>caperent</strong></span> <span class='ocrx_word' id='word_1_250' title='bbox 855 2832 1078 2887; x_wconf 81' lang='lat' dir='ltr'><strong>Romani</strong></span> <span class='ocrx_word' id='word_1_251' title='bbox 1106 2831 1398 2886; x_wconf 78' lang='lat' dir='ltr'><strong>Jerusalem</strong></span> <span class='ocrx_word' id='word_1_252' title='bbox 1425 2870 1440 2896; x_wconf 97' lang='lat'><strong>,</strong></span> <span class='ocrx_word' id='word_1_253' title='bbox 1485 2831 1535 2883; x_wconf 90' lang='lat' dir='ltr'><strong>in</strong></span> <span class='ocrx_word' id='word_1_254' title='bbox 1565 2831 1782 2885; x_wconf 90' lang='lat' dir='ltr'><strong>dimidio</strong></span> <span class='ocrx_word' id='word_1_255' title='bbox 1807 2832 2150 2887; x_wconf 85' lang='lat' dir='ltr'><strong>hebdomadis</strong></span> 
     </span>
    </p>
   </div>
   <div class='ocr_carea' id='block_1_36' title="bbox 582 2900 2148 2982">
    <p class='ocr_par' dir='ltr' id='par_1_36' title="bbox 582 2900 2148 2982">
     <span class='ocr_line' id='line_1_36' title="bbox 582 2900 2148 2982; baseline -0.002 -24"><span class='ocrx_word' id='word_1_256' title='bbox 582 2900 826 2982; x_wconf 65' lang='lat' dir='ltr'><strong>Christus</strong></span> <span class='ocrx_word' id='word_1_257' title='bbox 855 2917 1123 2982; x_wconf 70' lang='lat' dir='ltr'><strong>pet-suam</strong></span> <span class='ocrx_word' id='word_1_258' title='bbox 1155 2901 1446 2982; x_wconf 67' lang='lat' dir='ltr'><strong>doctrinam</strong></span> <span class='ocrx_word' id='word_1_259' title='bbox 1479 2900 1691 2982; x_wconf 10' lang='lat' dir='ltr'><strong>tnlitgde</strong></span> <span class='ocrx_word' id='word_1_260' title='bbox 1712 2901 2031 2982; x_wconf 23' lang='lat' dir='ltr'><strong>medioljuge</strong></span> <span class='ocrx_word' id='word_1_261' title='bbox 2058 2917 2148 2955; x_wconf 84' lang='lat' dir='ltr'><strong>sa-</strong></span> 
     </span>
    </p>
   </div>
   <div class='ocr_carea' id='block_1_37' title="bbox 582 2970 2146 3027">
    <p class='ocr_par' dir='ltr' id='par_1_37' title="bbox 582 2970 2146 3027">
     <span class='ocr_line' id='line_1_37' title="bbox 582 2970 2146 3027; baseline -0.002 0"><span class='ocrx_word' id='word_1_262' title='bbox 582 2973 836 3027; x_wconf 84' lang='lat' dir='ltr'><strong>criftcium</strong></span> <span class='ocrx_word' id='word_1_263' title='bbox 857 2970 1200 3026; x_wconf 54' lang='lat' dir='ltr'><strong>&#39;Judzeorum.</strong></span> <span class='ocrx_word' id='word_1_264' title='bbox 1230 2971 1357 3024; x_wconf 84' lang='lat' dir='ltr'><strong>Nam</strong></span> <span class='ocrx_word' id='word_1_265' title='bbox 1391 2970 1584 3024; x_wconf 90' lang='lat' dir='ltr'><strong>dicitur</strong></span> <span class='ocrx_word' id='word_1_266' title='bbox 1609 2971 1775 3023; x_wconf 90' lang='lat' dir='ltr'><strong>tribus</strong></span> <span class='ocrx_word' id='word_1_267' title='bbox 1801 2970 1953 3024; x_wconf 89' lang='lat' dir='ltr'><strong>annis</strong></span> <span class='ocrx_word' id='word_1_268' title='bbox 1977 2970 2034 3025; x_wconf 83' lang='lat' dir='ltr'><strong>et</strong></span> <span class='ocrx_word' id='word_1_269' title='bbox 2054 2987 2146 3026; x_wconf 81' lang='lat' dir='ltr'><strong>sex</strong></span> 
     </span>
    </p>
   </div>
   <div class='ocr_carea' id='block_1_38' title="bbox 586 3039 2148 3108">
    <p class='ocr_par' dir='ltr' id='par_1_38' title="bbox 586 3039 2148 3108">
     <span class='ocr_line' id='line_1_38' title="bbox 586 3039 2148 3108; baseline 0.001 -14"><span class='ocrx_word' id='word_1_270' title='bbox 586 3043 856 3098; x_wconf 89' lang='lat' dir='ltr'><strong>mensibus</strong></span> <span class='ocrx_word' id='word_1_271' title='bbox 890 3042 1150 3102; x_wconf 87' lang='lat' dir='ltr'><strong>docuisse,</strong></span> <span class='ocrx_word' id='word_1_272' title='bbox 1175 3043 1261 3108; x_wconf 89' lang='lat' dir='ltr'><strong>qni</strong></span> <span class='ocrx_word' id='word_1_273' title='bbox 1304 3056 1554 3094; x_wconf 87' lang='lat' dir='ltr'><strong>numerus</strong></span> <span class='ocrx_word' id='word_1_274' title='bbox 1597 3040 1717 3094; x_wconf 82' lang='lat' dir='ltr'><strong>facit</strong></span> <span class='ocrx_word' id='word_1_275' title='bbox 1748 3039 2023 3095; x_wconf 88' lang='lat' dir='ltr'><strong>dintidium</strong></span> <span class='ocrx_word' id='word_1_276' title='bbox 2063 3055 2148 3095; x_wconf 90' lang='lat' dir='ltr'><strong>se-</strong></span> 
     </span>
    </p>
   </div>
   <div class='ocr_carea' id='block_1_39' title="bbox 582 3110 2149 3180">
    <p class='ocr_par' dir='ltr' id='par_1_39' title="bbox 582 3110 2149 3180">
     <span class='ocr_line' id='line_1_39' title="bbox 582 3110 2149 3180; baseline -0.001 -15"><span class='ocrx_word' id='word_1_277' title='bbox 582 3122 724 3180; x_wconf 89' lang='lat' dir='ltr'><strong>ptem</strong></span> <span class='ocrx_word' id='word_1_278' title='bbox 747 3127 1021 3173; x_wconf 89' lang='lat' dir='ltr'><strong>annornm,</strong></span> <span class='ocrx_word' id='word_1_279' title='bbox 1042 3121 1099 3165; x_wconf 93' lang='lat' dir='ltr'><strong>ut</strong></span> <span class='ocrx_word' id='word_1_280' title='bbox 1123 3111 1248 3164; x_wconf 87' lang='lat' dir='ltr'><strong>illud</strong></span> <span class='ocrx_word' id='word_1_281' title='bbox 1267 3110 1596 3173; x_wconf 90' lang='lat' dir='ltr'><strong>sacriﬁcium,</strong></span> <span class='ocrx_word' id='word_1_282' title='bbox 1615 3112 1750 3178; x_wconf 88' lang='lat' dir='ltr'><strong>quod</strong></span> <span class='ocrx_word' id='word_1_283' title='bbox 1769 3113 1962 3178; x_wconf 76' lang='lat' dir='ltr'><strong>jugiter</strong></span> <span class='ocrx_word' id='word_1_284' title='bbox 1982 3110 2149 3164; x_wconf 82' lang='lat' dir='ltr'><strong>fuerat</strong></span> 
     </span>
    </p>
   </div>
   <div class='ocr_carea' id='block_1_40' title="bbox 583 3180 2144 3244">
    <p class='ocr_par' dir='ltr' id='par_1_40' title="bbox 583 3180 2144 3244">
     <span class='ocr_line' id='line_1_40' title="bbox 583 3180 2144 3244; baseline -0.003 -8"><span class='ocrx_word' id='word_1_285' title='bbox 583 3184 636 3236; x_wconf 90' lang='lat' dir='ltr'><strong>in</strong></span> <span class='ocrx_word' id='word_1_286' title='bbox 669 3198 785 3244; x_wconf 84' lang='lat' dir='ltr'><strong>usu,</strong></span> <span class='ocrx_word' id='word_1_287' title='bbox 817 3183 1087 3236; x_wconf 88' lang='lat' dir='ltr'><strong>tolleretur</strong></span> <span class='ocrx_word' id='word_1_288' title='bbox 1112 3181 1176 3234; x_wconf 87' lang='lat' dir='ltr'><strong>de</strong></span> <span class='ocrx_word' id='word_1_289' title='bbox 1203 3180 1406 3242; x_wconf 90' lang='lat' dir='ltr'><strong>medio,</strong></span> <span class='ocrx_word' id='word_1_290' title='bbox 1436 3189 1489 3233; x_wconf 88' lang='lat' dir='ltr'><strong>et</strong></span> <span class='ocrx_word' id='word_1_291' title='bbox 1519 3180 1800 3235; x_wconf 72' lang='lat' dir='ltr'><strong>offerretur</strong></span> <span class='ocrx_word' id='word_1_292' title='bbox 1829 3181 2144 3234; x_wconf 88' lang='lat' dir='ltr'><strong>sacriﬁcium</strong></span> 
     </span>
    </p>
   </div>
   <div class='ocr_carea' id='block_1_41' title="bbox 581 3250 2148 3316">
    <p class='ocr_par' dir='ltr' id='par_1_41' title="bbox 581 3250 2148 3316">
     <span class='ocr_line' id='line_1_41' title="bbox 581 3250 2148 3316; baseline -0.001 -12"><span class='ocrx_word' id='word_1_293' title='bbox 581 3252 754 3305; x_wconf 83' lang='lat' dir='ltr'><strong>laudis</strong></span> <span class='ocrx_word' id='word_1_294' title='bbox 782 3253 831 3304; x_wconf 88' lang='lat' dir='ltr'><strong>itt</strong></span> <span class='ocrx_word' id='word_1_295' title='bbox 860 3265 1008 3310; x_wconf 87' lang='lat' dir='ltr'><strong>voce.</strong></span> <span class='ocrx_word' id='word_1_296' title='bbox 1052 3258 1105 3303; x_wconf 91' lang='lat' dir='ltr'><strong>et</strong></span> <span class='ocrx_word' id='word_1_297' title='bbox 1126 3250 1439 3304; x_wconf 83' lang='lat' dir='ltr'><strong>saeriﬁcium</strong></span> <span class='ocrx_word' id='word_1_298' title='bbox 1465 3250 1684 3313; x_wconf 73' lang='lat' dir='ltr'><strong>iustitia:</strong></span> <span class='ocrx_word' id='word_1_299' title='bbox 1717 3251 1765 3302; x_wconf 92' lang='lat' dir='ltr'><strong>in</strong></span> <span class='ocrx_word' id='word_1_300' title='bbox 1789 3251 2035 3316; x_wconf 88' lang='lat' dir='ltr'><strong>operibus</strong></span> <span class='ocrx_word' id='word_1_301' title='bbox 2058 3291 2072 3314; x_wconf 95' lang='lat'><strong>,</strong></span> <span class='ocrx_word' id='word_1_302' title='bbox 2096 3260 2148 3303; x_wconf 90' lang='lat' dir='ltr'><strong>et</strong></span> 
     </span>
    </p>
   </div>
   <div class='ocr_carea' id='block_1_42' title="bbox 583 3317 2144 3388">
    <p class='ocr_par' dir='ltr' id='par_1_42' title="bbox 583 3317 2144 3388">
     <span class='ocr_line' id='line_1_42' title="bbox 583 3317 2144 3388; baseline -0.003 -13"><span class='ocrx_word' id='word_1_303' title='bbox 583 3320 901 3375; x_wconf 78' lang='lat' dir='ltr'><strong>Sacriﬁcium</strong></span> <span class='ocrx_word' id='word_1_304' title='bbox 933 3320 1072 3386; x_wconf 88' lang='lat' dir='ltr'><strong>pacis</strong></span> <span class='ocrx_word' id='word_1_305' title='bbox 1110 3334 1204 3386; x_wconf 89' lang='lat' dir='ltr'><strong>per</strong></span> <span class='ocrx_word' id='word_1_306' title='bbox 1253 3317 1644 3388; x_wconf 85' lang='lat' dir='ltr'><strong>eucharistiam.</strong></span> <span class='ocrx_word' id='word_1_307' title='bbox 1680 3319 1854 3388; x_wconf 85' lang='lat' dir='ltr'><strong>Usqu&#39;e</strong></span> <span class='ocrx_word' id='word_1_308' title='bbox 1883 3319 1946 3372; x_wconf 87' lang='lat' dir='ltr'><strong>ad</strong></span> <span class='ocrx_word' id='word_1_309' title='bbox 1989 3320 2144 3372; x_wconf 90' lang='lat' dir='ltr'><strong>ﬁnem</strong></span> 
     </span>
    </p>
   </div>
   <div class='ocr_carea' id='block_1_43' title="bbox 582 3387 2147 3456">
    <p class='ocr_par' dir='ltr' id='par_1_43' title="bbox 582 3387 2147 3456">
     <span class='ocr_line' id='line_1_43' title="bbox 582 3387 2147 3456; baseline -0.001 -13"><span class='ocrx_word' id='word_1_310' title='bbox 582 3400 758 3445; x_wconf 89' lang='lat' dir='ltr'><strong>autem</strong></span> <span class='ocrx_word' id='word_1_311' title='bbox 789 3390 966 3443; x_wconf 77' lang='lat' dir='ltr'><strong>saeculi</strong></span> <span class='ocrx_word' id='word_1_312' title='bbox 991 3389 1242 3442; x_wconf 92' lang='lat' dir='ltr'><strong>tumultus</strong></span> <span class='ocrx_word' id='word_1_313' title='bbox 1273 3398 1376 3450; x_wconf 91' lang='lat' dir='ltr'><strong>est,</strong></span> <span class='ocrx_word' id='word_1_314' title='bbox 1406 3388 1525 3456; x_wconf 89' lang='lat' dir='ltr'><strong>quia</strong></span> <span class='ocrx_word' id='word_1_315' title='bbox 1567 3387 1783 3441; x_wconf 72' lang='lat' dir='ltr'><strong>Iudaica</strong></span> <span class='ocrx_word' id='word_1_316' title='bbox 1823 3389 2147 3442; x_wconf 86' lang='lat' dir='ltr'><strong>consuetudo</strong></span> 
     </span>
    </p>
   </div>
   <div class='ocr_carea' id='block_1_44' title="bbox 581 3457 2144 3526">
    <p class='ocr_par' dir='ltr' id='par_1_44' title="bbox 581 3457 2144 3526">
     <span class='ocr_line' id='line_1_44' title="bbox 581 3457 2144 3526; baseline -0.003 -12"><span class='ocrx_word' id='word_1_317' title='bbox 581 3461 648 3515; x_wconf 91' lang='lat' dir='ltr'><strong>de</strong></span> <span class='ocrx_word' id='word_1_318' title='bbox 697 3458 969 3514; x_wconf 83' lang='lat' dir='ltr'><strong>sacriﬁciis</strong></span> <span class='ocrx_word' id='word_1_319' title='bbox 1027 3457 1311 3512; x_wconf 80' lang='lat' dir='ltr'><strong>offerendis</strong></span> <span class='ocrx_word' id='word_1_320' title='bbox 1357 3473 1641 3523; x_wconf 85' lang='lat' dir='ltr'><strong>numquam</strong></span> <span class='ocrx_word' id='word_1_321' title='bbox 1697 3468 1778 3511; x_wconf 89' lang='lat' dir='ltr'><strong>est</strong></span> <span class='ocrx_word' id='word_1_322' title='bbox 1833 3459 2144 3526; x_wconf 82' lang='lat' dir='ltr'><strong>reparanda.</strong></span> 
     </span>
    </p>
   </div>
   <div class='ocr_carea' id='block_1_45' title="bbox 582 3527 2147 3589">
    <p class='ocr_par' dir='ltr' id='par_1_45' title="bbox 582 3527 2147 3589">
     <span class='ocr_line' id='line_1_45' title="bbox 582 3527 2147 3589; baseline -0.001 -6"><span class='ocrx_word' id='word_1_323' title='bbox 582 3533 710 3584; x_wconf 90' lang='lat' dir='ltr'><strong>Item</strong></span> <span class='ocrx_word' id='word_1_324' title='bbox 739 3531 792 3583; x_wconf 92' lang='lat' dir='ltr'><strong>in</strong></span> <span class='ocrx_word' id='word_1_325' title='bbox 822 3527 1037 3582; x_wconf 91' lang='lat' dir='ltr'><strong>dimidio</strong></span> <span class='ocrx_word' id='word_1_326' title='bbox 1068 3527 1430 3589; x_wconf 87' lang='lat' dir='ltr'><strong>hebdomadis,</strong></span> <span class='ocrx_word' id='word_1_327' title='bbox 1470 3529 1567 3579; x_wconf 91' lang='lat' dir='ltr'><strong>hoc</strong></span> <span class='ocrx_word' id='word_1_328' title='bbox 1595 3536 1694 3587; x_wconf 90' lang='lat' dir='ltr'><strong>est,</strong></span> <span class='ocrx_word' id='word_1_329' title='bbox 1728 3529 1892 3581; x_wconf 89' lang='lat' dir='ltr'><strong>tribus</strong></span> <span class='ocrx_word' id='word_1_330' title='bbox 1921 3531 2072 3581; x_wconf 92' lang='lat' dir='ltr'><strong>annis</strong></span> <span class='ocrx_word' id='word_1_331' title='bbox 2095 3539 2147 3582; x_wconf 89' lang='lat' dir='ltr'><strong>et</strong></span> 
     </span>
    </p>
   </div>
   <div class='ocr_carea' id='block_1_46' title="bbox 583 3595 2148 3657">
    <p class='ocr_par' dir='ltr' id='par_1_46' title="bbox 583 3595 2148 3657">
     <span class='ocr_line' id='line_1_46' title="bbox 583 3595 2148 3657; baseline -0.004 -3"><span class='ocrx_word' id='word_1_332' title='bbox 583 3615 675 3654; x_wconf 78' lang='lat' dir='ltr'><strong>sex</strong></span> <span class='ocrx_word' id='word_1_333' title='bbox 703 3600 993 3657; x_wconf 85' lang='lat' dir='ltr'><strong>mensibus.</strong></span> <span class='ocrx_word' id='word_1_334' title='bbox 1027 3598 1125 3650; x_wconf 90' lang='lat' dir='ltr'><strong>hoc</strong></span> <span class='ocrx_word' id='word_1_335' title='bbox 1156 3598 1465 3651; x_wconf 76' lang='lat' dir='ltr'><strong>sacriﬁcium</strong></span> <span class='ocrx_word' id='word_1_336' title='bbox 1498 3595 1915 3650; x_wconf 85' lang='lat' dir='ltr'><strong>Christianorum</strong></span> <span class='ocrx_word' id='word_1_337' title='bbox 1968 3600 2148 3650; x_wconf 82' lang='lat' dir='ltr'><strong>tollen-</strong></span> 
     </span>
    </p>
   </div>
   <div class='ocr_carea' id='block_1_47' title="bbox 582 3666 2146 3734">
    <p class='ocr_par' dir='ltr' id='par_1_47' title="bbox 582 3666 2146 3734">
     <span class='ocr_line' id='line_1_47' title="bbox 582 3666 2146 3734; baseline -0.002 -12"><span class='ocrx_word' id='word_1_338' title='bbox 582 3671 705 3722; x_wconf 86' lang='lat' dir='ltr'><strong>dunt</strong></span> <span class='ocrx_word' id='word_1_339' title='bbox 735 3680 814 3722; x_wconf 87' lang='lat' dir='ltr'><strong>est</strong></span> <span class='ocrx_word' id='word_1_340' title='bbox 865 3669 931 3721; x_wconf 91' lang='lat' dir='ltr'><strong>ab</strong></span> <span class='ocrx_word' id='word_1_341' title='bbox 984 3666 1306 3719; x_wconf 81' lang='lat' dir='ltr'><strong>Antichristo</strong></span> <span class='ocrx_word' id='word_1_342' title='bbox 1334 3708 1348 3729; x_wconf 87' lang='lat'><strong>,</strong></span> <span class='ocrx_word' id='word_1_343' title='bbox 1381 3668 1802 3734; x_wconf 80' lang='lat' dir='ltr'><strong>cunfugicnlihns</strong></span> <span class='ocrx_word' id='word_1_344' title='bbox 1833 3668 2146 3720; x_wconf 83' lang='lat' dir='ltr'><strong>Christianis</strong></span> 
     </span>
    </p>
   </div>
   <div class='ocr_carea' id='block_1_48' title="bbox 584 3736 2147 3805">
    <p class='ocr_par' dir='ltr' id='par_1_48' title="bbox 584 3736 2147 3805">
     <span class='ocr_line' id='line_1_48' title="bbox 584 3736 2147 3805; baseline -0.001 -15"><span class='ocrx_word' id='word_1_345' title='bbox 584 3750 707 3794; x_wconf 90' lang='lat' dir='ltr'><strong>ante</strong></span> <span class='ocrx_word' id='word_1_346' title='bbox 730 3754 848 3790; x_wconf 90' lang='lat' dir='ltr'><strong>eum</strong></span> <span class='ocrx_word' id='word_1_347' title='bbox 879 3753 970 3805; x_wconf 89' lang='lat' dir='ltr'><strong>per</strong></span> <span class='ocrx_word' id='word_1_348' title='bbox 1001 3737 1112 3790; x_wconf 87' lang='lat' dir='ltr'><strong>loca</strong></span> <span class='ocrx_word' id='word_1_349' title='bbox 1140 3736 1345 3789; x_wconf 88' lang='lat' dir='ltr'><strong>deserta</strong></span> <span class='ocrx_word' id='word_1_350' title='bbox 1374 3755 1384 3787; x_wconf 91' lang='lat'><strong>:</strong></span> <span class='ocrx_word' id='word_1_351' title='bbox 1411 3751 1513 3805; x_wconf 70' lang='lat' dir='ltr'><strong>non</strong></span> <span class='ocrx_word' id='word_1_352' title='bbox 1543 3738 1642 3805; x_wconf 86' lang='lat' dir='ltr'><strong>erit</strong></span> <span class='ocrx_word' id='word_1_353' title='bbox 1668 3738 1754 3802; x_wconf 87' lang='lat' dir='ltr'><strong>qui</strong></span> <span class='ocrx_word' id='word_1_354' title='bbox 1786 3747 1874 3788; x_wconf 91' lang='lat' dir='ltr'><strong>ant</strong></span> <span class='ocrx_word' id='word_1_355' title='bbox 1904 3737 1952 3787; x_wconf 93' lang='lat' dir='ltr'><strong>in</strong></span> <span class='ocrx_word' id='word_1_356' title='bbox 1981 3738 2147 3789; x_wconf 84' lang='lat' dir='ltr'><strong>eccle-</strong></span> 
     </span>
    </p>
   </div>
   <div class='ocr_carea' id='block_1_49' title="bbox 583 3803 2146 3870">
    <p class='ocr_par' dir='ltr' id='par_1_49' title="bbox 583 3803 2146 3870">
     <span class='ocr_line' id='line_1_49' title="bbox 583 3803 2146 3870; baseline -0.003 -8"><span class='ocrx_word' id='word_1_357' title='bbox 583 3812 713 3862; x_wconf 89' lang='lat' dir='ltr'><strong>siam</strong></span> <span class='ocrx_word' id='word_1_358' title='bbox 746 3803 919 3869; x_wconf 84' lang='lat' dir='ltr'><strong>intret,</strong></span> <span class='ocrx_word' id='word_1_359' title='bbox 948 3816 1038 3860; x_wconf 86' lang='lat' dir='ltr'><strong>aut</strong></span> <span class='ocrx_word' id='word_1_360' title='bbox 1067 3805 1386 3860; x_wconf 77' lang='lat' dir='ltr'><strong>oblationem</strong></span> <span class='ocrx_word' id='word_1_361' title='bbox 1413 3803 1598 3857; x_wconf 63' lang='lat' dir='ltr'><strong>oﬁ‘erat</strong></span> <span class='ocrx_word' id='word_1_362' title='bbox 1622 3804 1747 3856; x_wconf 91' lang='lat' dir='ltr'><strong>Deo.</strong></span> <span class='ocrx_word' id='word_1_363' title='bbox 1771 3807 2026 3870; x_wconf 82' lang='lat' dir='ltr'><strong>Quoniam</strong></span> <span class='ocrx_word' id='word_1_364' title='bbox 2049 3821 2146 3858; x_wconf 85' lang='lat' dir='ltr'><strong>an-</strong></span> 
     </span>
    </p>
   </div>
   <div class='ocr_carea' id='block_1_50' title="bbox 585 3874 2145 3939">
    <p class='ocr_par' dir='ltr' id='par_1_50' title="bbox 585 3874 2145 3939">
     <span class='ocr_line' id='line_1_50' title="bbox 585 3874 2145 3939; baseline -0.002 -7"><span class='ocrx_word' id='word_1_365' title='bbox 585 3888 687 3932; x_wconf 79' lang='lat' dir='ltr'><strong>tem</strong></span> <span class='ocrx_word' id='word_1_366' title='bbox 721 3878 884 3930; x_wconf 88' lang='lat' dir='ltr'><strong>tribus</strong></span> <span class='ocrx_word' id='word_1_367' title='bbox 907 3878 1058 3929; x_wconf 91' lang='lat' dir='ltr'><strong>annis</strong></span> <span class='ocrx_word' id='word_1_368' title='bbox 1102 3883 1154 3930; x_wconf 92' lang='lat' dir='ltr'><strong>et</strong></span> <span class='ocrx_word' id='word_1_369' title='bbox 1183 3889 1272 3928; x_wconf 85' lang='lat' dir='ltr'><strong>sex</strong></span> <span class='ocrx_word' id='word_1_370' title='bbox 1313 3874 1582 3928; x_wconf 88' lang='lat' dir='ltr'><strong>mensibus</strong></span> <span class='ocrx_word' id='word_1_371' title='bbox 1614 3875 2026 3939; x_wconf 83' lang='lat' dir='ltr'><strong>protendendum</strong></span> <span class='ocrx_word' id='word_1_372' title='bbox 2067 3885 2145 3929; x_wconf 85' lang='lat' dir='ltr'><strong>est</strong></span> 
     </span>
    </p>
   </div>
   <div class='ocr_carea' id='block_1_51' title="bbox 585 3943 2146 4013">
    <p class='ocr_par' dir='ltr' id='par_1_51' title="bbox 585 3943 2146 4013">
     <span class='ocr_line' id='line_1_51' title="bbox 585 3943 2146 4013; baseline -0.001 -13"><span class='ocrx_word' id='word_1_373' title='bbox 585 3947 889 4001; x_wconf 71' lang='lat' dir='ltr'><strong>Antichristi</strong></span> <span class='ocrx_word' id='word_1_374' title='bbox 910 3961 1148 4013; x_wconf 73' lang='lat' dir='ltr'><strong>regnum,</strong></span> <span class='ocrx_word' id='word_1_375' title='bbox 1170 3944 1632 4011; x_wconf 75' lang='lat' dir='ltr'><strong>nnilta-seripturze</strong></span> <span class='ocrx_word' id='word_1_376' title='bbox 1649 3943 1960 4010; x_wconf 73' lang='lat' dir='ltr'><strong>signiﬁcant,</strong></span> <span class='ocrx_word' id='word_1_377' title='bbox 1983 3962 2030 3996; x_wconf 85' lang='lat' dir='ltr'><strong>in</strong></span> <span class='ocrx_word' id='word_1_378' title='bbox 2052 3947 2146 3998; x_wconf 68' lang='lat' dir='ltr'><strong>txi-</strong></span> 
     </span>
    </p>
   </div>
   <div class='ocr_carea' id='block_1_52' title="bbox 584 4014 2144 4071">
    <p class='ocr_par' dir='ltr' id='par_1_52' title="bbox 584 4014 2144 4071">
     <span class='ocr_line' id='line_1_52' title="bbox 584 4014 2144 4071; baseline -0.002 0"><span class='ocrx_word' id='word_1_379' title='bbox 584 4033 671 4071; x_wconf 87' lang='lat' dir='ltr'><strong>tne</strong></span> <span class='ocrx_word' id='word_1_380' title='bbox 698 4026 869 4071; x_wconf 87' lang='lat' dir='ltr'><strong>tamen</strong></span> <span class='ocrx_word' id='word_1_381' title='bbox 901 4016 952 4070; x_wconf 92' lang='lat' dir='ltr'><strong>in</strong></span> <span class='ocrx_word' id='word_1_382' title='bbox 979 4015 1318 4069; x_wconf 80' lang='lat' dir='ltr'><strong>Revelatione</strong></span> <span class='ocrx_word' id='word_1_383' title='bbox 1339 4028 1431 4067; x_wconf 90' lang='lat' dir='ltr'><strong>sua</strong></span> <span class='ocrx_word' id='word_1_384' title='bbox 1451 4014 1701 4067; x_wconf 86' lang='lat' dir='ltr'><strong>Joannes.</strong></span> <span class='ocrx_word' id='word_1_385' title='bbox 1729 4016 1790 4066; x_wconf 69' lang='lat' dir='ltr'><strong>Et</strong></span> <span class='ocrx_word' id='word_1_386' title='bbox 1811 4015 2144 4068; x_wconf 87' lang='lat' dir='ltr'><strong>solitudinem</strong></span> 
     </span>
    </p>
   </div>
   <div class='ocr_carea' id='block_1_53' title="bbox 583 4081 2148 4150">
    <p class='ocr_par' dir='ltr' id='par_1_53' title="bbox 583 4081 2148 4150">
     <span class='ocr_line' id='line_1_53' title="bbox 583 4081 2148 4150; baseline -0.004 -8"><span class='ocrx_word' id='word_1_387' title='bbox 583 4087 727 4142; x_wconf 84' lang='lat' dir='ltr'><strong>illam</strong></span> <span class='ocrx_word' id='word_1_388' title='bbox 758 4085 1139 4141; x_wconf 85' lang='lat' dir='ltr'><strong>consummatio</strong></span> <span class='ocrx_word' id='word_1_389' title='bbox 1177 4084 1450 4150; x_wconf 78' lang='lat' dir='ltr'><strong>occupavit</strong></span> <span class='ocrx_word' id='word_1_390' title='bbox 1481 4101 1494 4134; x_wconf 88' lang='lat'><strong>:</strong></span> <span class='ocrx_word' id='word_1_391' title='bbox 1546 4081 1680 4134; x_wconf 79' lang='lat' dir='ltr'><strong>Nam</strong></span> <span class='ocrx_word' id='word_1_392' title='bbox 1708 4099 1860 4150; x_wconf 85' lang='lat' dir='ltr'><strong>usque</strong></span> <span class='ocrx_word' id='word_1_393' title='bbox 1904 4085 1954 4134; x_wconf 88' lang='lat' dir='ltr'><strong>in</strong></span> <span class='ocrx_word' id='word_1_394' title='bbox 1997 4085 2148 4149; x_wconf 71' lang='lat' dir='ltr'><strong>liuent</strong></span> 
     </span>
    </p>
   </div>
   <div class='ocr_carea' id='block_1_54' title="bbox 586 4151 2149 4220">
    <p class='ocr_par' dir='ltr' id='par_1_54' title="bbox 586 4151 2149 4220">
     <span class='ocr_line' id='line_1_54' title="bbox 586 4151 2149 4220; baseline -0.003 -9"><span class='ocrx_word' id='word_1_395' title='bbox 586 4155 765 4211; x_wconf 84' lang='lat' dir='ltr'><strong>tenebit</strong></span> <span class='ocrx_word' id='word_1_396' title='bbox 812 4153 1142 4207; x_wconf 80' lang='lat' dir='ltr'><strong>Antichristus</strong></span> <span class='ocrx_word' id='word_1_397' title='bbox 1189 4165 1208 4204; x_wconf 89' lang='lat'><strong><em>:</em></strong></span> <span class='ocrx_word' id='word_1_398' title='bbox 1247 4167 1390 4220; x_wconf 87' lang='lat' dir='ltr'><strong>quem</strong></span> <span class='ocrx_word' id='word_1_399' title='bbox 1419 4151 1661 4204; x_wconf 84' lang='lat' dir='ltr'><strong>Dominus</strong></span> <span class='ocrx_word' id='word_1_400' title='bbox 1715 4152 1862 4205; x_wconf 85' lang='lat' dir='ltr'><strong>Jesus</strong></span> <span class='ocrx_word' id='word_1_401' title='bbox 1888 4154 2149 4213; x_wconf 86' lang='lat' dir='ltr'><strong>inter/iciet</strong></span> 
     </span>
    </p>
   </div>
   <div class='ocr_carea' id='block_1_55' title="bbox 582 4221 2150 4293">
    <p class='ocr_par' dir='ltr' id='par_1_55' title="bbox 582 4221 2150 4293">
     <span class='ocr_line' id='line_1_55' title="bbox 582 4221 2150 4293; baseline 0 -16"><span class='ocrx_word' id='word_1_402' title='bbox 582 4226 762 4292; x_wconf 79' lang='lat' dir='ltr'><strong>spiritu</strong></span> <span class='ocrx_word' id='word_1_403' title='bbox 782 4227 882 4277; x_wconf 85' lang='lat' dir='ltr'><strong>oris</strong></span> <span class='ocrx_word' id='word_1_404' title='bbox 907 4224 984 4276; x_wconf 84' lang='lat' dir='ltr'><strong>sui</strong></span> <span class='ocrx_word' id='word_1_405' title='bbox 1018 4223 1093 4293; x_wconf 63' lang='grc' dir='ltr'><strong>(ἓ.</strong></span> <span class='ocrx_word' id='word_1_406' title='bbox 1115 4221 1291 4293; x_wconf 81' lang='lat' dir='ltr'><strong>Tltess.</strong></span> <span class='ocrx_word' id='word_1_407' title='bbox 1318 4221 1369 4274; x_wconf 75' lang='grc'><strong>2.</strong></span> <span class='ocrx_word' id='word_1_408' title='bbox 1392 4222 1440 4274; x_wconf 92' lang='lat'><strong>7.</strong></span> <span class='ocrx_word' id='word_1_409' title='bbox 1467 4223 1541 4289; x_wconf 88' lang='lat'><strong>8).</strong></span> <span class='ocrx_word' id='word_1_410' title='bbox 1573 4221 1647 4293; x_wconf 9' lang='lat' dir='ltr'><strong>De,</strong></span> <span class='ocrx_word' id='word_1_411' title='bbox 1665 4221 1763 4274; x_wconf 87' lang='lat' dir='ltr'><strong>hoc</strong></span> <span class='ocrx_word' id='word_1_412' title='bbox 1788 4223 1926 4274; x_wconf 91' lang='lat' dir='ltr'><strong>enim</strong></span> <span class='ocrx_word' id='word_1_413' title='bbox 1947 4227 2150 4291; x_wconf 80' lang='lat' dir='ltr'><strong>etApo-</strong></span> 
     </span>
    </p>
   </div>
   <div class='ocr_carea' id='block_1_56' title="bbox 585 4291 2150 4359">
    <p class='ocr_par' dir='ltr' id='par_1_56' title="bbox 585 4291 2150 4359">
     <span class='ocr_line' id='line_1_56' title="bbox 585 4291 2150 4359; baseline -0.001 -12"><span class='ocrx_word' id='word_1_414' title='bbox 585 4291 752 4348; x_wconf 10' lang='lat' dir='ltr'><strong>situlus</strong></span> <span class='ocrx_word' id='word_1_415' title='bbox 780 4297 871 4358; x_wconf 90' lang='lat' dir='ltr'><strong>ait,</strong></span> <span class='ocrx_word' id='word_1_416' title='bbox 895 4291 1074 4346; x_wconf 75' lang='lat' dir='ltr'><strong>dicetis</strong></span> <span class='ocrx_word' id='word_1_417' title='bbox 1099 4311 1110 4344; x_wconf 90' lang='lat'><strong>:</strong></span> <span class='ocrx_word' id='word_1_418' title='bbox 1146 4292 1308 4344; x_wconf 85' lang='lat' dir='ltr'><strong>Nemo</strong></span> <span class='ocrx_word' id='word_1_419' title='bbox 1343 4307 1427 4343; x_wconf 86' lang='lat' dir='ltr'><strong>vos</strong></span> <span class='ocrx_word' id='word_1_420' title='bbox 1455 4291 1707 4343; x_wconf 85' lang='lat' dir='ltr'><strong>conturbet</strong></span> <span class='ocrx_word' id='word_1_421' title='bbox 1733 4306 1750 4342; x_wconf 90' lang='lat'><em>:</em></span> <span class='ocrx_word' id='word_1_422' title='bbox 1777 4293 1893 4359; x_wconf 84' lang='lat' dir='ltr'><strong>quia</strong></span> <span class='ocrx_word' id='word_1_423' title='bbox 1926 4293 2022 4344; x_wconf 79' lang='lat' dir='ltr'><strong>nisi</strong></span> <span class='ocrx_word' id='word_1_424' title='bbox 2069 4309 2150 4345; x_wconf 90' lang='lat' dir='ltr'><strong>ve-</strong></span> 
     </span>
    </p>
   </div>
   <div class='ocr_carea' id='block_1_57' title="bbox 584 4361 2148 4430">
    <p class='ocr_par' dir='ltr' id='par_1_57' title="bbox 584 4361 2148 4430">
     <span class='ocr_line' id='line_1_57' title="bbox 584 4361 2148 4430; baseline -0.004 -11"><span class='ocrx_word' id='word_1_425' title='bbox 584 4363 712 4419; x_wconf 79' lang='lat' dir='ltr'><strong>nerit</strong></span> <span class='ocrx_word' id='word_1_426' title='bbox 738 4363 970 4416; x_wconf 74' lang='lat' dir='ltr'><strong>discessio</strong></span> <span class='ocrx_word' id='word_1_427' title='bbox 1002 4364 1249 4428; x_wconf 88' lang='lat' dir='ltr'><strong>primum,</strong></span> <span class='ocrx_word' id='word_1_428' title='bbox 1289 4370 1333 4413; x_wconf 87' lang='lat' dir='ltr'><strong>et</strong></span> <span class='ocrx_word' id='word_1_429' title='bbox 1373 4361 1613 4412; x_wconf 85' lang='lat' dir='ltr'><strong>revelatus</strong></span> <span class='ocrx_word' id='word_1_430' title='bbox 1655 4362 1805 4428; x_wconf 79' lang='lat' dir='ltr'><strong>fuerit</strong></span> <span class='ocrx_word' id='word_1_431' title='bbox 1843 4361 1990 4413; x_wconf 83' lang='lat' dir='ltr'><strong>homo</strong></span> <span class='ocrx_word' id='word_1_432' title='bbox 2034 4379 2148 4430; x_wconf 85' lang='lat' dir='ltr'><strong>pec-</strong></span> 
     </span>
    </p>
   </div>
   <div class='ocr_carea' id='block_1_58' title="bbox 584 4431 2149 4500">
    <p class='ocr_par' dir='ltr' id='par_1_58' title="bbox 584 4431 2149 4500">
     <span class='ocr_line' id='line_1_58' title="bbox 584 4431 2149 4500; baseline -0.002 -13"><span class='ocrx_word' id='word_1_433' title='bbox 584 4435 703 4495; x_wconf 90' lang='lat' dir='ltr'><strong>cati,</strong></span> <span class='ocrx_word' id='word_1_434' title='bbox 733 4433 872 4500; x_wconf 80' lang='lat' dir='ltr'><strong>[ilius</strong></span> <span class='ocrx_word' id='word_1_435' title='bbox 915 4433 1140 4486; x_wconf 87' lang='lat' dir='ltr'><strong>interitus</strong></span> <span class='ocrx_word' id='word_1_436' title='bbox 1165 4473 1178 4491; x_wconf 87' lang='lat'><strong>.</strong></span> <span class='ocrx_word' id='word_1_437' title='bbox 1209 4432 1292 4499; x_wconf 88' lang='lat' dir='ltr'><strong>qui</strong></span> <span class='ocrx_word' id='word_1_438' title='bbox 1313 4431 1604 4483; x_wconf 85' lang='lat' dir='ltr'><strong>adversatur</strong></span> <span class='ocrx_word' id='word_1_439' title='bbox 1641 4439 1686 4482; x_wconf 91' lang='lat' dir='ltr'><strong>et</strong></span> <span class='ocrx_word' id='word_1_440' title='bbox 1712 4431 1969 4482; x_wconf 67' lang='lat' dir='ltr'><strong>extollitur</strong></span> <span class='ocrx_word' id='word_1_441' title='bbox 1996 4447 2149 4498; x_wconf 86' lang='lat' dir='ltr'><strong>supra</strong></span> 
     </span>
    </p>
   </div>
   <div class='ocr_carea' id='block_1_59' title="bbox 583 4500 2148 4570">
    <p class='ocr_par' dir='ltr' id='par_1_59' title="bbox 583 4500 2148 4570">
     <span class='ocr_line' id='line_1_59' title="bbox 583 4500 2148 4570; baseline -0.002 -14"><span class='ocrx_word' id='word_1_442' title='bbox 583 4519 731 4557; x_wconf 87' lang='lat' dir='ltr'><strong>omne</strong></span> <span class='ocrx_word' id='word_1_443' title='bbox 754 4503 886 4570; x_wconf 89' lang='lat' dir='ltr'><strong>quod</strong></span> <span class='ocrx_word' id='word_1_444' title='bbox 927 4502 1129 4570; x_wconf 21' lang='lat' dir='ltr'><strong>dicitur,</strong></span> <span class='ocrx_word' id='word_1_445' title='bbox 1148 4501 1304 4563; x_wconf 87' lang='lat' dir='ltr'><strong>Deus,</strong></span> <span class='ocrx_word' id='word_1_446' title='bbox 1329 4510 1415 4552; x_wconf 91' lang='lat' dir='ltr'><strong>aut</strong></span> <span class='ocrx_word' id='word_1_447' title='bbox 1461 4500 1594 4570; x_wconf 73' lang='lat' dir='ltr'><strong>quod</strong></span> <span class='ocrx_word' id='word_1_448' title='bbox 1619 4500 1801 4552; x_wconf 85' lang='lat' dir='ltr'><strong>colitur</strong></span> <span class='ocrx_word' id='word_1_449' title='bbox 1828 4539 1841 4562; x_wconf 96' lang='lat'><strong>,</strong></span> <span class='ocrx_word' id='word_1_450' title='bbox 1891 4501 1959 4552; x_wconf 90' lang='lat' dir='ltr'><strong>ita</strong></span> <span class='ocrx_word' id='word_1_451' title='bbox 2004 4511 2055 4552; x_wconf 89' lang='lat' dir='ltr'><strong>ut</strong></span> <span class='ocrx_word' id='word_1_452' title='bbox 2096 4502 2148 4554; x_wconf 89' lang='lat' dir='ltr'><strong>in</strong></span> 
     </span>
    </p>
   </div>
   <div class='ocr_carea' id='block_1_60' title="bbox 584 4568 2143 4642">
    <p class='ocr_par' dir='ltr' id='par_1_60' title="bbox 584 4568 2143 4642">
     <span class='ocr_line' id='line_1_60' title="bbox 584 4568 2143 4642; baseline 0.001 -17"><span class='ocrx_word' id='word_1_453' title='bbox 584 4568 772 4642; x_wconf 84' lang='lat' dir='ltr'><strong>templo</strong></span> <span class='ocrx_word' id='word_1_454' title='bbox 801 4571 897 4626; x_wconf 87' lang='lat' dir='ltr'><strong>Dei</strong></span> <span class='ocrx_word' id='word_1_455' title='bbox 936 4569 1232 4642; x_wconf 15' lang='lat' dir='ltr'><strong>quasirDeus</strong></span> <span class='ocrx_word' id='word_1_456' title='bbox 1259 4570 1424 4642; x_wconf 74' lang='lat' dir='ltr'><strong>sedeat</strong></span> <span class='ocrx_word' id='word_1_457' title='bbox 1448 4568 1626 4642; x_wconf 24' lang='lat' dir='ltr'><strong>Atlbid.</strong></span> <span class='ocrx_word' id='word_1_458' title='bbox 1658 4587 1706 4623; x_wconf 87' lang='lat' dir='ltr'><strong>v.</strong></span> <span class='ocrx_word' id='word_1_459' title='bbox 1727 4572 1777 4624; x_wconf 77' lang='lat'><strong>3.</strong></span> <span class='ocrx_word' id='word_1_460' title='bbox 1798 4571 1879 4642; x_wconf 10' lang='lat'><strong>74);</strong></span> <span class='ocrx_word' id='word_1_461' title='bbox 1903 4580 1956 4642; x_wconf 87' lang='lat' dir='ltr'><strong>et</strong></span> <span class='ocrx_word' id='word_1_462' title='bbox 1979 4570 2143 4642; x_wconf 84' lang='lat' dir='ltr'><strong>addit:</strong></span> 
     </span>
    </p>
   </div>
   <div class='ocr_carea' id='block_1_61' title="bbox 581 4639 2146 4712">
    <p class='ocr_par' dir='ltr' id='par_1_61' title="bbox 581 4639 2146 4712">
     <span class='ocr_line' id='line_1_61' title="bbox 581 4639 2146 4712; baseline -0.001 -17"><span class='ocrx_word' id='word_1_463' title='bbox 581 4639 702 4695; x_wconf 75' lang='lat' dir='ltr'><strong>lam</strong></span> <span class='ocrx_word' id='word_1_464' title='bbox 727 4643 859 4696; x_wconf 85' lang='lat' dir='ltr'><strong>enim</strong></span> <span class='ocrx_word' id='word_1_465' title='bbox 888 4641 1176 4712; x_wconf 78' lang='lat' dir='ltr'><strong>mysterium</strong></span> <span class='ocrx_word' id='word_1_466' title='bbox 1211 4639 1481 4704; x_wconf 85' lang='lat' dir='ltr'><strong>iniquitatis</strong></span> <span class='ocrx_word' id='word_1_467' title='bbox 1520 4650 1756 4712; x_wconf 84' lang='lat' dir='ltr'><strong>operatur</strong></span> <span class='ocrx_word' id='word_1_468' title='bbox 1785 4639 1943 4708; x_wconf 85' lang='lat' dir='ltr'><strong>(Ibid.</strong></span> <span class='ocrx_word' id='word_1_469' title='bbox 1989 4656 2032 4692; x_wconf 85' lang='grc' dir='ltr'><strong>υ.</strong></span> <span class='ocrx_word' id='word_1_470' title='bbox 2055 4641 2146 4712; x_wconf 86' lang='lat'><strong>_7).</strong></span> 
     </span>
    </p>
   </div>
   <div class='ocr_carea' id='block_1_62' title="bbox 586 4710 2146 4780">
    <p class='ocr_par' dir='ltr' id='par_1_62' title="bbox 586 4710 2146 4780">
     <span class='ocr_line' id='line_1_62' title="bbox 586 4710 2146 4780; baseline -0.004 -13"><span class='ocrx_word' id='word_1_471' title='bbox 586 4711 709 4780; x_wconf 87' lang='lat' dir='ltr'><strong>Legi</strong></span> <span class='ocrx_word' id='word_1_472' title='bbox 739 4711 1018 4780; x_wconf 88' lang='lat' dir='ltr'><strong>quemdam</strong></span> <span class='ocrx_word' id='word_1_473' title='bbox 1060 4711 1136 4763; x_wconf 89' lang='lat' dir='ltr'><strong>sic</strong></span> <span class='ocrx_word' id='word_1_474' title='bbox 1175 4718 1525 4780; x_wconf 82' lang='lat' dir='ltr'><strong>exponentem</strong></span> <span class='ocrx_word' id='word_1_475' title='bbox 1575 4726 1587 4760; x_wconf 91' lang='lat'><strong>:</strong></span> <span class='ocrx_word' id='word_1_476' title='bbox 1621 4711 1876 4780; x_wconf 81' lang='lat' dir='ltr'><strong>Quoniam</strong></span> <span class='ocrx_word' id='word_1_477' title='bbox 1922 4710 2146 4780; x_wconf 79' lang='lat' dir='ltr'><strong>omnia,</strong></span> 
     </span>
    </p>
   </div>
   <div class='ocr_carea' id='block_1_63' title="bbox 585 4777 2151 4850">
    <p class='ocr_par' dir='ltr' id='par_1_63' title="bbox 585 4777 2151 4850">
     <span class='ocr_line' id='line_1_63' title="bbox 585 4777 2151 4850; baseline -0.001 -16"><span class='ocrx_word' id='word_1_478' title='bbox 585 4777 791 4849; x_wconf 47' lang='lat' dir='ltr'><strong>inquit,</strong></span> <span class='ocrx_word' id='word_1_479' title='bbox 842 4793 1187 4850; x_wconf 66' lang='lat' dir='ltr'><strong>quareumque</strong></span> <span class='ocrx_word' id='word_1_480' title='bbox 1238 4777 1486 4850; x_wconf 80' lang='lat' dir='ltr'><strong>exposuit</strong></span> <span class='ocrx_word' id='word_1_481' title='bbox 1521 4791 1687 4850; x_wconf 76' lang='lat' dir='ltr'><strong>supra</strong></span> <span class='ocrx_word' id='word_1_482' title='bbox 1710 4819 1724 4840; x_wconf 90' lang='lat'><strong>,</strong></span> <span class='ocrx_word' id='word_1_483' title='bbox 1760 4779 1905 4844; x_wconf 74' lang='lat' dir='ltr'><strong>signa</strong></span> <span class='ocrx_word' id='word_1_484' title='bbox 1940 4777 2151 4850; x_wconf 76' lang='lat' dir='ltr'><strong>fuerunt</strong></span> 
     </span>
    </p>
   </div>
   <div class='ocr_carea' id='block_1_64' title="bbox 586 4847 2152 4921">
    <p class='ocr_par' dir='ltr' id='par_1_64' title="bbox 586 4847 2152 4921">
     <span class='ocr_line' id='line_1_64' title="bbox 586 4847 2152 4921; baseline -0.001 -17"><span class='ocrx_word' id='word_1_485' title='bbox 586 4847 935 4921; x_wconf 67' lang='lat' dir='ltr'><strong>praecedentia</strong></span> <span class='ocrx_word' id='word_1_486' title='bbox 954 4848 1719 4921; x_wconf 35' lang='lat' dir='ltr'><strong>diruptionemcivitatis‘itlius</strong></span> <span class='ocrx_word' id='word_1_487' title='bbox 1746 4857 1796 4921; x_wconf 78' lang='lat' dir='ltr'><strong>et</strong></span> <span class='ocrx_word' id='word_1_488' title='bbox 1818 4847 2016 4921; x_wconf 83' lang='lat' dir='ltr'><strong>templi.</strong></span> <span class='ocrx_word' id='word_1_489' title='bbox 2043 4847 2152 4902; x_wconf 89' lang='lat' dir='ltr'><strong>IIoc</strong></span> 
     </span>
    </p>
   </div>
   <div class='ocr_carea' id='block_1_65' title="bbox 581 4915 2151 4988">
    <p class='ocr_par' dir='ltr' id='par_1_65' title="bbox 581 4915 2151 4988">
     <span class='ocr_line' id='line_1_65' title="bbox 581 4915 2151 4988; baseline -0.003 -15"><span class='ocrx_word' id='word_1_490' title='bbox 581 4915 760 4975; x_wconf 75' lang='lat' dir='ltr'><strong>autem</strong></span> <span class='ocrx_word' id='word_1_491' title='bbox 787 4919 923 4988; x_wconf 91' lang='lat' dir='ltr'><strong>quod</strong></span> <span class='ocrx_word' id='word_1_492' title='bbox 949 4918 1092 4980; x_wconf 90' lang='lat' dir='ltr'><strong>dicit,</strong></span> <span class='ocrx_word' id='word_1_493' title='bbox 1126 4917 1250 4972; x_wconf 91' lang='lat' dir='ltr'><strong>Cum</strong></span> <span class='ocrx_word' id='word_1_494' title='bbox 1276 4917 1494 4969; x_wconf 82' lang='lat' dir='ltr'><strong>videritis</strong></span> <span class='ocrx_word' id='word_1_495' title='bbox 1517 4915 1936 4988; x_wconf 81' lang='lat' dir='ltr'><strong>abominationcm</strong></span> <span class='ocrx_word' id='word_1_496' title='bbox 1956 4916 2151 4968; x_wconf 86' lang='lat' dir='ltr'><strong>desola-</strong></span> 
     </span>
    </p>
   </div>
   <div class='ocr_carea' id='block_1_66' title="bbox 587 4985 2152 5054">
    <p class='ocr_par' dir='ltr' id='par_1_66' title="bbox 587 4985 2152 5054">
     <span class='ocr_line' id='line_1_66' title="bbox 587 4985 2152 5054; baseline -0.001 -13"><span class='ocrx_word' id='word_1_497' title='bbox 587 4991 756 5054; x_wconf 85' lang='lat' dir='ltr'><strong>tionis,</strong></span> <span class='ocrx_word' id='word_1_498' title='bbox 781 4985 992 5042; x_wconf 72' lang='lat' dir='ltr'><strong>stantrm</strong></span> <span class='ocrx_word' id='word_1_499' title='bbox 1019 4988 1072 5039; x_wconf 86' lang='lat' dir='ltr'><strong>in</strong></span> <span class='ocrx_word' id='word_1_500' title='bbox 1102 4989 1209 5040; x_wconf 91' lang='lat' dir='ltr'><strong>loco</strong></span> <span class='ocrx_word' id='word_1_501' title='bbox 1238 4995 1407 5038; x_wconf 82' lang='lat' dir='ltr'><strong>sancto</strong></span> <span class='ocrx_word' id='word_1_502' title='bbox 1438 5027 1452 5049; x_wconf 92' lang='lat'><strong>,</strong></span> <span class='ocrx_word' id='word_1_503' title='bbox 1486 4993 1537 5036; x_wconf 87' lang='lat' dir='ltr'><strong>et</strong></span> <span class='ocrx_word' id='word_1_504' title='bbox 1560 4988 1734 5037; x_wconf 88' lang='lat' dir='ltr'><strong>omnia</strong></span> <span class='ocrx_word' id='word_1_505' title='bbox 1762 5001 1877 5051; x_wconf 75' lang='lat' dir='ltr'><strong>qua:</strong></span> <span class='ocrx_word' id='word_1_506' title='bbox 1905 4985 2152 5040; x_wconf 86' lang='lat' dir='ltr'><strong>dicuntur</strong></span> 
     </span>
    </p>
   </div>
   <div class='ocr_carea' id='block_1_67' title="bbox 583 5055 2153 5127">
    <p class='ocr_par' dir='ltr' id='par_1_67' title="bbox 583 5055 2153 5127">
     <span class='ocr_line' id='line_1_67' title="bbox 583 5055 2153 5127; baseline -0.006 -11"><span class='ocrx_word' id='word_1_507' title='bbox 583 5061 860 5127; x_wconf 84' lang='lat' dir='ltr'><strong>deinceps,</strong></span> <span class='ocrx_word' id='word_1_508' title='bbox 892 5058 1040 5126; x_wconf 78' lang='lat' dir='ltr'><strong>signa</strong></span> <span class='ocrx_word' id='word_1_509' title='bbox 1065 5068 1186 5109; x_wconf 90' lang='lat' dir='ltr'><strong>sunt</strong></span> <span class='ocrx_word' id='word_1_510' title='bbox 1213 5055 1683 5127; x_wconf 83' lang='lat' dir='ltr'><strong>consummationis</strong></span> <span class='ocrx_word' id='word_1_511' title='bbox 1715 5058 1917 5127; x_wconf 71' lang='lat' dir='ltr'><strong>futui-re,</strong></span> <span class='ocrx_word' id='word_1_512' title='bbox 1947 5064 2000 5127; x_wconf 83' lang='lat' dir='ltr'><strong>et</strong></span> <span class='ocrx_word' id='word_1_513' title='bbox 2029 5071 2153 5127; x_wconf 89' lang='lat' dir='ltr'><strong>ven-</strong></span> 
     </span>
    </p>
   </div>
   <div class='ocr_carea' id='block_1_68' title="bbox 586 5124 2153 5194">
    <p class='ocr_par' dir='ltr' id='par_1_68' title="bbox 586 5124 2153 5194">
     <span class='ocr_line' id='line_1_68' title="bbox 586 5124 2153 5194; baseline -0.004 -10"><span class='ocrx_word' id='word_1_514' title='bbox 586 5132 686 5184; x_wconf 77' lang='lat' dir='ltr'><strong>turi</strong></span> <span class='ocrx_word' id='word_1_515' title='bbox 718 5124 832 5182; x_wconf 75' lang='lat' dir='ltr'><strong>Filii</strong></span> <span class='ocrx_word' id='word_1_516' title='bbox 867 5124 954 5180; x_wconf 76' lang='lat' dir='ltr'><strong>Iiei</strong></span> <span class='ocrx_word' id='word_1_517' title='bbox 981 5169 996 5190; x_wconf 96' lang='lat'><strong>,</strong></span> <span class='ocrx_word' id='word_1_518' title='bbox 1037 5127 1126 5194; x_wconf 91' lang='lat' dir='ltr'><strong>qtti</strong></span> <span class='ocrx_word' id='word_1_519' title='bbox 1157 5134 1207 5178; x_wconf 84' lang='lat' dir='ltr'><strong>et</strong></span> <span class='ocrx_word' id='word_1_520' title='bbox 1239 5126 1286 5177; x_wconf 89' lang='lat' dir='ltr'><strong>in</strong></span> <span class='ocrx_word' id='word_1_521' title='bbox 1337 5125 1780 5177; x_wconf 85' lang='lat' dir='ltr'><strong>abominationetn</strong></span> <span class='ocrx_word' id='word_1_522' title='bbox 1811 5124 2153 5178; x_wconf 86' lang='lat' dir='ltr'><strong>desolationis</strong></span> 
     </span>
    </p>
   </div>
   <div class='ocr_carea' id='block_1_69' title="bbox 587 5195 2153 5268">
    <p class='ocr_par' dir='ltr' id='par_1_69' title="bbox 587 5195 2153 5268">
     <span class='ocr_line' id='line_1_69' title="bbox 587 5195 2153 5268; baseline -0.003 -16"><span class='ocrx_word' id='word_1_523' title='bbox 587 5204 758 5268; x_wconf 90' lang='lat' dir='ltr'><strong>ipsum</strong></span> <span class='ocrx_word' id='word_1_524' title='bbox 785 5197 997 5251; x_wconf 90' lang='lat' dir='ltr'><strong>tradidit</strong></span> <span class='ocrx_word' id='word_1_525' title='bbox 1020 5195 1419 5268; x_wconf 71' lang='lat' dir='ltr'><strong>Antium-istum.</strong></span> <span class='ocrx_word' id='word_1_526' title='bbox 1441 5197 1598 5268; x_wconf 75' lang='lat' dir='ltr'><strong>Quod</strong></span> <span class='ocrx_word' id='word_1_527' title='bbox 1629 5206 1801 5268; x_wconf 80' lang='lat' dir='ltr'><strong>autem</strong></span> <span class='ocrx_word' id='word_1_528' title='bbox 1829 5203 2063 5246; x_wconf 89' lang='lat' dir='ltr'><strong>staturus</strong></span> <span class='ocrx_word' id='word_1_529' title='bbox 2086 5200 2153 5248; x_wconf 89' lang='lat' dir='ltr'><strong>sit</strong></span> 
     </span>
    </p>
   </div>
   <div class='ocr_carea' id='block_1_70' title="bbox 588 5263 2149 5329">
    <p class='ocr_par' dir='ltr' id='par_1_70' title="bbox 588 5263 2149 5329">
     <span class='ocr_line' id='line_1_70' title="bbox 588 5263 2149 5329; baseline -0.003 -7"><span class='ocrx_word' id='word_1_530' title='bbox 588 5263 637 5323; x_wconf 87' lang='lat' dir='ltr'><strong>in</strong></span> <span class='ocrx_word' id='word_1_531' title='bbox 669 5271 784 5322; x_wconf 89' lang='lat' dir='ltr'><strong>loco</strong></span> <span class='ocrx_word' id='word_1_532' title='bbox 814 5278 1015 5326; x_wconf 84' lang='lat' dir='ltr'><strong>saneto,</strong></span> <span class='ocrx_word' id='word_1_533' title='bbox 1060 5265 1185 5317; x_wconf 83' lang='lat' dir='ltr'><strong>dicit</strong></span> <span class='ocrx_word' id='word_1_534' title='bbox 1215 5263 1310 5316; x_wconf 91' lang='lat' dir='ltr'><strong>hoc</strong></span> <span class='ocrx_word' id='word_1_535' title='bbox 1332 5266 1487 5315; x_wconf 91' lang='lat' dir='ltr'><strong>modo</strong></span> <span class='ocrx_word' id='word_1_536' title='bbox 1518 5283 1529 5316; x_wconf 86' lang='lat'>:</span> <span class='ocrx_word' id='word_1_537' title='bbox 1556 5264 1989 5317; x_wconf 66' lang='lat' dir='ltr'><strong>Romililicaturus</strong></span> <span class='ocrx_word' id='word_1_538' title='bbox 2027 5273 2108 5317; x_wconf 89' lang='lat' dir='ltr'><strong>est</strong></span> <span class='ocrx_word' id='word_1_539' title='bbox 2133 5305 2149 5329; x_wconf 87' lang='lat'><strong>,</strong></span> 
     </span>
    </p>
   </div>
   <div class='ocr_carea' id='block_1_71' title="bbox 590 5334 2152 5407">
    <p class='ocr_par' dir='ltr' id='par_1_71' title="bbox 590 5334 2152 5407">
     <span class='ocr_line' id='line_1_71' title="bbox 590 5334 2152 5407; baseline -0.005 -14"><span class='ocrx_word' id='word_1_540' title='bbox 590 5340 776 5407; x_wconf 87' lang='lat' dir='ltr'><strong>inquit.</strong></span> <span class='ocrx_word' id='word_1_541' title='bbox 807 5334 1184 5397; x_wconf 89' lang='lat' dir='ltr'><strong>sanetuarinm,</strong></span> <span class='ocrx_word' id='word_1_542' title='bbox 1206 5335 1360 5407; x_wconf 72' lang='lat' dir='ltr'><strong>quod</strong></span> <span class='ocrx_word' id='word_1_543' title='bbox 1386 5335 1488 5407; x_wconf 66' lang='lat' dir='ltr'><strong>fuit</strong></span> <span class='ocrx_word' id='word_1_544' title='bbox 1506 5336 1553 5407; x_wconf 85' lang='lat' dir='ltr'><strong>in</strong></span> <span class='ocrx_word' id='word_1_545' title='bbox 1583 5334 1927 5407; x_wconf 84' lang='lat' dir='ltr'><strong>Jerosolymis</strong></span> <span class='ocrx_word' id='word_1_546' title='bbox 1982 5349 2152 5407; x_wconf 35' lang='lat' dir='ltr'><strong>quon:</strong></span> 
     </span>
    </p>
   </div>
   <div class='ocr_carea' id='block_1_72' title="bbox 588 5402 2151 5473">
    <p class='ocr_par' dir='ltr' id='par_1_72' title="bbox 588 5402 2151 5473">
     <span class='ocr_line' id='line_1_72' title="bbox 588 5402 2151 5473; baseline -0.004 -12"><span class='ocrx_word' id='word_1_547' title='bbox 588 5402 732 5468; x_wconf 75' lang='lat' dir='ltr'><strong>dain.</strong></span> <span class='ocrx_word' id='word_1_548' title='bbox 764 5416 817 5461; x_wconf 87' lang='lat' dir='ltr'><strong>et</strong></span> <span class='ocrx_word' id='word_1_549' title='bbox 846 5407 913 5458; x_wconf 88' lang='lat' dir='ltr'><strong>ibi</strong></span> <span class='ocrx_word' id='word_1_550' title='bbox 942 5415 1171 5458; x_wconf 89' lang='lat' dir='ltr'><strong>staturus</strong></span> <span class='ocrx_word' id='word_1_551' title='bbox 1194 5403 1353 5473; x_wconf 80' lang='lat' dir='ltr'><strong>(Dan.</strong></span> <span class='ocrx_word' id='word_1_552' title='bbox 1384 5404 1436 5455; x_wconf 86' lang='lat'><strong>9.</strong></span> <span class='ocrx_word' id='word_1_553' title='bbox 1464 5403 1554 5469; x_wconf 72' lang='lat'><strong>‘23)</strong></span> <span class='ocrx_word' id='word_1_554' title='bbox 1590 5421 1600 5453; x_wconf 90' lang='lat'>:</span> <span class='ocrx_word' id='word_1_555' title='bbox 1637 5413 1690 5455; x_wconf 93' lang='lat' dir='ltr'><strong>nt</strong></span> <span class='ocrx_word' id='word_1_556' title='bbox 1717 5404 1952 5455; x_wconf 87' lang='lat' dir='ltr'><strong>videntes</strong></span> <span class='ocrx_word' id='word_1_557' title='bbox 1981 5402 2151 5455; x_wconf 65' lang='lat' dir='ltr'><strong>Judmi</strong></span> 
     </span>
    </p>
   </div>
   <div class='ocr_carea' id='block_1_73' title="bbox 589 5472 2151 5539">
    <p class='ocr_par' dir='ltr' id='par_1_73' title="bbox 589 5472 2151 5539">
     <span class='ocr_line' id='line_1_73' title="bbox 589 5472 2151 5539; baseline -0.004 -8"><span class='ocrx_word' id='word_1_558' title='bbox 589 5478 809 5533; x_wconf 87' lang='lat' dir='ltr'><strong>credant</strong></span> <span class='ocrx_word' id='word_1_559' title='bbox 841 5477 888 5531; x_wconf 86' lang='lat' dir='ltr'><strong>in</strong></span> <span class='ocrx_word' id='word_1_560' title='bbox 913 5491 1031 5528; x_wconf 90' lang='lat' dir='ltr'><strong>eum</strong></span> <span class='ocrx_word' id='word_1_561' title='bbox 1058 5516 1072 5539; x_wconf 94' lang='lat'><strong>,</strong></span> <span class='ocrx_word' id='word_1_562' title='bbox 1105 5472 1207 5526; x_wconf 90' lang='lat' dir='ltr'><strong>non</strong></span> <span class='ocrx_word' id='word_1_563' title='bbox 1238 5473 1407 5526; x_wconf 89' lang='lat' dir='ltr'><strong>solum</strong></span> <span class='ocrx_word' id='word_1_564' title='bbox 1438 5483 1647 5539; x_wconf 86' lang='lat' dir='ltr'><strong>propter</strong></span> <span class='ocrx_word' id='word_1_565' title='bbox 1682 5473 1826 5539; x_wconf 77' lang='lat' dir='ltr'><strong>signa</strong></span> <span class='ocrx_word' id='word_1_566' title='bbox 1864 5473 1977 5539; x_wconf 79' lang='lat' dir='ltr'><strong>ejus</strong></span> <span class='ocrx_word' id='word_1_567' title='bbox 1999 5513 2014 5535; x_wconf 97' lang='lat'><strong>,</strong></span> <span class='ocrx_word' id='word_1_568' title='bbox 2058 5472 2151 5524; x_wconf 89' lang='lat' dir='ltr'><strong>sed</strong></span> 
     </span>
    </p>
   </div>
   <div class='ocr_carea' id='block_1_74' title="bbox 586 5541 2154 5615">
    <p class='ocr_par' dir='ltr' id='par_1_74' title="bbox 586 5541 2154 5615">
     <span class='ocr_line' id='line_1_74' title="bbox 586 5541 2154 5615; baseline -0.006 -13"><span class='ocrx_word' id='word_1_569' title='bbox 586 5551 744 5602; x_wconf 87' lang='lat' dir='ltr'><strong>etiam</strong></span> <span class='ocrx_word' id='word_1_570' title='bbox 778 5554 988 5615; x_wconf 89' lang='lat' dir='ltr'><strong>pr0ptcr</strong></span> <span class='ocrx_word' id='word_1_571' title='bbox 1014 5544 1396 5615; x_wconf 82' lang='lat' dir='ltr'><strong>reparationem</strong></span> <span class='ocrx_word' id='word_1_572' title='bbox 1427 5541 1602 5615; x_wconf 80' lang='lat' dir='ltr'><strong>templi</strong></span> <span class='ocrx_word' id='word_1_573' title='bbox 1621 5541 1805 5615; x_wconf 83' lang='lat' dir='ltr'><strong>ipsius.</strong></span> <span class='ocrx_word' id='word_1_574' title='bbox 1832 5543 2154 5615; x_wconf 69' lang='lat' dir='ltr'><strong>testimantcs</strong></span> 
     </span>
    </p>
   </div>
   <div class='ocr_carea' id='block_1_75' title="bbox 591 5610 2150 5686">
    <p class='ocr_par' dir='ltr' id='par_1_75' title="bbox 591 5610 2150 5686">
     <span class='ocr_line' id='line_1_75' title="bbox 591 5610 2150 5686; baseline -0.004 -16"><span class='ocrx_word' id='word_1_575' title='bbox 591 5610 954 5686; x_wconf 41' lang='lat' dir='ltr'><strong>propltetas&#39;in</strong></span> <span class='ocrx_word' id='word_1_576' title='bbox 984 5610 1216 5686; x_wconf 82' lang='lat' dir='ltr'><strong>tempore</strong></span> <span class='ocrx_word' id='word_1_577' title='bbox 1248 5614 1336 5686; x_wconf 79' lang='lat' dir='ltr'><strong>illo</strong></span> <span class='ocrx_word' id='word_1_578' title='bbox 1364 5626 1481 5665; x_wconf 89' lang='lat' dir='ltr'><strong>esse</strong></span> <span class='ocrx_word' id='word_1_579' title='bbox 1511 5611 1770 5678; x_wconf 82' lang='lat' dir='ltr'><strong>impletos.</strong></span> <span class='ocrx_word' id='word_1_580' title='bbox 1801 5610 1886 5686; x_wconf 83' lang='lat' dir='ltr'><strong>qui</strong></span> <span class='ocrx_word' id='word_1_581' title='bbox 1909 5612 1972 5686; x_wconf 76' lang='lat' dir='ltr'><strong>de</strong></span> <span class='ocrx_word' id='word_1_582' title='bbox 1998 5627 2150 5678; x_wconf 85' lang='lat' dir='ltr'><strong>repa-</strong></span> 
     </span>
    </p>
   </div>
   <div class='ocr_carea' id='block_1_76' title="bbox 595 5680 2152 5751">
    <p class='ocr_par' dir='ltr' id='par_1_76' title="bbox 595 5680 2152 5751">
     <span class='ocr_line' id='line_1_76' title="bbox 595 5680 2152 5751; baseline -0.004 -11"><span class='ocrx_word' id='word_1_583' title='bbox 595 5680 796 5742; x_wconf 74' lang='lat' dir='ltr'><strong>ratione</strong></span> <span class='ocrx_word' id='word_1_584' title='bbox 813 5680 1104 5740; x_wconf 84' lang='lat' dir='ltr'><strong>Jerusalem</strong></span> <span class='ocrx_word' id='word_1_585' title='bbox 1132 5683 1579 5751; x_wconf 82' lang='lat' dir='ltr'><strong>prOphetaveruut</strong></span> <span class='ocrx_word' id='word_1_586' title='bbox 1609 5697 1620 5730; x_wconf 91' lang='lat'><strong>:</strong></span> <span class='ocrx_word' id='word_1_587' title='bbox 1669 5695 1770 5730; x_wconf 92' lang='lat' dir='ltr'><strong>non</strong></span> <span class='ocrx_word' id='word_1_588' title='bbox 1803 5680 2152 5751; x_wconf 77' lang='lat' dir='ltr'><strong>intelligentes</strong></span> 
     </span>
    </p>
   </div>
   <div class='ocr_carea' id='block_1_77' title="bbox 592 5749 2152 5828">
    <p class='ocr_par' dir='ltr' id='par_1_77' title="bbox 592 5749 2152 5828">
     <span class='ocr_line' id='line_1_77' title="bbox 592 5749 2152 5828; baseline -0.004 -20"><span class='ocrx_word' id='word_1_589' title='bbox 592 5759 856 5828; x_wconf 87' lang='lat' dir='ltr'><strong>quomodo</strong></span> <span class='ocrx_word' id='word_1_590' title='bbox 900 5749 1153 5823; x_wconf 83' lang='lat' dir='ltr'><strong>prOpheta</strong></span> <span class='ocrx_word' id='word_1_591' title='bbox 1178 5749 1256 5828; x_wconf 86' lang='lat' dir='ltr'><strong>_d_e</strong></span> <span class='ocrx_word' id='word_1_592' title='bbox 1284 5749 1836 5828; x_wconf 36' lang='lat' dir='ltr'><strong>reparatione.tcmpli</strong></span> <span class='ocrx_word' id='word_1_593' title='bbox 1867 5751 2152 5828; x_wconf 81' lang='lat' dir='ltr'><strong>spiritualis</strong></span> 
     </span>
    </p>
   </div>
   <div class='ocr_carea' id='block_1_78' title="bbox 587 5818 2153 5899">
    <p class='ocr_par' dir='ltr' id='par_1_78' title="bbox 587 5818 2153 5899">
     <span class='ocr_line' id='line_1_78' title="bbox 587 5818 2153 5899; baseline -0.007 -16"><span class='ocrx_word' id='word_1_594' title='bbox 587 5818 836 5899; x_wconf 72' lang='lat' dir='ltr'><strong>loquutus</strong></span> <span class='ocrx_word' id='word_1_595' title='bbox 861 5818 960 5889; x_wconf 77' lang='lat' dir='ltr'><strong>cst,</strong></span> <span class='ocrx_word' id='word_1_596' title='bbox 988 5818 1144 5895; x_wconf 81' lang='lat' dir='ltr'><strong>quam</strong></span> <span class='ocrx_word' id='word_1_597' title='bbox 1172 5818 1411 5877; x_wconf 88' lang='lat' dir='ltr'><strong>Christus</strong></span> <span class='ocrx_word' id='word_1_598' title='bbox 1442 5820 1710 5888; x_wconf 84' lang='lat' dir='ltr'><strong>implevit,</strong></span> <span class='ocrx_word' id='word_1_599' title='bbox 1745 5832 1847 5872; x_wconf 93' lang='lat' dir='ltr'><strong>non</strong></span> <span class='ocrx_word' id='word_1_600' title='bbox 1875 5818 1940 5871; x_wconf 86' lang='lat' dir='ltr'><strong>de</strong></span> <span class='ocrx_word' id='word_1_601' title='bbox 1967 5832 2153 5887; x_wconf 84' lang='lat' dir='ltr'><strong>corpo-</strong></span> 
     </span>
    </p>
   </div>
   <div class='ocr_carea' id='block_1_79' title="bbox 1872 425 2563 484">
    <p class='ocr_par' dir='ltr' id='par_1_79' title="bbox 1872 425 2563 484">
     <span class='ocr_line' id='line_1_79' title="bbox 1872 425 2563 484; baseline -0.001 -1"><span class='ocrx_word' id='word_1_602' title='bbox 1872 426 2042 484; x_wconf 82' lang='lat' dir='ltr'>OPUS</span> <span class='ocrx_word' id='word_1_603' title='bbox 2081 425 2563 484; x_wconf 61' lang='lat' dir='ltr'><strong>ISII’ERFECTUM</strong></span> 
     </span>
    </p>
   </div>
   <div class='ocr_carea' id='block_1_80' title="bbox 3739 440 3858 494">
    <p class='ocr_par' dir='ltr' id='par_1_80' title="bbox 3739 440 3858 494">
     <span class='ocr_line' id='line_1_80' title="bbox 3739 440 3858 494; baseline 0.008 -1"><span class='ocrx_word' id='word_1_604' title='bbox 3739 440 3858 494; x_wconf 88' lang='lat'><strong>908</strong></span> 
     </span>
    </p>
   </div>
   <div class='ocr_carea' id='block_1_81' title="bbox 2263 540 3844 611">
    <p class='ocr_par' dir='ltr' id='par_1_81' title="bbox 2263 540 3844 611">
     <span class='ocr_line' id='line_1_81' title="bbox 2263 540 3844 611; baseline 0 -15"><span class='ocrx_word' id='word_1_605' title='bbox 2263 542 2358 596; x_wconf 87' lang='lat' dir='ltr'><strong>rali</strong></span> <span class='ocrx_word' id='word_1_606' title='bbox 2380 557 2536 611; x_wconf 92' lang='lat' dir='ltr'><strong>quam</strong></span> <span class='ocrx_word' id='word_1_607' title='bbox 2555 541 2910 596; x_wconf 85' lang='lat' dir='ltr'><strong>Antichristns</strong></span> <span class='ocrx_word' id='word_1_608' title='bbox 2931 549 3014 597; x_wconf 88' lang='lat' dir='ltr'><strong>est</strong></span> <span class='ocrx_word' id='word_1_609' title='bbox 3033 540 3368 611; x_wconf 88' lang='lat' dir='ltr'><strong>impleturus.</strong></span> <span class='ocrx_word' id='word_1_610' title='bbox 3391 543 3454 598; x_wconf 84' lang='lat' dir='ltr'><strong>Et</strong></span> <span class='ocrx_word' id='word_1_611' title='bbox 3474 552 3620 606; x_wconf 89' lang='lat' dir='ltr'><strong>tunc,</strong></span> <span class='ocrx_word' id='word_1_612' title='bbox 3652 543 3844 611; x_wconf 74' lang='lat' dir='ltr'><strong>inpiit,</strong></span> 
     </span>
    </p>
   </div>
   <div class='ocr_carea' id='block_1_82' title="bbox 2264 611 3840 681">
    <p class='ocr_par' dir='ltr' id='par_1_82' title="bbox 2264 611 3840 681">
     <span class='ocr_line' id='line_1_82' title="bbox 2264 611 3840 681; baseline 0.003 -18"><span class='ocrx_word' id='word_1_613' title='bbox 2264 612 2566 681; x_wconf 81' lang='lat' dir='ltr'><strong>implebitur</strong></span> <span class='ocrx_word' id='word_1_614' title='bbox 2608 613 2676 666; x_wconf 86' lang='lat' dir='ltr'><strong>ibi</strong></span> <span class='ocrx_word' id='word_1_615' title='bbox 2707 611 2849 681; x_wconf 91' lang='lat' dir='ltr'><strong>quod</strong></span> <span class='ocrx_word' id='word_1_616' title='bbox 2899 611 3236 681; x_wconf 70' lang='lat' dir='ltr'><strong>prophetarit</strong></span> <span class='ocrx_word' id='word_1_617' title='bbox 3281 613 3540 667; x_wconf 86' lang='lat' dir='ltr'><strong>Jeremias</strong></span> <span class='ocrx_word' id='word_1_618' title='bbox 3591 615 3642 666; x_wconf 93' lang='lat' dir='ltr'><strong>in</strong></span> <span class='ocrx_word' id='word_1_619' title='bbox 3681 614 3840 668; x_wconf 80' lang='lat' dir='ltr'><strong>Juda.</strong></span> 
     </span>
    </p>
   </div>
   <div class='ocr_carea' id='block_1_83' title="bbox 2261 679 3845 751">
    <p class='ocr_par' dir='ltr' id='par_1_83' title="bbox 2261 679 3845 751">
     <span class='ocr_line' id='line_1_83' title="bbox 2261 679 3845 751; baseline 0.005 -19"><span class='ocrx_word' id='word_1_620' title='bbox 2261 679 2481 744; x_wconf 81' lang='lat' dir='ltr'><strong>Quando</strong></span> <span class='ocrx_word' id='word_1_621' title='bbox 2513 697 2615 734; x_wconf 89' lang='lat' dir='ltr'><strong>non</strong></span> <span class='ocrx_word' id='word_1_622' title='bbox 2655 679 3014 751; x_wconf 74' lang='lat' dir='ltr'><strong>crediderunt,</strong></span> <span class='ocrx_word' id='word_1_623' title='bbox 3043 682 3232 750; x_wconf 91' lang='lat' dir='ltr'><strong>inquit,</strong></span> <span class='ocrx_word' id='word_1_624' title='bbox 3264 684 3492 747; x_wconf 86' lang='lat' dir='ltr'><strong>veritati,</strong></span> <span class='ocrx_word' id='word_1_625' title='bbox 3516 684 3565 735; x_wconf 92' lang='lat' dir='ltr'><strong>in</strong></span> <span class='ocrx_word' id='word_1_626' title='bbox 3599 694 3845 751; x_wconf 87' lang='lat' dir='ltr'><strong>tempore</strong></span> 
     </span>
    </p>
   </div>
   <div class='ocr_carea' id='block_1_84' title="bbox 2265 750 3846 818">
    <p class='ocr_par' dir='ltr' id='par_1_84' title="bbox 2265 750 3846 818">
     <span class='ocr_line' id='line_1_84' title="bbox 2265 750 3846 818; baseline 0.003 -16"><span class='ocrx_word' id='word_1_627' title='bbox 2265 751 2353 803; x_wconf 91' lang='lat' dir='ltr'><strong>illo</strong></span> <span class='ocrx_word' id='word_1_628' title='bbox 2380 751 2622 817; x_wconf 90' lang='lat' dir='ltr'><strong>loquetur</strong></span> <span class='ocrx_word' id='word_1_629' title='bbox 2650 750 2844 818; x_wconf 92' lang='lat' dir='ltr'><strong>popqu</strong></span> <span class='ocrx_word' id='word_1_630' title='bbox 2875 750 2998 806; x_wconf 91' lang='lat' dir='ltr'><strong>huic</strong></span> <span class='ocrx_word' id='word_1_631' title='bbox 3040 762 3089 805; x_wconf 90' lang='lat' dir='ltr'><strong>et</strong></span> <span class='ocrx_word' id='word_1_632' title='bbox 3114 751 3411 806; x_wconf 75' lang='lat' dir='ltr'><strong>Jerusalem</strong></span> <span class='ocrx_word' id='word_1_633' title='bbox 3451 753 3502 805; x_wconf 92' lang='lat' dir='ltr'><strong>in</strong></span> <span class='ocrx_word' id='word_1_634' title='bbox 3541 755 3728 818; x_wconf 79' lang='lat' dir='ltr'><strong>Spiritu</strong></span> <span class='ocrx_word' id='word_1_635' title='bbox 3755 769 3846 807; x_wconf 79' lang='lat' dir='ltr'><strong>se-</strong></span> 
     </span>
    </p>
   </div>
   <div class='ocr_carea' id='block_1_85' title="bbox 2261 818 3841 891">
    <p class='ocr_par' dir='ltr' id='par_1_85' title="bbox 2261 818 3841 891">
     <span class='ocr_line' id='line_1_85' title="bbox 2261 818 3841 891; baseline 0.004 -20"><span class='ocrx_word' id='word_1_636' title='bbox 2261 818 2523 873; x_wconf 87' lang='lat' dir='ltr'><strong>ductionis</strong></span> <span class='ocrx_word' id='word_1_637' title='bbox 2555 819 2689 886; x_wconf 83' lang='lat' dir='ltr'><strong>(Jer.</strong></span> <span class='ocrx_word' id='word_1_638' title='bbox 2712 821 2764 873; x_wconf 78' lang='grc'><strong>4.</strong></span> <span class='ocrx_word' id='word_1_639' title='bbox 2790 821 2875 873; x_wconf 84' lang='lat' dir='ltr'><strong>II.</strong></span> <span class='ocrx_word' id='word_1_640' title='bbox 2905 821 3014 891; x_wconf 72' lang='grc'><strong>12).</strong></span> <span class='ocrx_word' id='word_1_641' title='bbox 3043 820 3137 891; x_wconf 75' lang='lat' dir='ltr'><strong>llic</strong></span> <span class='ocrx_word' id='word_1_642' title='bbox 3158 821 3408 876; x_wconf 83' lang='lat' dir='ltr'><strong>excitabit</strong></span> <span class='ocrx_word' id='word_1_643' title='bbox 3438 823 3841 877; x_wconf 85' lang='lat' dir='ltr'><strong>tribulationem</strong></span> 
     </span>
    </p>
   </div>
   <div class='ocr_carea' id='block_1_86' title="bbox 2261 889 3840 959">
    <p class='ocr_par' dir='ltr' id='par_1_86' title="bbox 2261 889 3840 959">
     <span class='ocr_line' id='line_1_86' title="bbox 2261 889 3840 959; baseline 0.001 -17"><span class='ocrx_word' id='word_1_644' title='bbox 2261 899 2677 959; x_wconf 10' lang='lat' dir='ltr'><strong>superisanctos,</strong></span> <span class='ocrx_word' id='word_1_645' title='bbox 2714 903 2911 959; x_wconf 50' lang='lat' dir='ltr'><strong>proco</strong></span> <span class='ocrx_word' id='word_1_646' title='bbox 2936 889 3075 958; x_wconf 87' lang='lat' dir='ltr'><strong>quod</strong></span> <span class='ocrx_word' id='word_1_647' title='bbox 3113 906 3218 944; x_wconf 91' lang='lat' dir='ltr'><strong>nou</strong></span> <span class='ocrx_word' id='word_1_648' title='bbox 3257 891 3628 958; x_wconf 74' lang='lat' dir='ltr'><strong>gloriﬁcabunt</strong></span> <span class='ocrx_word' id='word_1_649' title='bbox 3673 909 3794 946; x_wconf 91' lang='lat' dir='ltr'><strong>eum</strong></span> <span class='ocrx_word' id='word_1_650' title='bbox 3824 934 3840 959; x_wconf 88' lang='lat'><strong>,</strong></span> 
     </span>
    </p>
   </div>
   <div class='ocr_carea' id='block_1_87' title="bbox 2259 956 3845 1027">
    <p class='ocr_par' dir='ltr' id='par_1_87' title="bbox 2259 956 3845 1027">
     <span class='ocr_line' id='line_1_87' title="bbox 2259 956 3845 1027; baseline 0.004 -18"><span class='ocrx_word' id='word_1_651' title='bbox 2259 966 2314 1010; x_wconf 89' lang='lat' dir='ltr'><strong>et</strong></span> <span class='ocrx_word' id='word_1_652' title='bbox 2339 958 2529 1012; x_wconf 87' lang='lat' dir='ltr'><strong>multos</strong></span> <span class='ocrx_word' id='word_1_653' title='bbox 2550 958 2773 1011; x_wconf 87' lang='lat' dir='ltr'><strong>occidet.</strong></span> <span class='ocrx_word' id='word_1_654' title='bbox 2811 956 2914 1012; x_wconf 87' lang='lat' dir='ltr'><strong>Sed</strong></span> <span class='ocrx_word' id='word_1_655' title='bbox 2942 956 3043 1012; x_wconf 78' lang='lat' dir='ltr'><strong>hoc</strong></span> <span class='ocrx_word' id='word_1_656' title='bbox 3065 960 3130 1013; x_wconf 90' lang='lat' dir='ltr'><strong>de</strong></span> <span class='ocrx_word' id='word_1_657' title='bbox 3157 956 3715 1027; x_wconf 84' lang='lat' dir='ltr'><strong>hacinterpretatione</strong></span> <span class='ocrx_word' id='word_1_658' title='bbox 3741 956 3845 1016; x_wconf 52' lang='lat' dir='ltr'><strong>du;</strong></span> 
     </span>
    </p>
   </div>
   <div class='ocr_carea' id='block_1_88' title="bbox 2263 1027 3844 1100">
    <p class='ocr_par' dir='ltr' id='par_1_88' title="bbox 2263 1027 3844 1100">
     <span class='ocr_line' id='line_1_88' title="bbox 2263 1027 3844 1100; baseline 0.004 -22"><span class='ocrx_word' id='word_1_659' title='bbox 2263 1027 2477 1100; x_wconf 82' lang='lat' dir='ltr'><strong>bitabile</strong></span> <span class='ocrx_word' id='word_1_660' title='bbox 2519 1028 2644 1100; x_wconf 88' lang='lat' dir='ltr'><strong>mihi</strong></span> <span class='ocrx_word' id='word_1_661' title='bbox 2688 1027 2915 1100; x_wconf 73' lang='lat' dir='ltr'><strong>videtur,</strong></span> <span class='ocrx_word' id='word_1_662' title='bbox 2949 1029 2992 1082; x_wconf 90' lang='lat' dir='ltr'><strong>si</strong></span> <span class='ocrx_word' id='word_1_663' title='bbox 3031 1029 3178 1083; x_wconf 92' lang='lat' dir='ltr'><strong>locus</strong></span> <span class='ocrx_word' id='word_1_664' title='bbox 3206 1031 3384 1100; x_wconf 86' lang='lat' dir='ltr'><strong>templi</strong></span> <span class='ocrx_word' id='word_1_665' title='bbox 3427 1031 3568 1084; x_wconf 89' lang='lat' dir='ltr'><strong>illius</strong></span> <span class='ocrx_word' id='word_1_666' title='bbox 3591 1071 3606 1095; x_wconf 94' lang='lat'><strong>,</strong></span> <span class='ocrx_word' id='word_1_667' title='bbox 3635 1047 3700 1086; x_wconf 83' lang='lat' dir='ltr'><strong>ex</strong></span> <span class='ocrx_word' id='word_1_668' title='bbox 3730 1049 3844 1100; x_wconf 85' lang='lat' dir='ltr'><strong>quo</strong></span> 
     </span>
    </p>
   </div>
   <div class='ocr_carea' id='block_1_89' title="bbox 2262 1095 3845 1164">
    <p class='ocr_par' dir='ltr' id='par_1_89' title="bbox 2262 1095 3845 1164">
     <span class='ocr_line' id='line_1_89' title="bbox 2262 1095 3845 1164; baseline 0.004 -16"><span class='ocrx_word' id='word_1_669' title='bbox 2262 1095 2492 1149; x_wconf 89' lang='lat' dir='ltr'><strong>dirutum</strong></span> <span class='ocrx_word' id='word_1_670' title='bbox 2519 1106 2600 1150; x_wconf 89' lang='lat' dir='ltr'><strong>est</strong></span> <span class='ocrx_word' id='word_1_671' title='bbox 2616 1099 2724 1164; x_wconf 86' lang='lat' dir='ltr'><strong>jam</strong></span> <span class='ocrx_word' id='word_1_672' title='bbox 2751 1113 2778 1148; x_wconf 91' lang='lat' dir='ltr'><strong>a</strong></span> <span class='ocrx_word' id='word_1_673' title='bbox 2816 1098 2953 1159; x_wconf 85' lang='lat' dir='ltr'><strong>Deo,</strong></span> <span class='ocrx_word' id='word_1_674' title='bbox 2986 1095 3327 1163; x_wconf 73' lang='lat' dir='ltr'><strong>postmodum</strong></span> <span class='ocrx_word' id='word_1_675' title='bbox 3366 1109 3580 1153; x_wconf 82' lang='lat' dir='ltr'><strong>s-mctus</strong></span> <span class='ocrx_word' id='word_1_676' title='bbox 3620 1095 3845 1156; x_wconf 80' lang='lat' dir='ltr'><strong>vocatur</strong></span> 
     </span>
    </p>
   </div>
   <div class='ocr_carea' id='block_1_90' title="bbox 2260 1166 3845 1234">
    <p class='ocr_par' dir='ltr' id='par_1_90' title="bbox 2260 1166 3845 1234">
     <span class='ocr_line' id='line_1_90' title="bbox 2260 1166 3845 1234; baseline 0.004 -17"><span class='ocrx_word' id='word_1_677' title='bbox 2260 1166 2548 1219; x_wconf 87' lang='lat' dir='ltr'><strong>secundum</strong></span> <span class='ocrx_word' id='word_1_678' title='bbox 2579 1168 2716 1234; x_wconf 88' lang='lat' dir='ltr'><strong>quod</strong></span> <span class='ocrx_word' id='word_1_679' title='bbox 2758 1176 2806 1219; x_wconf 88' lang='lat' dir='ltr'><strong>et</strong></span> <span class='ocrx_word' id='word_1_680' title='bbox 2851 1167 2933 1219; x_wconf 92' lang='lat' dir='ltr'><strong>hic</strong></span> <span class='ocrx_word' id='word_1_681' title='bbox 2959 1168 3084 1220; x_wconf 90' lang='lat' dir='ltr'><strong>dicit</strong></span> <span class='ocrx_word' id='word_1_682' title='bbox 3113 1187 3126 1221; x_wconf 89' lang='lat'><strong>:</strong></span> <span class='ocrx_word' id='word_1_683' title='bbox 3160 1167 3281 1220; x_wconf 87' lang='lat' dir='ltr'><strong>Cum</strong></span> <span class='ocrx_word' id='word_1_684' title='bbox 3312 1170 3532 1222; x_wconf 71' lang='lat' dir='ltr'><strong>videritis</strong></span> <span class='ocrx_word' id='word_1_685' title='bbox 3575 1171 3845 1224; x_wconf 83' lang='lat' dir='ltr'><strong>abomina-</strong></span> 
     </span>
    </p>
   </div>
   <div class='ocr_carea' id='block_1_91' title="bbox 2261 1234 3842 1294">
    <p class='ocr_par' dir='ltr' id='par_1_91' title="bbox 2261 1234 3842 1294">
     <span class='ocr_line' id='line_1_91' title="bbox 2261 1234 3842 1294; baseline 0.006 -9"><span class='ocrx_word' id='word_1_686' title='bbox 2261 1234 2441 1288; x_wconf 89' lang='lat' dir='ltr'><strong>tiouem</strong></span> <span class='ocrx_word' id='word_1_687' title='bbox 2485 1236 2807 1289; x_wconf 88' lang='lat' dir='ltr'><strong>desolationis</strong></span> <span class='ocrx_word' id='word_1_688' title='bbox 2836 1246 3048 1288; x_wconf 87' lang='lat' dir='ltr'><strong>stantem</strong></span> <span class='ocrx_word' id='word_1_689' title='bbox 3096 1237 3147 1289; x_wconf 88' lang='lat' dir='ltr'><strong>in</strong></span> <span class='ocrx_word' id='word_1_690' title='bbox 3185 1237 3292 1290; x_wconf 91' lang='lat' dir='ltr'><strong>loco</strong></span> <span class='ocrx_word' id='word_1_691' title='bbox 3330 1249 3516 1290; x_wconf 75' lang='lat' dir='ltr'><strong>sancto.</strong></span> <span class='ocrx_word' id='word_1_692' title='bbox 3554 1241 3641 1293; x_wconf 83' lang='grc'><strong>16.</strong></span> <span class='ocrx_word' id='word_1_693' title='bbox 3689 1240 3842 1294; x_wconf 87' lang='lat' dir='ltr'><strong>Tunc</strong></span> 
     </span>
    </p>
   </div>
   <div class='ocr_carea' id='block_1_92' title="bbox 2259 1304 3842 1379">
    <p class='ocr_par' dir='ltr' id='par_1_92' title="bbox 2259 1304 3842 1379">
     <span class='ocr_line' id='line_1_92' title="bbox 2259 1304 3842 1379; baseline 0.004 -23"><span class='ocrx_word' id='word_1_694' title='bbox 2259 1304 2341 1370; x_wconf 86' lang='lat' dir='ltr'><strong>qui</strong></span> <span class='ocrx_word' id='word_1_695' title='bbox 2371 1305 2421 1356; x_wconf 91' lang='lat' dir='ltr'><strong>in</strong></span> <span class='ocrx_word' id='word_1_696' title='bbox 2447 1305 2630 1379; x_wconf 74' lang='lat' dir='ltr'><strong>Judtea</strong></span> <span class='ocrx_word' id='word_1_697' title='bbox 2676 1315 2828 1379; x_wconf 85' lang='lat' dir='ltr'><strong>sunt,</strong></span> <span class='ocrx_word' id='word_1_698' title='bbox 2860 1307 3055 1379; x_wconf 76' lang='lat' dir='ltr'><strong>fugiant</strong></span> <span class='ocrx_word' id='word_1_699' title='bbox 3081 1307 3157 1379; x_wconf 75' lang='lat' dir='ltr'><strong>ad</strong></span> <span class='ocrx_word' id='word_1_700' title='bbox 3174 1319 3362 1379; x_wconf 74' lang='lat' dir='ltr'><strong>montes</strong></span> <span class='ocrx_word' id='word_1_701' title='bbox 3396 1323 3434 1379; x_wconf 15' lang='lat' dir='ltr'><strong>:A</strong></span> <span class='ocrx_word' id='word_1_702' title='bbox 3463 1310 3545 1362; x_wconf 89' lang='lat' dir='ltr'><strong>l7.</strong></span> <span class='ocrx_word' id='word_1_703' title='bbox 3576 1321 3622 1362; x_wconf 88' lang='lat' dir='ltr'><strong>et</strong></span> <span class='ocrx_word' id='word_1_704' title='bbox 3661 1315 3744 1379; x_wconf 84' lang='lat' dir='ltr'><strong>qui</strong></span> <span class='ocrx_word' id='word_1_705' title='bbox 3787 1314 3842 1365; x_wconf 88' lang='lat' dir='ltr'><strong>in</strong></span> 
     </span>
    </p>
   </div>
   <div class='ocr_carea' id='block_1_93' title="bbox 2262 1375 3838 1443">
    <p class='ocr_par' dir='ltr' id='par_1_93' title="bbox 2262 1375 3838 1443">
     <span class='ocr_line' id='line_1_93' title="bbox 2262 1375 3838 1443; baseline 0.007 -19"><span class='ocrx_word' id='word_1_706' title='bbox 2262 1383 2404 1431; x_wconf 88' lang='lat' dir='ltr'><strong>tecto.</strong></span> <span class='ocrx_word' id='word_1_707' title='bbox 2423 1391 2523 1427; x_wconf 88' lang='lat' dir='ltr'><strong>non</strong></span> <span class='ocrx_word' id='word_1_708' title='bbox 2553 1376 2854 1427; x_wconf 85' lang='lat' dir='ltr'><strong>descendant</strong></span> <span class='ocrx_word' id='word_1_709' title='bbox 2885 1375 3058 1427; x_wconf 87' lang='lat' dir='ltr'><strong>tollere</strong></span> <span class='ocrx_word' id='word_1_710' title='bbox 3088 1376 3279 1443; x_wconf 84' lang='lat' dir='ltr'><strong>aliquid</strong></span> <span class='ocrx_word' id='word_1_711' title='bbox 3316 1379 3376 1429; x_wconf 86' lang='lat' dir='ltr'><strong>de</strong></span> <span class='ocrx_word' id='word_1_712' title='bbox 3404 1377 3550 1430; x_wconf 88' lang='lat' dir='ltr'><strong>domo</strong></span> <span class='ocrx_word' id='word_1_713' title='bbox 3573 1375 3713 1432; x_wconf 29' lang='lat' dir='ltr'><strong>suav:</strong></span> <span class='ocrx_word' id='word_1_714' title='bbox 3743 1382 3838 1436; x_wconf 83' lang='grc'><strong>18.</strong></span> 
     </span>
    </p>
   </div>
   <div class='ocr_carea' id='block_1_94' title="bbox 2259 1444 3840 1512">
    <p class='ocr_par' dir='ltr' id='par_1_94' title="bbox 2259 1444 3840 1512">
     <span class='ocr_line' id='line_1_94' title="bbox 2259 1444 3840 1512; baseline 0.006 -18"><span class='ocrx_word' id='word_1_715' title='bbox 2259 1453 2303 1494; x_wconf 84' lang='lat' dir='ltr'><strong>et</strong></span> <span class='ocrx_word' id='word_1_716' title='bbox 2331 1444 2488 1510; x_wconf 86' lang='lat' dir='ltr'><strong>quiin</strong></span> <span class='ocrx_word' id='word_1_717' title='bbox 2513 1460 2670 1512; x_wconf 88' lang='lat' dir='ltr'><strong>agro,</strong></span> <span class='ocrx_word' id='word_1_718' title='bbox 2711 1460 2809 1496; x_wconf 88' lang='lat' dir='ltr'><strong>non</strong></span> <span class='ocrx_word' id='word_1_719' title='bbox 2859 1454 3167 1497; x_wconf 84' lang='lat' dir='ltr'><strong>revertantur</strong></span> <span class='ocrx_word' id='word_1_720' title='bbox 3216 1458 3346 1498; x_wconf 83' lang='lat' dir='ltr'><strong>retro</strong></span> <span class='ocrx_word' id='word_1_721' title='bbox 3393 1447 3568 1499; x_wconf 83' lang='lat' dir='ltr'><strong>tollere</strong></span> <span class='ocrx_word' id='word_1_722' title='bbox 3609 1453 3840 1503; x_wconf 84' lang='lat' dir='ltr'><strong>tunicam</strong></span> 
     </span>
    </p>
   </div>
   <div class='ocr_carea' id='block_1_95' title="bbox 2257 1512 3839 1580">
    <p class='ocr_par' dir='ltr' id='par_1_95' title="bbox 2257 1512 3839 1580">
     <span class='ocr_line' id='line_1_95' title="bbox 2257 1512 3839 1580; baseline 0.002 -16"><span class='ocrx_word' id='word_1_723' title='bbox 2257 1529 2420 1564; x_wconf 83' lang='lat' dir='ltr'><strong>suam.</strong></span> <span class='ocrx_word' id='word_1_724' title='bbox 2448 1512 2613 1573; x_wconf 88' lang='lat' dir='ltr'><strong>Tunc.</strong></span> <span class='ocrx_word' id='word_1_725' title='bbox 2649 1513 2856 1580; x_wconf 83' lang='lat' dir='ltr'><strong>quando</strong></span> <span class='ocrx_word' id='word_1_726' title='bbox 2882 1514 3167 1566; x_wconf 85' lang='lat' dir='ltr'><strong>viderimus</strong></span> <span class='ocrx_word' id='word_1_727' title='bbox 3195 1515 3640 1570; x_wconf 86' lang='lat' dir='ltr'><strong>almminationcm</strong></span> <span class='ocrx_word' id='word_1_728' title='bbox 3671 1520 3839 1572; x_wconf 65' lang='lat' dir='ltr'><strong>desii-</strong></span> 
     </span>
    </p>
   </div>
   <div class='ocr_carea' id='block_1_96' title="bbox 2258 1581 3839 1654">
    <p class='ocr_par' dir='ltr' id='par_1_96' title="bbox 2258 1581 3839 1654">
     <span class='ocr_line' id='line_1_96' title="bbox 2258 1581 3839 1654; baseline 0.007 -22"><span class='ocrx_word' id='word_1_729' title='bbox 2258 1581 2469 1654; x_wconf 78' lang='lat' dir='ltr'><strong>lationis</strong></span> <span class='ocrx_word' id='word_1_730' title='bbox 2493 1592 2716 1636; x_wconf 86' lang='lat' dir='ltr'><strong>stantem</strong></span> <span class='ocrx_word' id='word_1_731' title='bbox 2741 1584 2790 1637; x_wconf 89' lang='lat' dir='ltr'><strong>in</strong></span> <span class='ocrx_word' id='word_1_732' title='bbox 2816 1583 2931 1637; x_wconf 90' lang='lat' dir='ltr'><strong>loco</strong></span> <span class='ocrx_word' id='word_1_733' title='bbox 2952 1593 3153 1654; x_wconf 83' lang='lat' dir='ltr'><strong>sancto,</strong></span> <span class='ocrx_word' id='word_1_734' title='bbox 3179 1586 3369 1652; x_wconf 79' lang='lat' dir='ltr'><strong>quibus</strong></span> <span class='ocrx_word' id='word_1_735' title='bbox 3392 1587 3839 1654; x_wconf 77' lang='lat' dir='ltr'><strong>mandatfugere?</strong></span> 
     </span>
    </p>
   </div>
   <div class='ocr_carea' id='block_1_97' title="bbox 2256 1649 3837 1724">
    <p class='ocr_par' dir='ltr' id='par_1_97' title="bbox 2256 1649 3837 1724">
     <span class='ocr_line' id='line_1_97' title="bbox 2256 1649 3837 1724; baseline 0.006 -21"><span class='ocrx_word' id='word_1_736' title='bbox 2256 1649 2369 1724; x_wconf 58' lang='lat' dir='ltr'><strong>Non</strong></span> <span class='ocrx_word' id='word_1_737' title='bbox 2396 1652 2566 1724; x_wconf 88' lang='lat' dir='ltr'><strong>solum</strong></span> <span class='ocrx_word' id='word_1_738' title='bbox 2595 1654 2696 1724; x_wconf 82' lang='lat' dir='ltr'><strong>illis</strong></span> <span class='ocrx_word' id='word_1_739' title='bbox 2723 1694 2736 1713; x_wconf 91' lang='lat'><strong>,</strong></span> <span class='ocrx_word' id='word_1_740' title='bbox 2773 1656 2866 1724; x_wconf 76' lang='lat' dir='ltr'><strong>qui</strong></span> <span class='ocrx_word' id='word_1_741' title='bbox 2895 1661 3017 1724; x_wconf 87' lang='lat' dir='ltr'><strong>tunc</strong></span> <span class='ocrx_word' id='word_1_742' title='bbox 3060 1649 3269 1706; x_wconf 83' lang='lat' dir='ltr'><strong>fuerunt</strong></span> <span class='ocrx_word' id='word_1_743' title='bbox 3309 1665 3431 1724; x_wconf 89' lang='lat' dir='ltr'><strong>ante</strong></span> <span class='ocrx_word' id='word_1_744' title='bbox 3468 1649 3837 1724; x_wconf 80' lang='lat' dir='ltr'><strong>captivitatem</strong></span> 
     </span>
    </p>
   </div>
   <div class='ocr_carea' id='block_1_98' title="bbox 2257 1720 3838 1791">
    <p class='ocr_par' dir='ltr' id='par_1_98' title="bbox 2257 1720 3838 1791">
     <span class='ocr_line' id='line_1_98' title="bbox 2257 1720 3838 1791; baseline 0.004 -19"><span class='ocrx_word' id='word_1_745' title='bbox 2257 1720 2567 1784; x_wconf 84' lang='lat' dir='ltr'><strong>Jeru5aletn,</strong></span> <span class='ocrx_word' id='word_1_746' title='bbox 2597 1723 2687 1776; x_wconf 86' lang='lat' dir='ltr'><strong>sed</strong></span> <span class='ocrx_word' id='word_1_747' title='bbox 2715 1722 2871 1776; x_wconf 89' lang='lat' dir='ltr'><strong>etiam</strong></span> <span class='ocrx_word' id='word_1_748' title='bbox 2901 1722 3054 1775; x_wconf 89' lang='lat' dir='ltr'><strong>nobis</strong></span> <span class='ocrx_word' id='word_1_749' title='bbox 3074 1763 3087 1783; x_wconf 89' lang='lat'><strong>,</strong></span> <span class='ocrx_word' id='word_1_750' title='bbox 3124 1723 3212 1791; x_wconf 89' lang='lat' dir='ltr'><strong>qui</strong></span> <span class='ocrx_word' id='word_1_751' title='bbox 3265 1723 3504 1778; x_wconf 87' lang='lat' dir='ltr'><strong>videmus</strong></span> <span class='ocrx_word' id='word_1_752' title='bbox 3534 1720 3802 1779; x_wconf 55' lang='lat' dir='ltr'><strong>&#39;abomina</strong></span> <span class='ocrx_word' id='word_1_753' title='bbox 3821 1755 3838 1765; x_wconf 75' lang='grc' dir='ltr'><strong>ο</strong></span> 
     </span>
    </p>
   </div>
   <div class='ocr_carea' id='block_1_99' title="bbox 2259 1791 3836 1859">
    <p class='ocr_par' dir='ltr' id='par_1_99' title="bbox 2259 1791 3836 1859">
     <span class='ocr_line' id='line_1_99' title="bbox 2259 1791 3836 1859; baseline 0.005 -17"><span class='ocrx_word' id='word_1_754' title='bbox 2259 1792 2453 1843; x_wconf 89' lang='lat' dir='ltr'><strong>tionem</strong></span> <span class='ocrx_word' id='word_1_755' title='bbox 2483 1791 2823 1844; x_wconf 87' lang='lat' dir='ltr'><strong>desolationis</strong></span> <span class='ocrx_word' id='word_1_756' title='bbox 2871 1791 2979 1859; x_wconf 90' lang='lat' dir='ltr'><strong>jam</strong></span> <span class='ocrx_word' id='word_1_757' title='bbox 3019 1801 3244 1845; x_wconf 89' lang='lat' dir='ltr'><strong>stantem</strong></span> <span class='ocrx_word' id='word_1_758' title='bbox 3283 1794 3333 1846; x_wconf 89' lang='lat' dir='ltr'><strong>in</strong></span> <span class='ocrx_word' id='word_1_759' title='bbox 3367 1795 3480 1848; x_wconf 92' lang='lat' dir='ltr'><strong>loco</strong></span> <span class='ocrx_word' id='word_1_760' title='bbox 3509 1806 3696 1848; x_wconf 88' lang='lat' dir='ltr'><strong>sancto</strong></span> <span class='ocrx_word' id='word_1_761' title='bbox 3729 1815 3742 1848; x_wconf 92' lang='lat'>:</span> <span class='ocrx_word' id='word_1_762' title='bbox 3783 1796 3836 1850; x_wconf 87' lang='lat' dir='ltr'><strong>id</strong></span> 
     </span>
    </p>
   </div>
   <div class='ocr_carea' id='block_1_100' title="bbox 2256 1860 3833 1926">
    <p class='ocr_par' dir='ltr' id='par_1_100' title="bbox 2256 1860 3833 1926">
     <span class='ocr_line' id='line_1_100' title="bbox 2256 1860 3833 1926; baseline 0.006 -16"><span class='ocrx_word' id='word_1_763' title='bbox 2256 1862 2621 1926; x_wconf 86' lang='lat' dir='ltr'><strong>est,populnm</strong></span> <span class='ocrx_word' id='word_1_764' title='bbox 2655 1860 2960 1913; x_wconf 78' lang='lat' dir='ltr'><strong>Antichristi</strong></span> <span class='ocrx_word' id='word_1_765' title='bbox 2992 1861 3040 1913; x_wconf 91' lang='lat' dir='ltr'><strong>in</strong></span> <span class='ocrx_word' id='word_1_766' title='bbox 3071 1862 3198 1914; x_wconf 87' lang='lat' dir='ltr'><strong>locis</strong></span> <span class='ocrx_word' id='word_1_767' title='bbox 3223 1864 3486 1918; x_wconf 69' lang='lat' dir='ltr'><strong>Ecclesite.</strong></span> <span class='ocrx_word' id='word_1_768' title='bbox 3519 1863 3602 1917; x_wconf 69' lang='lat' dir='ltr'><strong>Illi</strong></span> <span class='ocrx_word' id='word_1_769' title='bbox 3651 1874 3833 1919; x_wconf 87' lang='lat' dir='ltr'><strong>autem</strong></span> 
     </span>
    </p>
   </div>
   <div class='ocr_carea' id='block_1_101' title="bbox 2258 1929 3836 1998">
    <p class='ocr_par' dir='ltr' id='par_1_101' title="bbox 2258 1929 3836 1998">
     <span class='ocr_line' id='line_1_101' title="bbox 2258 1929 3836 1998; baseline 0.006 -20"><span class='ocrx_word' id='word_1_770' title='bbox 2258 1929 2515 1982; x_wconf 86' lang='lat' dir='ltr'><strong>visibilem</strong></span> <span class='ocrx_word' id='word_1_771' title='bbox 2546 1931 2751 1983; x_wconf 90' lang='lat' dir='ltr'><strong>hostem</strong></span> <span class='ocrx_word' id='word_1_772' title='bbox 2801 1930 3048 1998; x_wconf 84' lang='lat' dir='ltr'><strong>fugerunt</strong></span> <span class='ocrx_word' id='word_1_773' title='bbox 3084 1931 3335 1998; x_wconf 89' lang='lat' dir='ltr'><strong>pedibus,</strong></span> <span class='ocrx_word' id='word_1_774' title='bbox 3371 1949 3466 1987; x_wconf 91' lang='lat' dir='ltr'><strong>nos</strong></span> <span class='ocrx_word' id='word_1_775' title='bbox 3490 1951 3666 1988; x_wconf 85' lang='lat' dir='ltr'><strong>amem</strong></span> <span class='ocrx_word' id='word_1_776' title='bbox 3698 1939 3836 1988; x_wconf 59' lang='lat' dir='ltr'><strong>invi-</strong></span> 
     </span>
    </p>
   </div>
   <div class='ocr_carea' id='block_1_102' title="bbox 2256 1997 3836 2070">
    <p class='ocr_par' dir='ltr' id='par_1_102' title="bbox 2256 1997 3836 2070">
     <span class='ocr_line' id='line_1_102' title="bbox 2256 1997 3836 2070; baseline 0.005 -19"><span class='ocrx_word' id='word_1_777' title='bbox 2256 1997 2473 2070; x_wconf 65' lang='lat' dir='ltr'><strong>sibilent</strong></span> <span class='ocrx_word' id='word_1_778' title='bbox 2514 1999 2728 2070; x_wconf 63' lang='lat' dir='ltr'><strong>hostem</strong></span> <span class='ocrx_word' id='word_1_779' title='bbox 2783 1997 3042 2069; x_wconf 85' lang='lat' dir='ltr'><strong>fugiamus</strong></span> <span class='ocrx_word' id='word_1_780' title='bbox 3086 1997 3291 2054; x_wconf 85' lang='lat' dir='ltr'><strong>actibus</strong></span> <span class='ocrx_word' id='word_1_781' title='bbox 3341 2003 3510 2057; x_wconf 91' lang='lat' dir='ltr'><strong>bouis.</strong></span> <span class='ocrx_word' id='word_1_782' title='bbox 3570 2005 3836 2070; x_wconf 84' lang='lat' dir='ltr'><strong>Quamvis</strong></span> 
     </span>
    </p>
   </div>
   <div class='ocr_carea' id='block_1_103' title="bbox 2255 2067 3831 2140">
    <p class='ocr_par' dir='ltr' id='par_1_103' title="bbox 2255 2067 3831 2140">
     <span class='ocr_line' id='line_1_103' title="bbox 2255 2067 3831 2140; baseline 0.006 -20"><span class='ocrx_word' id='word_1_783' title='bbox 2255 2068 2394 2120; x_wconf 89' lang='lat' dir='ltr'><strong>enim</strong></span> <span class='ocrx_word' id='word_1_784' title='bbox 2423 2067 2663 2140; x_wconf 86' lang='lat' dir='ltr'><strong>diabolus</strong></span> <span class='ocrx_word' id='word_1_785' title='bbox 2693 2067 3003 2140; x_wconf 82' lang='lat' dir='ltr'><strong>sitspiritus</strong></span> <span class='ocrx_word' id='word_1_786' title='bbox 3023 2109 3037 2134; x_wconf 97' lang='lat'><strong>,</strong></span> <span class='ocrx_word' id='word_1_787' title='bbox 3070 2081 3123 2123; x_wconf 92' lang='lat' dir='ltr'><strong>et</strong></span> <span class='ocrx_word' id='word_1_788' title='bbox 3149 2070 3307 2124; x_wconf 88' lang='lat' dir='ltr'><strong>homo</strong></span> <span class='ocrx_word' id='word_1_789' title='bbox 3335 2087 3531 2140; x_wconf 91' lang='lat' dir='ltr'><strong>corpus</strong></span> <span class='ocrx_word' id='word_1_790' title='bbox 3561 2067 3790 2129; x_wconf 46' lang='lat' dir='ltr'><strong>{tamen</strong></span> <span class='ocrx_word' id='word_1_791' title='bbox 3814 2116 3831 2140; x_wconf 96' lang='lat'><strong>,</strong></span> 
     </span>
    </p>
   </div>
   <div class='ocr_carea' id='block_1_104' title="bbox 2255 2088 3833 2210">
    <p class='ocr_par' dir='ltr' id='par_1_104' title="bbox 2255 2088 3833 2210">
     <span class='ocr_line' id='line_1_104' title="bbox 2255 2088 3831 2140; baseline 0.006 -20"><span class='ocrx_word' id='word_1_792' title='bbox 2255 2088 2394 2120; x_wconf 73' lang='grc'><strong>(3111111</strong></span> <span class='ocrx_word' id='word_1_793' title='bbox 2423 2088 2663 2121; x_wconf 81' lang='lat' dir='ltr'><strong>utanouts</strong></span> <span class='ocrx_word' id='word_1_794' title='bbox 2693 2088 2762 2123; x_wconf 80' lang='lat' dir='ltr'><strong>Sil</strong></span> <span class='ocrx_word' id='word_1_795' title='bbox 2787 2088 3003 2136; x_wconf 75' lang='lat' dir='ltr'><strong>Spll‘llus</strong></span> <span class='ocrx_word' id='word_1_796' title='bbox 3023 2109 3037 2134; x_wconf 85' lang='lat'><strong>,</strong></span> <span class='ocrx_word' id='word_1_797' title='bbox 3070 2088 3123 2123; x_wconf 76' lang='lat' dir='ltr'><strong>el</strong></span> <span class='ocrx_word' id='word_1_798' title='bbox 3149 2088 3307 2124; x_wconf 84' lang='lat' dir='ltr'><strong>IIOIIIO</strong></span> <span class='ocrx_word' id='word_1_799' title='bbox 3335 2088 3430 2124; x_wconf 66' lang='grc' dir='ltr'><strong>(ξοΓ</strong></span> <span class='ocrx_word' id='word_1_800' title='bbox 3471 2088 3531 2126; x_wconf 82' lang='lat' dir='ltr'><strong>IIS</strong></span> <span class='ocrx_word' id='word_1_801' title='bbox 3561 2090 3573 2125; x_wconf 74' lang='grc' dir='ltr'><strong>Ξ</strong></span> <span class='ocrx_word' id='word_1_802' title='bbox 3610 2088 3790 2129; x_wconf 88' lang='lat' dir='ltr'><strong>tamen</strong></span> <span class='ocrx_word' id='word_1_803' title='bbox 3814 2116 3831 2140; x_wconf 81' lang='lat'><strong>,</strong></span> 
     </span>
     <span class='ocr_line' id='line_1_105' title="bbox 2255 2088 3833 2210; baseline 0.008 -23"><span class='ocrx_word' id='word_1_804' title='bbox 2255 2152 2538 2210; x_wconf 81' lang='lat' dir='ltr'><strong>numquam</strong></span> <span class='ocrx_word' id='word_1_805' title='bbox 2584 2138 2701 2192; x_wconf 92' lang='lat' dir='ltr'><strong>illos</strong></span> <span class='ocrx_word' id='word_1_806' title='bbox 2745 2138 2986 2210; x_wconf 87' lang='lat' dir='ltr'><strong>diabolus</strong></span> <span class='ocrx_word' id='word_1_807' title='bbox 3019 2148 3188 2210; x_wconf 82' lang='lat' dir='ltr'><strong>potest</strong></span> <span class='ocrx_word' id='word_1_808' title='bbox 3216 2088 3670 2209; x_wconf 71' lang='lat' dir='ltr'><strong>compreliendere</strong></span> <span class='ocrx_word' id='word_1_809' title='bbox 3692 2184 3708 2208; x_wconf 93' lang='lat'><strong>,</strong></span> <span class='ocrx_word' id='word_1_810' title='bbox 3736 2147 3833 2210; x_wconf 89' lang='lat' dir='ltr'><strong>qni</strong></span> 
     </span>
    </p>
   </div>
   <div class='ocr_carea' id='block_1_105' title="bbox 2255 2205 3834 2282">
    <p class='ocr_par' dir='ltr' id='par_1_105' title="bbox 2255 2205 3834 2282">
     <span class='ocr_line' id='line_1_106' title="bbox 2255 2205 3834 2282; baseline 0.005 -24"><span class='ocrx_word' id='word_1_811' title='bbox 2255 2205 2458 2272; x_wconf 82' lang='lat' dir='ltr'><strong>fugiunt</strong></span> <span class='ocrx_word' id='word_1_812' title='bbox 2485 2222 2726 2282; x_wconf 69' lang='lat' dir='ltr'><strong>etnnper</strong></span> <span class='ocrx_word' id='word_1_813' title='bbox 2752 2222 2914 2282; x_wconf 80' lang='lat' dir='ltr'><strong>Opera</strong></span> <span class='ocrx_word' id='word_1_814' title='bbox 2939 2205 3093 2282; x_wconf 61' lang='lat' dir='ltr'><strong>bona.</strong></span> <span class='ocrx_word' id='word_1_815' title='bbox 3131 2209 3255 2263; x_wconf 91' lang='lat' dir='ltr'><strong>Siue</strong></span> <span class='ocrx_word' id='word_1_816' title='bbox 3286 2205 3442 2264; x_wconf 79' lang='lat' dir='ltr'><strong>causa</strong></span> <span class='ocrx_word' id='word_1_817' title='bbox 3471 2221 3648 2265; x_wconf 86' lang='lat' dir='ltr'><strong>autem</strong></span> <span class='ocrx_word' id='word_1_818' title='bbox 3693 2205 3834 2282; x_wconf 65' lang='lat' dir='ltr'><strong>fugit</strong></span> 
     </span>
    </p>
   </div>
   <div class='ocr_carea' id='block_1_106' title="bbox 2253 2276 3831 2347">
    <p class='ocr_par' dir='ltr' id='par_1_106' title="bbox 2253 2276 3831 2347">
     <span class='ocr_line' id='line_1_107' title="bbox 2253 2276 3831 2347; baseline 0.006 -20"><span class='ocrx_word' id='word_1_819' title='bbox 2253 2285 2374 2347; x_wconf 86' lang='lat' dir='ltr'><strong>ante</strong></span> <span class='ocrx_word' id='word_1_820' title='bbox 2395 2291 2512 2329; x_wconf 91' lang='lat' dir='ltr'><strong>eum</strong></span> <span class='ocrx_word' id='word_1_821' title='bbox 2532 2276 2751 2345; x_wconf 84' lang='lat' dir='ltr'><strong>pedibus</strong></span> <span class='ocrx_word' id='word_1_822' title='bbox 2771 2317 2784 2340; x_wconf 94' lang='lat'><strong>,</strong></span> <span class='ocrx_word' id='word_1_823' title='bbox 2829 2277 2926 2347; x_wconf 87' lang='lat' dir='ltr'><strong>qui</strong></span> <span class='ocrx_word' id='word_1_824' title='bbox 2948 2278 3185 2346; x_wconf 85' lang='lat' dir='ltr'><strong>sequitur</strong></span> <span class='ocrx_word' id='word_1_825' title='bbox 3208 2294 3326 2332; x_wconf 88' lang='lat' dir='ltr'><strong>eum</strong></span> <span class='ocrx_word' id='word_1_826' title='bbox 3352 2283 3598 2347; x_wconf 88' lang='lat' dir='ltr'><strong>peccatis.</strong></span> <span class='ocrx_word' id='word_1_827' title='bbox 3631 2283 3735 2336; x_wconf 83' lang='lat' dir='ltr'><strong>Sed</strong></span> <span class='ocrx_word' id='word_1_828' title='bbox 3755 2276 3831 2336; x_wconf 61' lang='lat' dir='ltr'><strong>&#39;nt</strong></span> 
     </span>
    </p>
   </div>
   <div class='ocr_carea' id='block_1_107' title="bbox 2253 2345 3826 2416">
    <p class='ocr_par' dir='ltr' id='par_1_107' title="bbox 2253 2345 3826 2416">
     <span class='ocr_line' id='line_1_108' title="bbox 2253 2345 3826 2416; baseline 0.006 -19"><span class='ocrx_word' id='word_1_829' title='bbox 2253 2345 2521 2416; x_wconf 83' lang='lat' dir='ltr'><strong>sapienter</strong></span> <span class='ocrx_word' id='word_1_830' title='bbox 2552 2347 2899 2412; x_wconf 82' lang='lat' dir='ltr'><strong>intelligamus</strong></span> <span class='ocrx_word' id='word_1_831' title='bbox 2919 2345 3033 2400; x_wconf 65' lang='lat' dir='ltr'><strong>hinc</strong></span> <span class='ocrx_word' id='word_1_832' title='bbox 3055 2363 3172 2416; x_wconf 74' lang='lat' dir='ltr'><strong>que</strong></span> <span class='ocrx_word' id='word_1_833' title='bbox 3195 2345 3498 2416; x_wconf 73' lang='lat' dir='ltr'><strong>proplietice</strong></span> <span class='ocrx_word' id='word_1_834' title='bbox 3528 2361 3652 2404; x_wconf 92' lang='lat' dir='ltr'><strong>sunt</strong></span> <span class='ocrx_word' id='word_1_835' title='bbox 3681 2352 3826 2406; x_wconf 83' lang='lat' dir='ltr'><strong>dicta</strong></span> 
     </span>
    </p>
   </div>
   <div class='ocr_carea' id='block_1_108' title="bbox 2253 2414 3832 2487">
    <p class='ocr_par' dir='ltr' id='par_1_108' title="bbox 2253 2414 3832 2487">
     <span class='ocr_line' id='line_1_109' title="bbox 2253 2414 3832 2487; baseline 0.008 -23"><span class='ocrx_word' id='word_1_836' title='bbox 2253 2429 2280 2464; x_wconf 92' lang='lat' dir='ltr'><strong>a</strong></span> <span class='ocrx_word' id='word_1_837' title='bbox 2303 2414 2536 2487; x_wconf 77' lang='lat' dir='ltr'><strong>Christo,</strong></span> <span class='ocrx_word' id='word_1_838' title='bbox 2563 2416 2796 2487; x_wconf 83' lang='lat' dir='ltr'><strong>breviter</strong></span> <span class='ocrx_word' id='word_1_839' title='bbox 2823 2414 3246 2487; x_wconf 85' lang='lat' dir='ltr'><strong>cogn_oscendnm</strong></span> <span class='ocrx_word' id='word_1_840' title='bbox 3274 2414 3374 2478; x_wconf 81' lang='lat' dir='ltr'><strong>eSI,</strong></span> <span class='ocrx_word' id='word_1_841' title='bbox 3401 2420 3576 2487; x_wconf 89' lang='lat' dir='ltr'><strong>qualis</strong></span> <span class='ocrx_word' id='word_1_842' title='bbox 3604 2430 3685 2473; x_wconf 91' lang='lat' dir='ltr'><strong>est</strong></span> <span class='ocrx_word' id='word_1_843' title='bbox 3703 2437 3832 2476; x_wconf 88' lang='lat' dir='ltr'><strong>cou-</strong></span> 
     </span>
    </p>
   </div>
   <div class='ocr_carea' id='block_1_109' title="bbox 2253 2484 3832 2555">
    <p class='ocr_par' dir='ltr' id='par_1_109' title="bbox 2253 2484 3832 2555">
     <span class='ocr_line' id='line_1_110' title="bbox 2253 2484 3832 2555; baseline 0.006 -20"><span class='ocrx_word' id='word_1_844' title='bbox 2253 2484 2475 2555; x_wconf 80' lang='lat' dir='ltr'><strong>sueludo</strong></span> <span class='ocrx_word' id='word_1_845' title='bbox 2517 2484 2912 2553; x_wconf 70' lang='lat' dir='ltr'><strong>prophetarum.</strong></span> <span class='ocrx_word' id='word_1_846' title='bbox 2938 2485 3264 2555; x_wconf 84' lang='lat' dir='ltr'><strong>Frequenter</strong></span> <span class='ocrx_word' id='word_1_847' title='bbox 3302 2503 3366 2540; x_wconf 81' lang='lat' dir='ltr'><strong>ex</strong></span> <span class='ocrx_word' id='word_1_848' title='bbox 3397 2484 3680 2543; x_wconf 77' lang='lat' dir='ltr'><strong>occasione</strong></span> <span class='ocrx_word' id='word_1_849' title='bbox 3708 2506 3832 2544; x_wconf 83' lang='lat' dir='ltr'><strong>car-</strong></span> 
     </span>
    </p>
   </div>
   <div class='ocr_carea' id='block_1_110' title="bbox 2254 2553 3826 2626">
    <p class='ocr_par' dir='ltr' id='par_1_110' title="bbox 2254 2553 3826 2626">
     <span class='ocr_line' id='line_1_111' title="bbox 2254 2553 3826 2626; baseline 0.004 -20"><span class='ocrx_word' id='word_1_850' title='bbox 2254 2553 2713 2626; x_wconf 69' lang='lat' dir='ltr'><strong>naliincipieliant,</strong></span> <span class='ocrx_word' id='word_1_851' title='bbox 2739 2566 2793 2609; x_wconf 90' lang='lat' dir='ltr'><strong>et</strong></span> <span class='ocrx_word' id='word_1_852' title='bbox 2813 2556 2889 2626; x_wconf 77' lang='lat' dir='ltr'><strong>sic</strong></span> <span class='ocrx_word' id='word_1_853' title='bbox 2907 2553 3196 2609; x_wconf 82' lang='lat' dir='ltr'><strong>miscebant</strong></span> <span class='ocrx_word' id='word_1_854' title='bbox 3227 2557 3578 2625; x_wconf 90' lang='lat' dir='ltr'><strong>prophetiam.</strong></span> <span class='ocrx_word' id='word_1_855' title='bbox 3604 2558 3826 2626; x_wconf 85' lang='lat' dir='ltr'><strong>Utputa,</strong></span> 
     </span>
    </p>
   </div>
   <div class='ocr_carea' id='block_1_111' title="bbox 2255 2623 3830 2692">
    <p class='ocr_par' dir='ltr' id='par_1_111' title="bbox 2255 2623 3830 2692">
     <span class='ocr_line' id='line_1_112' title="bbox 2255 2623 3830 2692; baseline 0.006 -18"><span class='ocrx_word' id='word_1_856' title='bbox 2255 2623 2412 2676; x_wconf 89' lang='lat' dir='ltr'><strong>David</strong></span> <span class='ocrx_word' id='word_1_857' title='bbox 2443 2640 2560 2676; x_wconf 92' lang='lat' dir='ltr'><strong>eum</strong></span> <span class='ocrx_word' id='word_1_858' title='bbox 2589 2623 2834 2692; x_wconf 79' lang='lat' dir='ltr'><strong>fugereta</strong></span> <span class='ocrx_word' id='word_1_859' title='bbox 2864 2623 2994 2677; x_wconf 87' lang='lat' dir='ltr'><strong>facie</strong></span> <span class='ocrx_word' id='word_1_860' title='bbox 3017 2623 3247 2677; x_wconf 86' lang='lat' dir='ltr'><strong>Absalou</strong></span> <span class='ocrx_word' id='word_1_861' title='bbox 3269 2666 3284 2685; x_wconf 77' lang='lat'><strong>,</strong></span> <span class='ocrx_word' id='word_1_862' title='bbox 3313 2623 3376 2679; x_wconf 79' lang='lat' dir='ltr'><strong>ex</strong></span> <span class='ocrx_word' id='word_1_863' title='bbox 3403 2623 3688 2682; x_wconf 79' lang='lat' dir='ltr'><strong>occasione</strong></span> <span class='ocrx_word' id='word_1_864' title='bbox 3713 2644 3830 2684; x_wconf 77' lang='lat' dir='ltr'><strong>sua:</strong></span> 
     </span>
    </p>
   </div>
   <div class='ocr_carea' id='block_1_112' title="bbox 2257 2693 3830 2767">
    <p class='ocr_par' dir='ltr' id='par_1_112' title="bbox 2257 2693 3830 2767">
     <span class='ocr_line' id='line_1_113' title="bbox 2257 2693 3830 2767; baseline 0.006 -25"><span class='ocrx_word' id='word_1_865' title='bbox 2257 2693 2605 2767; x_wconf 83' lang='lat' dir='ltr'><strong>tribulationis</strong></span> <span class='ocrx_word' id='word_1_866' title='bbox 2637 2693 2890 2767; x_wconf 75' lang='lat' dir='ltr'><strong>incipiens</strong></span> <span class='ocrx_word' id='word_1_867' title='bbox 2935 2694 3072 2767; x_wconf 77' lang='lat' dir='ltr'><strong>dixit</strong></span> <span class='ocrx_word' id='word_1_868' title='bbox 3103 2693 3361 2767; x_wconf 68' lang='lat' dir='ltr'><strong>:_ngine</strong></span> <span class='ocrx_word' id='word_1_869' title='bbox 3383 2697 3549 2767; x_wconf 79' lang='lat' dir='ltr'><strong>,__quid</strong></span> <span class='ocrx_word' id='word_1_870' title='bbox 3578 2698 3830 2767; x_wconf 86' lang='lat' dir='ltr'><strong>multipli-</strong></span> 
     </span>
    </p>
   </div>
   <div class='ocr_carea' id='block_1_113' title="bbox 2253 2761 3827 2833">
    <p class='ocr_par' dir='ltr' id='par_1_113' title="bbox 2253 2761 3827 2833">
     <span class='ocr_line' id='line_1_114' title="bbox 2253 2761 3827 2833; baseline 0.006 -20"><span class='ocrx_word' id='word_1_871' title='bbox 2253 2763 2349 2813; x_wconf 87' lang='lat' dir='ltr'><strong>cati</strong></span> <span class='ocrx_word' id='word_1_872' title='bbox 2375 2772 2488 2814; x_wconf 87' lang='lat' dir='ltr'><strong>sunt</strong></span> <span class='ocrx_word' id='word_1_873' title='bbox 2509 2763 2594 2832; x_wconf 87' lang='lat' dir='ltr'><strong>qui</strong></span> <span class='ocrx_word' id='word_1_874' title='bbox 2622 2764 2863 2816; x_wconf 84' lang='lat' dir='ltr'><strong>tribulunt</strong></span> <span class='ocrx_word' id='word_1_875' title='bbox 2893 2779 2970 2815; x_wconf 90' lang='lat' dir='ltr'><strong>me</strong></span> <span class='ocrx_word' id='word_1_876' title='bbox 2994 2761 3164 2828; x_wconf 84' lang='lat' dir='ltr'><strong>(Psul.</strong></span> <span class='ocrx_word' id='word_1_877' title='bbox 3189 2765 3238 2818; x_wconf 81' lang='grc'><strong>5.</strong></span> <span class='ocrx_word' id='word_1_878' title='bbox 3274 2765 3320 2833; x_wconf 88' lang='grc'><strong>1)</strong></span> <span class='ocrx_word' id='word_1_879' title='bbox 3344 2766 3366 2817; x_wconf 86' lang='lat'><strong>?</strong></span> <span class='ocrx_word' id='word_1_880' title='bbox 3390 2761 3454 2818; x_wconf 82' lang='lat' dir='ltr'><strong>Et</strong></span> <span class='ocrx_word' id='word_1_881' title='bbox 3481 2761 3827 2822; x_wconf 77' lang='lat' dir='ltr'><strong>introduccns</strong></span> 
     </span>
    </p>
   </div>
   <div class='ocr_carea' id='block_1_114' title="bbox 2255 2833 3827 2907">
    <p class='ocr_par' dir='ltr' id='par_1_114' title="bbox 2255 2833 3827 2907">
     <span class='ocr_line' id='line_1_115' title="bbox 2255 2833 3827 2907; baseline 0.006 -26"><span class='ocrx_word' id='word_1_882' title='bbox 2255 2833 2581 2907; x_wconf 74' lang='lat' dir='ltr'><strong>prophetiam</strong></span> <span class='ocrx_word' id='word_1_883' title='bbox 2641 2835 2918 2885; x_wconf 62' lang='lat' dir='ltr'><strong>dominica:</strong></span> <span class='ocrx_word' id='word_1_884' title='bbox 2973 2833 3266 2900; x_wconf 84' lang='lat' dir='ltr'><strong>passionis,</strong></span> <span class='ocrx_word' id='word_1_885' title='bbox 3314 2834 3514 2907; x_wconf 79' lang='lat' dir='ltr'><strong>addidit</strong></span> <span class='ocrx_word' id='word_1_886' title='bbox 3559 2836 3626 2888; x_wconf 80' lang='lat' dir='ltr'><strong>ita</strong></span> <span class='ocrx_word' id='word_1_887' title='bbox 3663 2855 3676 2890; x_wconf 89' lang='lat'><strong>:</strong></span> <span class='ocrx_word' id='word_1_888' title='bbox 3711 2837 3827 2907; x_wconf 57' lang='lat' dir='ltr'><strong>Ego</strong></span> 
     </span>
    </p>
   </div>
   <div class='ocr_carea' id='block_1_115' title="bbox 2253 2901 3824 2974">
    <p class='ocr_par' dir='ltr' id='par_1_115' title="bbox 2253 2901 3824 2974">
     <span class='ocr_line' id='line_1_116' title="bbox 2253 2901 3824 2974; baseline 0.006 -24"><span class='ocrx_word' id='word_1_889' title='bbox 2253 2901 2463 2974; x_wconf 83' lang='lat' dir='ltr'><strong>dormivi</strong></span> <span class='ocrx_word' id='word_1_890' title='bbox 2492 2911 2536 2955; x_wconf 87' lang='lat' dir='ltr'><strong>et</strong></span> <span class='ocrx_word' id='word_1_891' title='bbox 2565 2913 2985 2974; x_wconf 56' lang='lat' dir='ltr'><strong>soporatussum,</strong></span> <span class='ocrx_word' id='word_1_892' title='bbox 3021 2913 3066 2955; x_wconf 91' lang='lat' dir='ltr'><strong>et</strong></span> <span class='ocrx_word' id='word_1_893' title='bbox 3102 2905 3359 2974; x_wconf 75' lang='lat' dir='ltr'><strong>exsurrexi</strong></span> <span class='ocrx_word' id='word_1_894' title='bbox 3385 2945 3398 2966; x_wconf 92' lang='lat'><strong>,</strong></span> <span class='ocrx_word' id='word_1_895' title='bbox 3444 2907 3681 2974; x_wconf 85' lang='lat' dir='ltr'><strong>quoniam</strong></span> <span class='ocrx_word' id='word_1_896' title='bbox 3713 2901 3824 2960; x_wconf 70' lang='lat' dir='ltr'><strong>ob.</strong></span> 
     </span>
    </p>
   </div>
   <div class='ocr_carea' id='block_1_116' title="bbox 2251 2969 3823 3043">
    <p class='ocr_par' dir='ltr' id='par_1_116' title="bbox 2251 2969 3823 3043">
     <span class='ocr_line' id='line_1_117' title="bbox 2251 2969 3823 3043; baseline 0.006 -23"><span class='ocrx_word' id='word_1_897' title='bbox 2251 2970 2414 3043; x_wconf 75' lang='lat' dir='ltr'><strong>minus</strong></span> <span class='ocrx_word' id='word_1_898' title='bbox 2443 2973 2657 3043; x_wconf 81' lang='lat' dir='ltr'><strong>suscepit</strong></span> <span class='ocrx_word' id='word_1_899' title='bbox 2704 2988 2781 3043; x_wconf 82' lang='lat' dir='ltr'><strong>me</strong></span> <span class='ocrx_word' id='word_1_900' title='bbox 2810 2969 2969 3043; x_wconf 57' lang='lat' dir='ltr'><strong>(Ibid.</strong></span> <span class='ocrx_word' id='word_1_901' title='bbox 2999 2988 3045 3026; x_wconf 91' lang='lat' dir='ltr'><strong>v.</strong></span> <span class='ocrx_word' id='word_1_902' title='bbox 3088 2971 3168 3040; x_wconf 86' lang='lat'><strong>6).</strong></span> <span class='ocrx_word' id='word_1_903' title='bbox 3195 2972 3282 3026; x_wconf 85' lang='lat' dir='ltr'><strong>Illa</strong></span> <span class='ocrx_word' id='word_1_904' title='bbox 3313 2969 3596 3043; x_wconf 56' lang='lat' dir='ltr'><strong>ergo&#39;quze</strong></span> <span class='ocrx_word' id='word_1_905' title='bbox 3645 2976 3780 3030; x_wconf 79' lang='lat' dir='ltr'><strong>dixit</strong></span> <span class='ocrx_word' id='word_1_906' title='bbox 3806 3017 3823 3042; x_wconf 93' lang='lat'><strong>,</strong></span> 
     </span>
    </p>
   </div>
   <div class='ocr_carea' id='block_1_117' title="bbox 2250 3038 3825 3110">
    <p class='ocr_par' dir='ltr' id='par_1_117' title="bbox 2250 3038 3825 3110">
     <span class='ocr_line' id='line_1_118' title="bbox 2250 3038 3825 3110; baseline 0.006 -19"><span class='ocrx_word' id='word_1_907' title='bbox 2250 3038 2482 3100; x_wconf 85' lang='lat' dir='ltr'><strong>Domine,</strong></span> <span class='ocrx_word' id='word_1_908' title='bbox 2507 3041 2625 3109; x_wconf 86' lang='lat' dir='ltr'><strong>quid</strong></span> <span class='ocrx_word' id='word_1_909' title='bbox 2655 3042 2972 3108; x_wconf 87' lang='lat' dir='ltr'><strong>multiplicati</strong></span> <span class='ocrx_word' id='word_1_910' title='bbox 2998 3053 3111 3094; x_wconf 88' lang='lat' dir='ltr'><strong>sunt</strong></span> <span class='ocrx_word' id='word_1_911' title='bbox 3129 3038 3223 3110; x_wconf 82' lang='lat' dir='ltr'><strong>qui</strong></span> <span class='ocrx_word' id='word_1_912' title='bbox 3253 3038 3613 3109; x_wconf 61' lang='lat' dir='ltr'><strong>tribulanfme,</strong></span> <span class='ocrx_word' id='word_1_913' title='bbox 3639 3054 3691 3098; x_wconf 89' lang='lat' dir='ltr'><strong>et</strong></span> <span class='ocrx_word' id='word_1_914' title='bbox 3713 3038 3825 3100; x_wconf 55' lang='lat' dir='ltr'><strong>cm;</strong></span> 
     </span>
    </p>
   </div>
   <div class='ocr_carea' id='block_1_118' title="bbox 2253 3112 3822 3184">
    <p class='ocr_par' dir='ltr' id='par_1_118' title="bbox 2253 3112 3822 3184">
     <span class='ocr_line' id='line_1_119' title="bbox 2253 3112 3822 3184; baseline 0.006 -24"><span class='ocrx_word' id='word_1_915' title='bbox 2253 3119 2384 3174; x_wconf 84' lang='lat' dir='ltr'><strong>tera,</strong></span> <span class='ocrx_word' id='word_1_916' title='bbox 2413 3127 2528 3184; x_wconf 65' lang='lat' dir='ltr'><strong>qua:</strong></span> <span class='ocrx_word' id='word_1_917' title='bbox 2559 3112 2882 3177; x_wconf 59' lang='lat' dir='ltr'><strong>praecedunt,</strong></span> <span class='ocrx_word' id='word_1_918' title='bbox 2913 3112 3202 3184; x_wconf 77' lang='lat' dir='ltr'><strong>secundum</strong></span> <span class='ocrx_word' id='word_1_919' title='bbox 3231 3112 3506 3184; x_wconf 89' lang='lat' dir='ltr'><strong>historiam</strong></span> <span class='ocrx_word' id='word_1_920' title='bbox 3557 3115 3822 3184; x_wconf 84' lang='lat' dir='ltr'><strong>intelliga-</strong></span> 
     </span>
    </p>
   </div>
   <div class='ocr_carea' id='block_1_119' title="bbox 2252 3179 3825 3252">
    <p class='ocr_par' dir='ltr' id='par_1_119' title="bbox 2252 3179 3825 3252">
     <span class='ocr_line' id='line_1_120' title="bbox 2252 3179 3825 3252; baseline 0.006 -22"><span class='ocrx_word' id='word_1_921' title='bbox 2252 3193 2387 3232; x_wconf 91' lang='lat' dir='ltr'><strong>mus.</strong></span> <span class='ocrx_word' id='word_1_922' title='bbox 2418 3179 2538 3252; x_wconf 74' lang='lat' dir='ltr'><strong>Il.ec</strong></span> <span class='ocrx_word' id='word_1_923' title='bbox 2564 3189 2736 3252; x_wconf 75' lang='lat' dir='ltr'><strong>atatem</strong></span> <span class='ocrx_word' id='word_1_924' title='bbox 2758 3221 2772 3240; x_wconf 92' lang='lat'><strong>,</strong></span> <span class='ocrx_word' id='word_1_925' title='bbox 2805 3195 2920 3252; x_wconf 71' lang='lat' dir='ltr'><strong>qua:</strong></span> <span class='ocrx_word' id='word_1_926' title='bbox 2945 3180 3097 3252; x_wconf 84' lang='lat' dir='ltr'><strong>dixit,</strong></span> <span class='ocrx_word' id='word_1_927' title='bbox 3121 3181 3227 3250; x_wconf 84' lang='lat' dir='ltr'><strong>Ego</strong></span> <span class='ocrx_word' id='word_1_928' title='bbox 3254 3183 3463 3252; x_wconf 81' lang='lat' dir='ltr'><strong>dormivi</strong></span> <span class='ocrx_word' id='word_1_929' title='bbox 3487 3194 3533 3235; x_wconf 89' lang='lat' dir='ltr'><strong>et</strong></span> <span class='ocrx_word' id='word_1_930' title='bbox 3556 3179 3825 3252; x_wconf 56' lang='lat' dir='ltr'><strong>sapora&#39;tus</strong></span> 
     </span>
    </p>
   </div>
   <div class='ocr_carea' id='block_1_120' title="bbox 2251 3248 3822 3320">
    <p class='ocr_par' dir='ltr' id='par_1_120' title="bbox 2251 3248 3822 3320">
     <span class='ocr_line' id='line_1_121' title="bbox 2251 3248 3822 3320; baseline 0.009 -25"><span class='ocrx_word' id='word_1_931' title='bbox 2251 3264 2381 3320; x_wconf 62' lang='lat' dir='ltr'><strong>sitm,</strong></span> <span class='ocrx_word' id='word_1_932' title='bbox 2413 3250 2456 3301; x_wconf 90' lang='lat' dir='ltr'><strong>si</strong></span> <span class='ocrx_word' id='word_1_933' title='bbox 2487 3249 2773 3302; x_wconf 91' lang='lat' dir='ltr'><strong>secundum</strong></span> <span class='ocrx_word' id='word_1_934' title='bbox 2807 3248 3079 3302; x_wconf 89' lang='lat' dir='ltr'><strong>historiam</strong></span> <span class='ocrx_word' id='word_1_935' title='bbox 3109 3248 3235 3304; x_wconf 81' lang='lat' dir='ltr'><strong>velis</strong></span> <span class='ocrx_word' id='word_1_936' title='bbox 3264 3251 3589 3320; x_wconf 87' lang='lat' dir='ltr'><strong>intelligere,</strong></span> <span class='ocrx_word' id='word_1_937' title='bbox 3614 3248 3822 3309; x_wconf 84' lang='lat' dir='ltr'><strong>nullum</strong></span> 
     </span>
    </p>
   </div>
   <div class='ocr_carea' id='block_1_121' title="bbox 2254 3318 3823 3390">
    <p class='ocr_par' dir='ltr' id='par_1_121' title="bbox 2254 3318 3823 3390">
     <span class='ocr_line' id='line_1_122' title="bbox 2254 3318 3823 3390; baseline 0.007 -23"><span class='ocrx_word' id='word_1_938' title='bbox 2254 3318 2447 3390; x_wconf 77' lang='lat' dir='ltr'><strong>habent</strong></span> <span class='ocrx_word' id='word_1_939' title='bbox 2470 3333 2712 3390; x_wconf 83' lang='lat' dir='ltr'><strong>saporem</strong></span> <span class='ocrx_word' id='word_1_940' title='bbox 2737 3359 2752 3383; x_wconf 95' lang='lat'><strong>,</strong></span> <span class='ocrx_word' id='word_1_941' title='bbox 2783 3330 2840 3373; x_wconf 87' lang='lat' dir='ltr'><strong>ut</strong></span> <span class='ocrx_word' id='word_1_942' title='bbox 2866 3320 3103 3372; x_wconf 88' lang='lat' dir='ltr'><strong>dicamus</strong></span> <span class='ocrx_word' id='word_1_943' title='bbox 3128 3361 3143 3382; x_wconf 94' lang='lat'><strong>,</strong></span> <span class='ocrx_word' id='word_1_944' title='bbox 3185 3321 3348 3374; x_wconf 89' lang='lat' dir='ltr'><strong>David</strong></span> <span class='ocrx_word' id='word_1_945' title='bbox 3389 3318 3508 3375; x_wconf 85' lang='lat' dir='ltr'><strong>cum</strong></span> <span class='ocrx_word' id='word_1_946' title='bbox 3550 3331 3823 3390; x_wconf 87' lang='lat' dir='ltr'><strong>pateretur</strong></span> 
     </span>
    </p>
   </div>
   <div class='ocr_carea' id='block_1_122' title="bbox 2251 3386 3818 3458">
    <p class='ocr_par' dir='ltr' id='par_1_122' title="bbox 2251 3386 3818 3458">
     <span class='ocr_line' id='line_1_123' title="bbox 2251 3386 3818 3458; baseline 0.004 -19"><span class='ocrx_word' id='word_1_947' title='bbox 2251 3402 2277 3439; x_wconf 90' lang='lat' dir='ltr'><strong>a</strong></span> <span class='ocrx_word' id='word_1_948' title='bbox 2313 3386 2438 3443; x_wconf 87' lang='lat' dir='ltr'><strong>ﬁlio.</strong></span> <span class='ocrx_word' id='word_1_949' title='bbox 2469 3387 2718 3441; x_wconf 86' lang='lat' dir='ltr'><strong>dormivit</strong></span> <span class='ocrx_word' id='word_1_950' title='bbox 2747 3398 2798 3440; x_wconf 90' lang='lat' dir='ltr'><strong>et</strong></span> <span class='ocrx_word' id='word_1_951' title='bbox 2824 3389 3070 3442; x_wconf 83' lang='lat' dir='ltr'><strong>surrexit.</strong></span> <span class='ocrx_word' id='word_1_952' title='bbox 3092 3391 3368 3456; x_wconf 83' lang='lat' dir='ltr'><strong>Quomodo</strong></span> <span class='ocrx_word' id='word_1_953' title='bbox 3386 3392 3527 3444; x_wconf 90' lang='lat' dir='ltr'><strong>enim</strong></span> <span class='ocrx_word' id='word_1_954' title='bbox 3549 3386 3818 3458; x_wconf 83' lang='lat' dir='ltr'><strong>dormivit,</strong></span> 
     </span>
    </p>
   </div>
   <div class='ocr_carea' id='block_1_123' title="bbox 2252 3458 3823 3530">
    <p class='ocr_par' dir='ltr' id='par_1_123' title="bbox 2252 3458 3823 3530">
     <span class='ocr_line' id='line_1_124' title="bbox 2252 3458 3823 3530; baseline 0.004 -21"><span class='ocrx_word' id='word_1_955' title='bbox 2252 3465 2307 3509; x_wconf 95' lang='lat' dir='ltr'><strong>ut</strong></span> <span class='ocrx_word' id='word_1_956' title='bbox 2331 3468 2568 3530; x_wconf 75' lang='lat' dir='ltr'><strong>surgeret</strong></span> <span class='ocrx_word' id='word_1_957' title='bbox 2597 3458 2617 3510; x_wconf 88' lang='lat'><strong>?</strong></span> <span class='ocrx_word' id='word_1_958' title='bbox 2643 3458 2775 3524; x_wconf 86' lang='lat' dir='ltr'><strong>Quid</strong></span> <span class='ocrx_word' id='word_1_959' title='bbox 2805 3459 2966 3530; x_wconf 87' lang='lat' dir='ltr'><strong>ergo?</strong></span> <span class='ocrx_word' id='word_1_960' title='bbox 2996 3458 3222 3530; x_wconf 85' lang='lat' dir='ltr'><strong>Necesse</strong></span> <span class='ocrx_word' id='word_1_961' title='bbox 3242 3460 3496 3512; x_wconf 87' lang='lat' dir='ltr'><strong>habemus</strong></span> <span class='ocrx_word' id='word_1_962' title='bbox 3524 3462 3823 3530; x_wconf 86' lang='lat' dir='ltr'><strong>relinquere</strong></span> 
     </span>
    </p>
   </div>
   <div class='ocr_carea' id='block_1_124' title="bbox 2250 3527 3819 3598">
    <p class='ocr_par' dir='ltr' id='par_1_124' title="bbox 2250 3527 3819 3598">
     <span class='ocr_line' id='line_1_125' title="bbox 2250 3527 3819 3598; baseline 0.005 -20"><span class='ocrx_word' id='word_1_963' title='bbox 2250 3527 2486 3598; x_wconf 72' lang='lat' dir='ltr'><strong>ordinem</strong></span> <span class='ocrx_word' id='word_1_964' title='bbox 2509 3527 2760 3598; x_wconf 68' lang='lat' dir='ltr'><strong>historim,</strong></span> <span class='ocrx_word' id='word_1_965' title='bbox 2778 3537 2831 3580; x_wconf 89' lang='lat' dir='ltr'><strong>et</strong></span> <span class='ocrx_word' id='word_1_966' title='bbox 2847 3529 3188 3598; x_wconf 84' lang='lat' dir='ltr'><strong>spiritualiter</strong></span> <span class='ocrx_word' id='word_1_967' title='bbox 3207 3530 3494 3598; x_wconf 89' lang='lat' dir='ltr'><strong>intelligere</strong></span> <span class='ocrx_word' id='word_1_968' title='bbox 3506 3529 3573 3583; x_wconf 88' lang='lat' dir='ltr'><strong>de</strong></span> <span class='ocrx_word' id='word_1_969' title='bbox 3585 3527 3819 3586; x_wconf 77' lang='lat' dir='ltr'><strong>Christo.</strong></span> 
     </span>
    </p>
   </div>
   <div class='ocr_carea' id='block_1_125' title="bbox 2250 3595 3820 3668">
    <p class='ocr_par' dir='ltr' id='par_1_125' title="bbox 2250 3595 3820 3668">
     <span class='ocr_line' id='line_1_126' title="bbox 2250 3595 3820 3668; baseline 0.006 -22"><span class='ocrx_word' id='word_1_970' title='bbox 2250 3595 2376 3668; x_wconf 68' lang='lat' dir='ltr'><strong>&#39;[ale</strong></span> <span class='ocrx_word' id='word_1_971' title='bbox 2403 3595 3019 3668; x_wconf 32' lang='lat' dir='ltr'><strong>estquod‘Petrusdicit</strong></span> <span class='ocrx_word' id='word_1_972' title='bbox 3047 3598 3098 3650; x_wconf 90' lang='lat' dir='ltr'><strong>in</strong></span> <span class='ocrx_word' id='word_1_973' title='bbox 3128 3598 3346 3668; x_wconf 72' lang='lat' dir='ltr'><strong>Actibus</strong></span> <span class='ocrx_word' id='word_1_974' title='bbox 3366 3595 3392 3658; x_wconf 60' lang='grc'><strong>,⁷</strong></span> <span class='ocrx_word' id='word_1_975' title='bbox 3421 3599 3780 3668; x_wconf 86' lang='lat' dir='ltr'><strong>interpretans</strong></span> <span class='ocrx_word' id='word_1_976' title='bbox 3803 3641 3820 3666; x_wconf 91' lang='lat'><strong>,</strong></span> 
     </span>
    </p>
   </div>
   <div class='ocr_carea' id='block_1_126' title="bbox 2255 3664 3817 3737">
    <p class='ocr_par' dir='ltr' id='par_1_126' title="bbox 2255 3664 3817 3737">
     <span class='ocr_line' id='line_1_127' title="bbox 2255 3664 3817 3737; baseline 0.005 -22"><span class='ocrx_word' id='word_1_977' title='bbox 2255 3664 2317 3737; x_wconf 65' lang='lat' dir='ltr'><strong>lit</strong></span> <span class='ocrx_word' id='word_1_978' title='bbox 2339 3682 2441 3737; x_wconf 69' lang='lat' dir='ltr'><strong>rion</strong></span> <span class='ocrx_word' id='word_1_979' title='bbox 2464 3666 2604 3737; x_wconf 79' lang='lat' dir='ltr'><strong>dabis</strong></span> <span class='ocrx_word' id='word_1_980' title='bbox 2636 3665 2877 3737; x_wconf 85' lang='lat' dir='ltr'><strong>Sanctum</strong></span> <span class='ocrx_word' id='word_1_981' title='bbox 2904 3677 3042 3717; x_wconf 87' lang='lat' dir='ltr'><strong>tuum</strong></span> <span class='ocrx_word' id='word_1_982' title='bbox 3073 3667 3236 3720; x_wconf 81' lang='lat' dir='ltr'><strong>videre</strong></span> <span class='ocrx_word' id='word_1_983' title='bbox 3281 3664 3650 3734; x_wconf 73' lang='lat' dir='ltr'><strong>corruptionem</strong></span> <span class='ocrx_word' id='word_1_984' title='bbox 3677 3664 3817 3737; x_wconf 78' lang='lat' dir='ltr'><strong>(Act.</strong></span> 
     </span>
    </p>
   </div>
   <div class='ocr_carea' id='block_1_127' title="bbox 2249 3733 3823 3805">
    <p class='ocr_par' dir='ltr' id='par_1_127' title="bbox 2249 3733 3823 3805">
     <span class='ocr_line' id='line_1_128' title="bbox 2249 3733 3823 3805; baseline 0.005 -21"><span class='ocrx_word' id='word_1_985' title='bbox 2249 3733 2302 3784; x_wconf 74' lang='lat'><strong>‘2.</strong></span> <span class='ocrx_word' id='word_1_986' title='bbox 2331 3736 2417 3786; x_wconf 65' lang='lat'><strong>27.</strong></span> <span class='ocrx_word' id='word_1_987' title='bbox 2450 3745 2502 3805; x_wconf 77' lang='lat' dir='ltr'><strong>et</strong></span> <span class='ocrx_word' id='word_1_988' title='bbox 2527 3735 2667 3786; x_wconf 82' lang='lat' dir='ltr'><strong>l’sal.</strong></span> <span class='ocrx_word' id='word_1_989' title='bbox 2699 3737 2784 3805; x_wconf 76' lang='lat'><strong>15.</strong></span> <span class='ocrx_word' id='word_1_990' title='bbox 2819 3735 2903 3805; x_wconf 83' lang='grc'><strong>10)</strong></span> <span class='ocrx_word' id='word_1_991' title='bbox 2931 3752 2943 3786; x_wconf 88' lang='lat'>:</span> <span class='ocrx_word' id='word_1_992' title='bbox 2975 3737 3097 3803; x_wconf 82' lang='lat' dir='ltr'><strong>quia</strong></span> <span class='ocrx_word' id='word_1_993' title='bbox 3139 3752 3239 3788; x_wconf 92' lang='lat' dir='ltr'><strong>non</strong></span> <span class='ocrx_word' id='word_1_994' title='bbox 3269 3733 3474 3804; x_wconf 82' lang='lat' dir='ltr'><strong>poterat</strong></span> <span class='ocrx_word' id='word_1_995' title='bbox 3502 3738 3602 3792; x_wconf 91' lang='lat' dir='ltr'><strong>hoc</strong></span> <span class='ocrx_word' id='word_1_996' title='bbox 3626 3733 3823 3792; x_wconf 78' lang='lat' dir='ltr'><strong>intelli-</strong></span> 
     </span>
    </p>
   </div>
   <div class='ocr_carea' id='block_1_128' title="bbox 2248 3804 3822 3876">
    <p class='ocr_par' dir='ltr' id='par_1_128' title="bbox 2248 3804 3822 3876">
     <span class='ocr_line' id='line_1_129' title="bbox 2248 3804 3822 3876; baseline 0.006 -24"><span class='ocrx_word' id='word_1_997' title='bbox 2248 3805 2459 3876; x_wconf 76' lang='lat' dir='ltr'><strong>gerede</strong></span> <span class='ocrx_word' id='word_1_998' title='bbox 2489 3804 2673 3876; x_wconf 78' lang='lat' dir='ltr'><strong>David,</strong></span> <span class='ocrx_word' id='word_1_999' title='bbox 2703 3804 2795 3858; x_wconf 87' lang='lat' dir='ltr'><strong>scd</strong></span> <span class='ocrx_word' id='word_1_1000' title='bbox 2824 3806 2888 3859; x_wconf 87' lang='lat' dir='ltr'><strong>de</strong></span> <span class='ocrx_word' id='word_1_1001' title='bbox 2913 3805 3126 3858; x_wconf 78' lang='lat' dir='ltr'><strong>Christo</strong></span> <span class='ocrx_word' id='word_1_1002' title='bbox 3159 3823 3171 3856; x_wconf 91' lang='lat'><strong>:</strong></span> <span class='ocrx_word' id='word_1_1003' title='bbox 3204 3810 3322 3876; x_wconf 87' lang='lat' dir='ltr'><strong>quia</strong></span> <span class='ocrx_word' id='word_1_1004' title='bbox 3363 3807 3522 3860; x_wconf 88' lang='lat' dir='ltr'><strong>David</strong></span> <span class='ocrx_word' id='word_1_1005' title='bbox 3549 3809 3677 3861; x_wconf 90' lang='lat' dir='ltr'><strong>vidit</strong></span> <span class='ocrx_word' id='word_1_1006' title='bbox 3697 3824 3822 3862; x_wconf 82' lang='lat' dir='ltr'><strong>cor-</strong></span> 
     </span>
    </p>
   </div>
   <div class='ocr_carea' id='block_1_129' title="bbox 2251 3874 3818 3945">
    <p class='ocr_par' dir='ltr' id='par_1_129' title="bbox 2251 3874 3818 3945">
     <span class='ocr_line' id='line_1_130' title="bbox 2251 3874 3818 3945; baseline 0.004 -20"><span class='ocrx_word' id='word_1_1007' title='bbox 2251 3875 2566 3945; x_wconf 85' lang='lat' dir='ltr'><strong>rnptionem,</strong></span> <span class='ocrx_word' id='word_1_1008' title='bbox 2599 3874 2837 3945; x_wconf 83' lang='lat' dir='ltr'><strong>Christus</strong></span> <span class='ocrx_word' id='word_1_1009' title='bbox 2861 3885 3032 3928; x_wconf 77' lang='lat' dir='ltr'><strong>autem</strong></span> <span class='ocrx_word' id='word_1_1010' title='bbox 3077 3874 3338 3929; x_wconf 72' lang='lat' dir='ltr'><strong>tertiadie</strong></span> <span class='ocrx_word' id='word_1_1011' title='bbox 3360 3891 3642 3945; x_wconf 75' lang='lat' dir='ltr'><strong>resargcus</strong></span> <span class='ocrx_word' id='word_1_1012' title='bbox 3671 3918 3685 3941; x_wconf 92' lang='lat'><strong>,</strong></span> <span class='ocrx_word' id='word_1_1013' title='bbox 3713 3893 3818 3932; x_wconf 91' lang='lat' dir='ltr'><strong>non</strong></span> 
     </span>
    </p>
   </div>
   <div class='ocr_carea' id='block_1_130' title="bbox 2249 3944 3820 4012">
    <p class='ocr_par' dir='ltr' id='par_1_130' title="bbox 2249 3944 3820 4012">
     <span class='ocr_line' id='line_1_131' title="bbox 2249 3944 3820 4012; baseline 0.005 -19"><span class='ocrx_word' id='word_1_1014' title='bbox 2249 3944 2376 3996; x_wconf 89' lang='lat' dir='ltr'><strong>vidit</strong></span> <span class='ocrx_word' id='word_1_1015' title='bbox 2405 3944 2814 4011; x_wconf 89' lang='lat' dir='ltr'><strong>corruptionem.</strong></span> <span class='ocrx_word' id='word_1_1016' title='bbox 2835 3945 3272 4012; x_wconf 76' lang='lat' dir='ltr'><strong>Sicintelligenda</strong></span> <span class='ocrx_word' id='word_1_1017' title='bbox 3305 3955 3384 3999; x_wconf 88' lang='lat' dir='ltr'><strong>est</strong></span> <span class='ocrx_word' id='word_1_1018' title='bbox 3407 3959 3458 3999; x_wconf 83' lang='lat' dir='ltr'><strong>et</strong></span> <span class='ocrx_word' id='word_1_1019' title='bbox 3489 3944 3601 4000; x_wconf 73' lang='lat' dir='ltr'><strong>lucc</strong></span> <span class='ocrx_word' id='word_1_1020' title='bbox 3623 3947 3820 4001; x_wconf 82' lang='lat' dir='ltr'><strong>Christi</strong></span> 
     </span>
    </p>
   </div>
   <div class='ocr_carea' id='block_1_131' title="bbox 2252 4014 3822 4084">
    <p class='ocr_par' dir='ltr' id='par_1_131' title="bbox 2252 4014 3822 4084">
     <span class='ocr_line' id='line_1_132' title="bbox 2252 4014 3822 4084; baseline 0.006 -21"><span class='ocrx_word' id='word_1_1021' title='bbox 2252 4014 2544 4080; x_wconf 87' lang='lat' dir='ltr'><strong>prophetia.</strong></span> <span class='ocrx_word' id='word_1_1022' title='bbox 2580 4014 2747 4080; x_wconf 78' lang='lat' dir='ltr'><strong>Coepit</strong></span> <span class='ocrx_word' id='word_1_1023' title='bbox 2792 4029 2853 4066; x_wconf 80' lang='lat' dir='ltr'><strong>ex</strong></span> <span class='ocrx_word' id='word_1_1024' title='bbox 2899 4015 3178 4084; x_wconf 74' lang='lat' dir='ltr'><strong>occasione</strong></span> <span class='ocrx_word' id='word_1_1025' title='bbox 3226 4017 3514 4083; x_wconf 87' lang='lat' dir='ltr'><strong>corporalis</strong></span> <span class='ocrx_word' id='word_1_1026' title='bbox 3545 4016 3678 4084; x_wconf 80' lang='lat' dir='ltr'><strong>fuga:</strong></span> <span class='ocrx_word' id='word_1_1027' title='bbox 3705 4055 3722 4078; x_wconf 93' lang='lat'><strong>,</strong></span> <span class='ocrx_word' id='word_1_1028' title='bbox 3767 4028 3822 4071; x_wconf 79' lang='lat' dir='ltr'><strong>et</strong></span> 
     </span>
    </p>
   </div>
   <div class='ocr_carea' id='block_1_132' title="bbox 2250 4083 3819 4154">
    <p class='ocr_par' dir='ltr' id='par_1_132' title="bbox 2250 4083 3819 4154">
     <span class='ocr_line' id='line_1_133' title="bbox 2250 4083 3819 4154; baseline 0.003 -20"><span class='ocrx_word' id='word_1_1029' title='bbox 2250 4085 2528 4154; x_wconf 77' lang='lat' dir='ltr'><strong>(pnel‘acta</strong></span> <span class='ocrx_word' id='word_1_1030' title='bbox 2554 4091 2629 4154; x_wconf 82' lang='lat' dir='ltr'><strong>est</strong></span> <span class='ocrx_word' id='word_1_1031' title='bbox 2657 4091 2893 4154; x_wconf 80' lang='lat' dir='ltr'><strong>tempore</strong></span> <span class='ocrx_word' id='word_1_1032' title='bbox 2920 4083 3008 4135; x_wconf 92' lang='lat' dir='ltr'><strong>illo</strong></span> <span class='ocrx_word' id='word_1_1033' title='bbox 3041 4083 3101 4154; x_wconf 82' lang='lat' dir='ltr'><strong>in</strong></span> <span class='ocrx_word' id='word_1_1034' title='bbox 3118 4083 3430 4154; x_wconf 81' lang='lat' dir='ltr'><strong>Jerusalem,</strong></span> <span class='ocrx_word' id='word_1_1035' title='bbox 3460 4094 3514 4154; x_wconf 86' lang='lat' dir='ltr'><strong>et</strong></span> <span class='ocrx_word' id='word_1_1036' title='bbox 3540 4083 3819 4154; x_wconf 81' lang='lat' dir='ltr'><strong>prophetia</strong></span> 
     </span>
    </p>
   </div>
   <div class='ocr_carea' id='block_1_133' title="bbox 2254 4152 3822 4222">
    <p class='ocr_par' dir='ltr' id='par_1_133' title="bbox 2254 4152 3822 4222">
     <span class='ocr_line' id='line_1_134' title="bbox 2254 4152 3822 4222; baseline 0.004 -20"><span class='ocrx_word' id='word_1_1037' title='bbox 2254 4153 2417 4222; x_wconf 78' lang='lat' dir='ltr'><strong>magis</strong></span> <span class='ocrx_word' id='word_1_1038' title='bbox 2446 4153 2511 4204; x_wconf 91' lang='lat' dir='ltr'><strong>de</strong></span> <span class='ocrx_word' id='word_1_1039' title='bbox 2551 4152 2823 4218; x_wconf 89' lang='lat' dir='ltr'><strong>spirituali.</strong></span> <span class='ocrx_word' id='word_1_1040' title='bbox 2860 4152 2992 4204; x_wconf 76' lang='lat' dir='ltr'><strong>Ecce</strong></span> <span class='ocrx_word' id='word_1_1041' title='bbox 3010 4153 3162 4222; x_wconf 87' lang='lat' dir='ltr'><strong>enim</strong></span> <span class='ocrx_word' id='word_1_1042' title='bbox 3210 4153 3311 4207; x_wconf 93' lang='lat' dir='ltr'><strong>hoc</strong></span> <span class='ocrx_word' id='word_1_1043' title='bbox 3335 4153 3473 4221; x_wconf 90' lang='lat' dir='ltr'><strong>quod</strong></span> <span class='ocrx_word' id='word_1_1044' title='bbox 3513 4152 3672 4217; x_wconf 55' lang='lat' dir='ltr'><strong>dicit,</strong></span> <span class='ocrx_word' id='word_1_1045' title='bbox 3719 4157 3822 4222; x_wconf 83' lang='lat' dir='ltr'><strong>Qui</strong></span> 
     </span>
    </p>
   </div>
   <div class='ocr_carea' id='block_1_134' title="bbox 2251 4220 3816 4291">
    <p class='ocr_par' dir='ltr' id='par_1_134' title="bbox 2251 4220 3816 4291">
     <span class='ocr_line' id='line_1_135' title="bbox 2251 4220 3816 4291; baseline 0.006 -21"><span class='ocrx_word' id='word_1_1046' title='bbox 2251 4221 2300 4270; x_wconf 75' lang='lat' dir='ltr'><strong>in</strong></span> <span class='ocrx_word' id='word_1_1047' title='bbox 2331 4220 2512 4271; x_wconf 74' lang='lat' dir='ltr'><strong>ludam</strong></span> <span class='ocrx_word' id='word_1_1048' title='bbox 2542 4230 2674 4280; x_wconf 82' lang='lat' dir='ltr'><strong>sunt,</strong></span> <span class='ocrx_word' id='word_1_1049' title='bbox 2708 4221 2904 4288; x_wconf 77' lang='lat' dir='ltr'><strong>fugiant</strong></span> <span class='ocrx_word' id='word_1_1050' title='bbox 2951 4221 3017 4272; x_wconf 87' lang='lat' dir='ltr'><strong>ad</strong></span> <span class='ocrx_word' id='word_1_1051' title='bbox 3064 4231 3252 4274; x_wconf 88' lang='lat' dir='ltr'><strong>montes</strong></span> <span class='ocrx_word' id='word_1_1052' title='bbox 3297 4237 3315 4274; x_wconf 87' lang='lat'><strong><em>:</em></strong></span> <span class='ocrx_word' id='word_1_1053' title='bbox 3351 4220 3699 4291; x_wconf 79' lang='lat' dir='ltr'><strong>eorporahter</strong></span> <span class='ocrx_word' id='word_1_1054' title='bbox 3726 4220 3816 4279; x_wconf 56' lang='lat' dir='ltr'><strong>sc-</strong></span> 
     </span>
    </p>
   </div>
   <div class='ocr_carea' id='block_1_135' title="bbox 2252 4291 3822 4360">
    <p class='ocr_par' dir='ltr' id='par_1_135' title="bbox 2252 4291 3822 4360">
     <span class='ocr_line' id='line_1_136' title="bbox 2252 4291 3822 4360; baseline 0.006 -20"><span class='ocrx_word' id='word_1_1055' title='bbox 2252 4292 2476 4340; x_wconf 88' lang='lat' dir='ltr'><strong>cundum</strong></span> <span class='ocrx_word' id='word_1_1056' title='bbox 2509 4293 2798 4354; x_wconf 75' lang='lat' dir='ltr'><strong>historiam,</strong></span> <span class='ocrx_word' id='word_1_1057' title='bbox 2824 4300 2878 4344; x_wconf 84' lang='lat' dir='ltr'><strong>et</strong></span> <span class='ocrx_word' id='word_1_1058' title='bbox 2907 4291 2950 4343; x_wconf 89' lang='lat' dir='ltr'><strong>si</strong></span> <span class='ocrx_word' id='word_1_1059' title='bbox 2989 4291 3064 4343; x_wconf 85' lang='lat' dir='ltr'><strong>vis</strong></span> <span class='ocrx_word' id='word_1_1060' title='bbox 3095 4291 3384 4358; x_wconf 84' lang='lat' dir='ltr'><strong>intelligere</strong></span> <span class='ocrx_word' id='word_1_1061' title='bbox 3411 4332 3425 4355; x_wconf 96' lang='lat'><strong>,</strong></span> <span class='ocrx_word' id='word_1_1062' title='bbox 3457 4295 3709 4360; x_wconf 84' lang='lat' dir='ltr'><strong>possibile</strong></span> <span class='ocrx_word' id='word_1_1063' title='bbox 3737 4305 3822 4349; x_wconf 80' lang='lat' dir='ltr'><strong>est</strong></span> 
     </span>
    </p>
   </div>
   <div class='ocr_carea' id='block_1_136' title="bbox 2255 4360 3822 4429">
    <p class='ocr_par' dir='ltr' id='par_1_136' title="bbox 2255 4360 3822 4429">
     <span class='ocr_line' id='line_1_137' title="bbox 2255 4360 3822 4429; baseline 0.004 -19"><span class='ocrx_word' id='word_1_1064' title='bbox 2255 4361 2302 4410; x_wconf 90' lang='lat' dir='ltr'><strong>itt</strong></span> <span class='ocrx_word' id='word_1_1065' title='bbox 2336 4369 2576 4429; x_wconf 79' lang='lat' dir='ltr'><strong>tempore</strong></span> <span class='ocrx_word' id='word_1_1066' title='bbox 2619 4360 3020 4412; x_wconf 77' lang='lat' dir='ltr'><strong>Iiutnanorum:</strong></span> <span class='ocrx_word' id='word_1_1067' title='bbox 3071 4361 3119 4412; x_wconf 91' lang='lat' dir='ltr'><strong>in</strong></span> <span class='ocrx_word' id='word_1_1068' title='bbox 3154 4371 3389 4429; x_wconf 85' lang='lat' dir='ltr'><strong>tempore</strong></span> <span class='ocrx_word' id='word_1_1069' title='bbox 3442 4373 3618 4415; x_wconf 80' lang='lat' dir='ltr'><strong>autem</strong></span> <span class='ocrx_word' id='word_1_1070' title='bbox 3668 4366 3822 4417; x_wconf 81' lang='lat' dir='ltr'><strong>Anti-</strong></span> 
     </span>
    </p>
   </div>
   <div class='ocr_carea' id='block_1_137' title="bbox 2254 4428 3821 4500">
    <p class='ocr_par' dir='ltr' id='par_1_137' title="bbox 2254 4428 3821 4500">
     <span class='ocr_line' id='line_1_138' title="bbox 2254 4428 3821 4500; baseline 0.006 -20"><span class='ocrx_word' id='word_1_1071' title='bbox 2254 4429 2432 4500; x_wconf 77' lang='lat' dir='ltr'><strong>christi</strong></span> <span class='ocrx_word' id='word_1_1072' title='bbox 2465 4428 2733 4500; x_wconf 62' lang='lat' dir='ltr'><strong>dedudma</strong></span> <span class='ocrx_word' id='word_1_1073' title='bbox 2756 4430 2818 4482; x_wconf 90' lang='lat' dir='ltr'><strong>ad</strong></span> <span class='ocrx_word' id='word_1_1074' title='bbox 2859 4440 3063 4483; x_wconf 90' lang='lat' dir='ltr'><strong>montes</strong></span> <span class='ocrx_word' id='word_1_1075' title='bbox 3103 4428 3281 4498; x_wconf 84' lang='lat' dir='ltr'><strong>fugere</strong></span> <span class='ocrx_word' id='word_1_1076' title='bbox 3308 4434 3676 4500; x_wconf 85' lang='lat' dir='ltr'><strong>corporaliter,</strong></span> <span class='ocrx_word' id='word_1_1077' title='bbox 3710 4450 3821 4489; x_wconf 91' lang='lat' dir='ltr'><strong>non</strong></span> 
     </span>
    </p>
   </div>
   <div class='ocr_carea' id='block_1_138' title="bbox 2253 4499 3822 4567">
    <p class='ocr_par' dir='ltr' id='par_1_138' title="bbox 2253 4499 3822 4567">
     <span class='ocr_line' id='line_1_139' title="bbox 2253 4499 3822 4567; baseline 0.003 -17"><span class='ocrx_word' id='word_1_1078' title='bbox 2253 4499 2501 4566; x_wconf 82' lang='lat' dir='ltr'><strong>proderit.</strong></span> <span class='ocrx_word' id='word_1_1079' title='bbox 2547 4499 2800 4559; x_wconf 81' lang='lat' dir='ltr'><strong>Primum,</strong></span> <span class='ocrx_word' id='word_1_1080' title='bbox 2852 4503 2970 4567; x_wconf 89' lang='lat' dir='ltr'><strong>quia</strong></span> <span class='ocrx_word' id='word_1_1081' title='bbox 3001 4515 3097 4552; x_wconf 91' lang='lat' dir='ltr'><strong>nec</strong></span> <span class='ocrx_word' id='word_1_1082' title='bbox 3143 4501 3245 4553; x_wconf 90' lang='lat' dir='ltr'><strong>erit</strong></span> <span class='ocrx_word' id='word_1_1083' title='bbox 3291 4499 3649 4556; x_wconf 83' lang='lat' dir='ltr'><strong>Antichristus</strong></span> <span class='ocrx_word' id='word_1_1084' title='bbox 3701 4512 3822 4555; x_wconf 84' lang='lat' dir='ltr'><strong>tan-</strong></span> 
     </span>
    </p>
   </div>
   <div class='ocr_carea' id='block_1_139' title="bbox 2253 4568 3824 4629">
    <p class='ocr_par' dir='ltr' id='par_1_139' title="bbox 2253 4568 3824 4629">
     <span class='ocr_line' id='line_1_140' title="bbox 2253 4568 3824 4629; baseline 0.004 -8"><span class='ocrx_word' id='word_1_1085' title='bbox 2253 4569 2522 4621; x_wconf 89' lang='lat' dir='ltr'><strong>tummodo</strong></span> <span class='ocrx_word' id='word_1_1086' title='bbox 2566 4569 2614 4620; x_wconf 92' lang='lat' dir='ltr'><strong>in</strong></span> <span class='ocrx_word' id='word_1_1087' title='bbox 2649 4577 2786 4621; x_wconf 88' lang='lat' dir='ltr'><strong>terra</strong></span> <span class='ocrx_word' id='word_1_1088' title='bbox 2807 4568 3010 4629; x_wconf 65' lang='lat' dir='ltr'><strong>.Inda‘a,</strong></span> <span class='ocrx_word' id='word_1_1089' title='bbox 3043 4584 3141 4622; x_wconf 91' lang='lat' dir='ltr'><strong>nec</strong></span> <span class='ocrx_word' id='word_1_1090' title='bbox 3178 4569 3343 4624; x_wconf 72' lang='lat' dir='ltr'><strong>Judmi</strong></span> <span class='ocrx_word' id='word_1_1091' title='bbox 3369 4571 3524 4624; x_wconf 85' lang='lat' dir='ltr'><strong>futuri</strong></span> <span class='ocrx_word' id='word_1_1092' title='bbox 3549 4582 3670 4624; x_wconf 89' lang='lat' dir='ltr'><strong>sunt</strong></span> <span class='ocrx_word' id='word_1_1093' title='bbox 3694 4583 3824 4627; x_wconf 84' lang='lat' dir='ltr'><strong>ante</strong></span> 
     </span>
    </p>
   </div>
   <div class='ocr_carea' id='block_1_140' title="bbox 2252 4637 3822 4705">
    <p class='ocr_par' dir='ltr' id='par_1_140' title="bbox 2252 4637 3822 4705">
     <span class='ocr_line' id='line_1_141' title="bbox 2252 4637 3822 4705; baseline 0.003 -13"><span class='ocrx_word' id='word_1_1094' title='bbox 2252 4640 2417 4695; x_wconf 89' lang='lat' dir='ltr'><strong>illum.</strong></span> <span class='ocrx_word' id='word_1_1095' title='bbox 2450 4638 2541 4691; x_wconf 86' lang='lat' dir='ltr'><strong>sed</strong></span> <span class='ocrx_word' id='word_1_1096' title='bbox 2591 4639 2906 4705; x_wconf 86' lang='lat' dir='ltr'><strong>ubicumque</strong></span> <span class='ocrx_word' id='word_1_1097' title='bbox 2937 4637 3131 4693; x_wconf 85' lang='lat' dir='ltr'><strong>fuerint</strong></span> <span class='ocrx_word' id='word_1_1098' title='bbox 3155 4640 3469 4704; x_wconf 87' lang='lat' dir='ltr'><strong>Christiani,</strong></span> <span class='ocrx_word' id='word_1_1099' title='bbox 3516 4643 3582 4694; x_wconf 90' lang='lat' dir='ltr'><strong>ab</strong></span> <span class='ocrx_word' id='word_1_1100' title='bbox 3611 4643 3701 4695; x_wconf 90' lang='lat' dir='ltr'><strong>illo</strong></span> <span class='ocrx_word' id='word_1_1101' title='bbox 3730 4653 3822 4696; x_wconf 77' lang='lat' dir='ltr'><strong>aut</strong></span> 
     </span>
    </p>
   </div>
   <div class='ocr_carea' id='block_1_141' title="bbox 2251 4708 3820 4779">
    <p class='ocr_par' dir='ltr' id='par_1_141' title="bbox 2251 4708 3820 4779">
     <span class='ocr_line' id='line_1_142' title="bbox 2251 4708 3820 4779; baseline 0.004 -21"><span class='ocrx_word' id='word_1_1102' title='bbox 2251 4723 2278 4758; x_wconf 89' lang='lat' dir='ltr'><strong>a</strong></span> <span class='ocrx_word' id='word_1_1103' title='bbox 2327 4708 2582 4761; x_wconf 89' lang='lat' dir='ltr'><strong>ministris</strong></span> <span class='ocrx_word' id='word_1_1104' title='bbox 2617 4708 2731 4774; x_wconf 80' lang='lat' dir='ltr'><strong>ejus</strong></span> <span class='ocrx_word' id='word_1_1105' title='bbox 2771 4712 3230 4779; x_wconf 81' lang='lat' dir='ltr'><strong>persequutionem</strong></span> <span class='ocrx_word' id='word_1_1106' title='bbox 3281 4713 3483 4779; x_wconf 91' lang='lat' dir='ltr'><strong>passuri</strong></span> <span class='ocrx_word' id='word_1_1107' title='bbox 3515 4722 3638 4764; x_wconf 86' lang='lat' dir='ltr'><strong>sunt</strong></span> <span class='ocrx_word' id='word_1_1108' title='bbox 3670 4729 3682 4764; x_wconf 90' lang='lat'><strong>:</strong></span> <span class='ocrx_word' id='word_1_1109' title='bbox 3720 4728 3820 4767; x_wconf 83' lang='lat' dir='ltr'><strong>nec</strong></span> 
     </span>
    </p>
   </div>
   <div class='ocr_carea' id='block_1_142' title="bbox 2251 4778 3824 4847">
    <p class='ocr_par' dir='ltr' id='par_1_142' title="bbox 2251 4778 3824 4847">
     <span class='ocr_line' id='line_1_143' title="bbox 2251 4778 3824 4847; baseline 0.004 -19"><span class='ocrx_word' id='word_1_1110' title='bbox 2251 4779 2434 4829; x_wconf 83' lang='lat' dir='ltr'><strong>civitas</strong></span> <span class='ocrx_word' id='word_1_1111' title='bbox 2463 4779 2562 4829; x_wconf 88' lang='lat' dir='ltr'><strong>alia</strong></span> <span class='ocrx_word' id='word_1_1112' title='bbox 2588 4786 2712 4832; x_wconf 88' lang='lat' dir='ltr'><strong>tunc</strong></span> <span class='ocrx_word' id='word_1_1113' title='bbox 2737 4786 2816 4847; x_wconf 79' lang='lat' dir='ltr'><strong>est</strong></span> <span class='ocrx_word' id='word_1_1114' title='bbox 2840 4778 3260 4832; x_wconf 88' lang='lat' dir='ltr'><strong>circumsidenda</strong></span> <span class='ocrx_word' id='word_1_1115' title='bbox 3285 4778 3300 4840; x_wconf 81' lang='lat'><strong>,</strong></span> <span class='ocrx_word' id='word_1_1116' title='bbox 3324 4780 3415 4832; x_wconf 87' lang='lat' dir='ltr'><strong>sed</strong></span> <span class='ocrx_word' id='word_1_1117' title='bbox 3447 4781 3638 4847; x_wconf 89' lang='lat' dir='ltr'><strong>ubique</strong></span> <span class='ocrx_word' id='word_1_1118' title='bbox 3667 4779 3824 4834; x_wconf 89' lang='lat' dir='ltr'><strong>Cbri-</strong></span> 
     </span>
    </p>
   </div>
   <div class='ocr_carea' id='block_1_143' title="bbox 2253 4845 3820 4916">
    <p class='ocr_par' dir='ltr' id='par_1_143' title="bbox 2253 4845 3820 4916">
     <span class='ocr_line' id='line_1_144' title="bbox 2253 4845 3820 4916; baseline 0.005 -20"><span class='ocrx_word' id='word_1_1119' title='bbox 2253 4847 2452 4898; x_wconf 87' lang='lat' dir='ltr'><strong>stiauus</strong></span> <span class='ocrx_word' id='word_1_1120' title='bbox 2486 4847 2707 4914; x_wconf 89' lang='lat' dir='ltr'><strong>p0pulns</strong></span> <span class='ocrx_word' id='word_1_1121' title='bbox 2737 4845 3080 4915; x_wconf 87' lang='lat' dir='ltr'><strong>indagandos.</strong></span> <span class='ocrx_word' id='word_1_1122' title='bbox 3107 4848 3215 4901; x_wconf 93' lang='lat' dir='ltr'><strong>IIoc</strong></span> <span class='ocrx_word' id='word_1_1123' title='bbox 3256 4861 3431 4902; x_wconf 92' lang='lat' dir='ltr'><strong>autem</strong></span> <span class='ocrx_word' id='word_1_1124' title='bbox 3476 4845 3615 4916; x_wconf 80' lang='lat' dir='ltr'><strong>quod</strong></span> <span class='ocrx_word' id='word_1_1125' title='bbox 3649 4851 3782 4904; x_wconf 86' lang='lat' dir='ltr'><strong>dicit</strong></span> <span class='ocrx_word' id='word_1_1126' title='bbox 3805 4892 3820 4916; x_wconf 90' lang='lat'><strong>,</strong></span> 
     </span>
    </p>
   </div>
   <div class='ocr_carea' id='block_1_144' title="bbox 2256 4916 3822 4986">
    <p class='ocr_par' dir='ltr' id='par_1_144' title="bbox 2256 4916 3822 4986">
     <span class='ocr_line' id='line_1_145' title="bbox 2256 4916 3822 4986; baseline 0.005 -20"><span class='ocrx_word' id='word_1_1127' title='bbox 2256 4916 2352 4980; x_wconf 82' lang='lat' dir='ltr'><strong>Qui</strong></span> <span class='ocrx_word' id='word_1_1128' title='bbox 2377 4932 2526 4984; x_wconf 86' lang='lat' dir='ltr'><strong>super</strong></span> <span class='ocrx_word' id='word_1_1129' title='bbox 2548 4924 2727 4986; x_wconf 81' lang='lat' dir='ltr'><strong>tectum</strong></span> <span class='ocrx_word' id='word_1_1130' title='bbox 2756 4925 2825 4966; x_wconf 86' lang='lat' dir='ltr'><strong>est</strong></span> <span class='ocrx_word' id='word_1_1131' title='bbox 2850 4956 2862 4975; x_wconf 93' lang='lat'><strong>,</strong></span> <span class='ocrx_word' id='word_1_1132' title='bbox 2894 4934 2992 4968; x_wconf 87' lang='lat' dir='ltr'><strong>non</strong></span> <span class='ocrx_word' id='word_1_1133' title='bbox 3025 4917 3290 4970; x_wconf 85' lang='lat' dir='ltr'><strong>descendat</strong></span> <span class='ocrx_word' id='word_1_1134' title='bbox 3316 4918 3486 4970; x_wconf 84' lang='lat' dir='ltr'><strong>tollere</strong></span> <span class='ocrx_word' id='word_1_1135' title='bbox 3529 4920 3723 4986; x_wconf 85' lang='lat' dir='ltr'><strong>aliquid</strong></span> <span class='ocrx_word' id='word_1_1136' title='bbox 3759 4924 3822 4974; x_wconf 85' lang='lat' dir='ltr'><strong>de</strong></span> 
     </span>
    </p>
   </div>
   <div class='ocr_carea' id='block_1_145' title="bbox 2254 4984 3820 5056">
    <p class='ocr_par' dir='ltr' id='par_1_145' title="bbox 2254 4984 3820 5056">
     <span class='ocr_line' id='line_1_146' title="bbox 2254 4984 3820 5056; baseline 0.004 -20"><span class='ocrx_word' id='word_1_1137' title='bbox 2254 4988 2440 5056; x_wconf 71' lang='lat' dir='ltr'><strong>domo;</strong></span> <span class='ocrx_word' id='word_1_1138' title='bbox 2469 4986 2578 5056; x_wconf 81' lang='lat' dir='ltr'><strong>sive</strong></span> <span class='ocrx_word' id='word_1_1139' title='bbox 2600 4984 2651 5037; x_wconf 87' lang='lat' dir='ltr'><strong>in</strong></span> <span class='ocrx_word' id='word_1_1140' title='bbox 2684 4993 2919 5053; x_wconf 76' lang='lat' dir='ltr'><strong>tempan</strong></span> <span class='ocrx_word' id='word_1_1141' title='bbox 2943 4986 3295 5056; x_wconf 76' lang='lat' dir='ltr'><strong>Routanorum</strong></span> <span class='ocrx_word' id='word_1_1142' title='bbox 3319 5027 3333 5050; x_wconf 95' lang='lat'><strong>,</strong></span> <span class='ocrx_word' id='word_1_1143' title='bbox 3365 4987 3476 5040; x_wconf 84' lang='lat' dir='ltr'><strong>sive</strong></span> <span class='ocrx_word' id='word_1_1144' title='bbox 3497 4989 3547 5040; x_wconf 89' lang='lat' dir='ltr'><strong>in</strong></span> <span class='ocrx_word' id='word_1_1145' title='bbox 3578 4984 3820 5056; x_wconf 82' lang='lat' dir='ltr'><strong>letuport:</strong></span> 
     </span>
    </p>
   </div>
   <div class='ocr_carea' id='block_1_146' title="bbox 2257 5054 3824 5124">
    <p class='ocr_par' dir='ltr' id='par_1_146' title="bbox 2257 5054 3824 5124">
     <span class='ocr_line' id='line_1_147' title="bbox 2257 5054 3824 5124; baseline 0.003 -16"><span class='ocrx_word' id='word_1_1146' title='bbox 2257 5054 2597 5124; x_wconf 85' lang='lat' dir='ltr'><strong>Antichristi,</strong></span> <span class='ocrx_word' id='word_1_1147' title='bbox 2631 5070 2735 5106; x_wconf 92' lang='lat' dir='ltr'><strong>non</strong></span> <span class='ocrx_word' id='word_1_1148' title='bbox 2782 5064 2954 5122; x_wconf 80' lang='lat' dir='ltr'><strong>potest</strong></span> <span class='ocrx_word' id='word_1_1149' title='bbox 3002 5055 3196 5108; x_wconf 76' lang='lat' dir='ltr'><strong>habere</strong></span> <span class='ocrx_word' id='word_1_1150' title='bbox 3242 5057 3569 5124; x_wconf 73' lang='lat' dir='ltr'><strong>corporalem</strong></span> <span class='ocrx_word' id='word_1_1151' title='bbox 3613 5054 3824 5112; x_wconf 80' lang='lat' dir='ltr'><strong>intelle-</strong></span> 
     </span>
    </p>
   </div>
   <div class='ocr_carea' id='block_1_147' title="bbox 2254 5123 3818 5195">
    <p class='ocr_par' dir='ltr' id='par_1_147' title="bbox 2254 5123 3818 5195">
     <span class='ocr_line' id='line_1_148' title="bbox 2254 5123 3818 5195; baseline 0.003 -19"><span class='ocrx_word' id='word_1_1152' title='bbox 2254 5137 2394 5176; x_wconf 91' lang='lat' dir='ltr'><strong>ctum</strong></span> <span class='ocrx_word' id='word_1_1153' title='bbox 2414 5141 2426 5175; x_wconf 87' lang='lat'><strong>:</strong></span> <span class='ocrx_word' id='word_1_1154' title='bbox 2449 5123 2568 5190; x_wconf 86' lang='lat' dir='ltr'><strong>quia</strong></span> <span class='ocrx_word' id='word_1_1155' title='bbox 2593 5123 2651 5195; x_wconf 7' lang='lat' dir='ltr'><strong>in,</strong></span> <span class='ocrx_word' id='word_1_1156' title='bbox 2666 5133 2904 5195; x_wconf 81' lang='lat' dir='ltr'><strong>tempore</strong></span> <span class='ocrx_word' id='word_1_1157' title='bbox 2918 5126 3251 5190; x_wconf 86' lang='lat' dir='ltr'><strong>captivitatis,</strong></span> <span class='ocrx_word' id='word_1_1158' title='bbox 3269 5123 3356 5176; x_wconf 89' lang='lat' dir='ltr'><strong>aut</strong></span> <span class='ocrx_word' id='word_1_1159' title='bbox 3374 5130 3818 5195; x_wconf 73' lang='lat' dir='ltr'><strong>persequutioms,</strong></span> 
     </span>
    </p>
   </div>
   <div class='ocr_carea' id='block_1_148' title="bbox 2255 5194 3816 5261">
    <p class='ocr_par' dir='ltr' id='par_1_148' title="bbox 2255 5194 3816 5261">
     <span class='ocr_line' id='line_1_149' title="bbox 2255 5194 3816 5261; baseline 0.004 -19"><span class='ocrx_word' id='word_1_1160' title='bbox 2255 5195 2374 5261; x_wconf 88' lang='lat' dir='ltr'><strong>qttid</strong></span> <span class='ocrx_word' id='word_1_1161' title='bbox 2408 5195 2622 5260; x_wconf 83' lang='lat' dir='ltr'><strong>prodest</strong></span> <span class='ocrx_word' id='word_1_1162' title='bbox 2646 5194 2840 5245; x_wconf 88' lang='lat' dir='ltr'><strong>homini</strong></span> <span class='ocrx_word' id='word_1_1163' title='bbox 2868 5234 2882 5256; x_wconf 93' lang='lat'><strong>,</strong></span> <span class='ocrx_word' id='word_1_1164' title='bbox 2925 5196 2966 5245; x_wconf 80' lang='lat' dir='ltr'><strong>si</strong></span> <span class='ocrx_word' id='word_1_1165' title='bbox 2993 5195 3176 5246; x_wconf 86' lang='lat' dir='ltr'><strong>sedeat</strong></span> <span class='ocrx_word' id='word_1_1166' title='bbox 3196 5210 3351 5260; x_wconf 83' lang='lat' dir='ltr'><strong>super</strong></span> <span class='ocrx_word' id='word_1_1167' title='bbox 3384 5194 3597 5257; x_wconf 81' lang='lat' dir='ltr'><strong>lectum,</strong></span> <span class='ocrx_word' id='word_1_1168' title='bbox 3633 5209 3684 5250; x_wconf 87' lang='lat' dir='ltr'><strong>et</strong></span> <span class='ocrx_word' id='word_1_1169' title='bbox 3709 5216 3816 5248; x_wconf 88' lang='lat' dir='ltr'><strong>non</strong></span> 
     </span>
    </p>
   </div>
   <div class='ocr_carea' id='block_1_149' title="bbox 2255 5262 3818 5333">
    <p class='ocr_par' dir='ltr' id='par_1_149' title="bbox 2255 5262 3818 5333">
     <span class='ocr_line' id='line_1_150' title="bbox 2255 5262 3818 5333; baseline 0.002 -21"><span class='ocrx_word' id='word_1_1170' title='bbox 2255 5262 2850 5333; x_wconf 17' lang='lat' dir='ltr'><strong>«Inscendat‘deorsum?</strong></span> <span class='ocrx_word' id='word_1_1171' title='bbox 2889 5263 3011 5315; x_wconf 87' lang='lat' dir='ltr'><strong>Sine</strong></span> <span class='ocrx_word' id='word_1_1172' title='bbox 3040 5262 3200 5316; x_wconf 87' lang='lat' dir='ltr'><strong>dubio</strong></span> <span class='ocrx_word' id='word_1_1173' title='bbox 3247 5265 3384 5316; x_wconf 88' lang='lat' dir='ltr'><strong>enim</strong></span> <span class='ocrx_word' id='word_1_1174' title='bbox 3413 5304 3427 5326; x_wconf 94' lang='lat'><strong>,</strong></span> <span class='ocrx_word' id='word_1_1175' title='bbox 3477 5276 3566 5317; x_wconf 81' lang='lat' dir='ltr'><strong>aut</strong></span> <span class='ocrx_word' id='word_1_1176' title='bbox 3603 5268 3818 5333; x_wconf 87' lang='lat' dir='ltr'><strong>quaqu</strong></span> 
     </span>
    </p>
   </div>
   <div class='ocr_carea' id='block_1_150' title="bbox 2257 5331 3816 5400">
    <p class='ocr_par' dir='ltr' id='par_1_150' title="bbox 2257 5331 3816 5400">
     <span class='ocr_line' id='line_1_151' title="bbox 2257 5331 3816 5400; baseline 0.001 -17"><span class='ocrx_word' id='word_1_1177' title='bbox 2257 5348 2358 5383; x_wconf 88' lang='lat' dir='ltr'><strong>non</strong></span> <span class='ocrx_word' id='word_1_1178' title='bbox 2389 5333 2495 5384; x_wconf 83' lang='lat' dir='ltr'><strong>vult</strong></span> <span class='ocrx_word' id='word_1_1179' title='bbox 2535 5331 2834 5398; x_wconf 88' lang='lat' dir='ltr'><strong>deponitur,</strong></span> <span class='ocrx_word' id='word_1_1180' title='bbox 2869 5341 3092 5384; x_wconf 81' lang='lat' dir='ltr'><strong>autcum</strong></span> <span class='ocrx_word' id='word_1_1181' title='bbox 3124 5333 3232 5400; x_wconf 82' lang='lat' dir='ltr'><strong>ipsa</strong></span> <span class='ocrx_word' id='word_1_1182' title='bbox 3276 5335 3432 5386; x_wconf 85' lang='lat' dir='ltr'><strong>domu</strong></span> <span class='ocrx_word' id='word_1_1183' title='bbox 3456 5331 3816 5388; x_wconf 79' lang='lat' dir='ltr'><strong>succenditur.</strong></span> 
     </span>
    </p>
   </div>
   <div class='ocr_carea' id='block_1_151' title="bbox 2255 5400 3818 5472">
    <p class='ocr_par' dir='ltr' id='par_1_151' title="bbox 2255 5400 3818 5472">
     <span class='ocr_line' id='line_1_152' title="bbox 2255 5400 3818 5472; baseline 0.001 -20"><span class='ocrx_word' id='word_1_1184' title='bbox 2255 5400 2388 5465; x_wconf 86' lang='lat' dir='ltr'><strong>Quid</strong></span> <span class='ocrx_word' id='word_1_1185' title='bbox 2411 5415 2538 5472; x_wconf 73' lang='lat' dir='ltr'><strong>ergo</strong></span> <span class='ocrx_word' id='word_1_1186' title='bbox 2560 5400 3109 5472; x_wconf 76' lang='lat' dir='ltr'><strong>?_Spiritualiter_lnec</strong></span> <span class='ocrx_word' id='word_1_1187' title='bbox 3134 5403 3310 5455; x_wconf 90' lang='lat' dir='ltr'><strong>omnia</strong></span> <span class='ocrx_word' id='word_1_1188' title='bbox 3357 5405 3520 5472; x_wconf 79' lang='lat' dir='ltr'><strong>magis</strong></span> <span class='ocrx_word' id='word_1_1189' title='bbox 3565 5415 3688 5457; x_wconf 90' lang='lat' dir='ltr'><strong>sunt</strong></span> <span class='ocrx_word' id='word_1_1190' title='bbox 3736 5406 3818 5454; x_wconf 82' lang='lat' dir='ltr'><strong>iu-</strong></span> 
     </span>
    </p>
   </div>
   <div class='ocr_carea' id='block_1_152' title="bbox 2258 5467 3822 5540">
    <p class='ocr_par' dir='ltr' id='par_1_152' title="bbox 2258 5467 3822 5540">
     <span class='ocr_line' id='line_1_153' title="bbox 2258 5467 3822 5540; baseline -0.001 -18"><span class='ocrx_word' id='word_1_1191' title='bbox 2258 5470 2556 5540; x_wconf 77' lang='lat' dir='ltr'><strong>telligenda.</strong></span> <span class='ocrx_word' id='word_1_1192' title='bbox 2592 5468 2690 5522; x_wconf 90' lang='lat' dir='ltr'><strong>hoc</strong></span> <span class='ocrx_word' id='word_1_1193' title='bbox 2725 5471 2880 5540; x_wconf 82' lang='lat' dir='ltr'><strong>n_t_odo</strong></span> <span class='ocrx_word' id='word_1_1194' title='bbox 2915 5488 2926 5522; x_wconf 94' lang='lat'>:</span> <span class='ocrx_word' id='word_1_1195' title='bbox 2963 5467 3104 5522; x_wconf 86' lang='lat' dir='ltr'><strong>Tunc</strong></span> <span class='ocrx_word' id='word_1_1196' title='bbox 3149 5474 3232 5540; x_wconf 89' lang='lat' dir='ltr'><strong>qni</strong></span> <span class='ocrx_word' id='word_1_1197' title='bbox 3262 5473 3311 5523; x_wconf 86' lang='lat' dir='ltr'><strong>in</strong></span> <span class='ocrx_word' id='word_1_1198' title='bbox 3336 5467 3517 5524; x_wconf 60' lang='lat' dir='ltr'><strong>Iudico</strong></span> <span class='ocrx_word' id='word_1_1199' title='bbox 3547 5485 3701 5536; x_wconf 83' lang='lat' dir='ltr'><strong>sunt,</strong></span> <span class='ocrx_word' id='word_1_1200' title='bbox 3737 5478 3822 5540; x_wconf 76' lang='lat' dir='ltr'><strong>fn-</strong></span> 
     </span>
    </p>
   </div>
   <div class='ocr_carea' id='block_1_153' title="bbox 2255 5537 3823 5608">
    <p class='ocr_par' dir='ltr' id='par_1_153' title="bbox 2255 5537 3823 5608">
     <span class='ocr_line' id='line_1_154' title="bbox 2255 5537 3823 5608; baseline 0 -18"><span class='ocrx_word' id='word_1_1201' title='bbox 2255 5537 2390 5608; x_wconf 79' lang='lat' dir='ltr'><strong>giant</strong></span> <span class='ocrx_word' id='word_1_1202' title='bbox 2411 5539 2476 5590; x_wconf 83' lang='lat' dir='ltr'><strong>ad</strong></span> <span class='ocrx_word' id='word_1_1203' title='bbox 2505 5549 2712 5591; x_wconf 76' lang='lat' dir='ltr'><strong>montes.</strong></span> <span class='ocrx_word' id='word_1_1204' title='bbox 2737 5537 2879 5608; x_wconf 85' lang='lat' dir='ltr'><strong>Tunc</strong></span> <span class='ocrx_word' id='word_1_1205' title='bbox 2899 5555 3012 5591; x_wconf 86' lang='lat' dir='ltr'><strong>cum</strong></span> <span class='ocrx_word' id='word_1_1206' title='bbox 3039 5537 3256 5593; x_wconf 71' lang='lat' dir='ltr'><strong>videritis</strong></span> <span class='ocrx_word' id='word_1_1207' title='bbox 3291 5544 3705 5594; x_wconf 79' lang='lat' dir='ltr'><strong>abominotionem</strong></span> <span class='ocrx_word' id='word_1_1208' title='bbox 3735 5537 3823 5591; x_wconf 60' lang='lat' dir='ltr'><strong>ac-</strong></span> 
     </span>
    </p>
   </div>
   <div class='ocr_carea' id='block_1_154' title="bbox 2255 5607 3826 5672">
    <p class='ocr_par' dir='ltr' id='par_1_154' title="bbox 2255 5607 3826 5672">
     <span class='ocr_line' id='line_1_155' title="bbox 2255 5607 3826 5672; baseline 0 -10"><span class='ocrx_word' id='word_1_1209' title='bbox 2255 5607 2510 5662; x_wconf 77' lang='lat' dir='ltr'><strong>solutionis</strong></span> <span class='ocrx_word' id='word_1_1210' title='bbox 2534 5616 2746 5659; x_wconf 83' lang='lat' dir='ltr'><strong>stantem</strong></span> <span class='ocrx_word' id='word_1_1211' title='bbox 2764 5609 2814 5658; x_wconf 88' lang='lat' dir='ltr'><strong>in</strong></span> <span class='ocrx_word' id='word_1_1212' title='bbox 2845 5607 2955 5660; x_wconf 91' lang='lat' dir='ltr'><strong>loco</strong></span> <span class='ocrx_word' id='word_1_1213' title='bbox 2979 5621 3170 5662; x_wconf 88' lang='lat' dir='ltr'><strong>sancto.</strong></span> <span class='ocrx_word' id='word_1_1214' title='bbox 3198 5611 3249 5664; x_wconf 90' lang='lat' dir='ltr'><strong>Id</strong></span> <span class='ocrx_word' id='word_1_1215' title='bbox 3279 5622 3391 5672; x_wconf 82' lang='lat' dir='ltr'><strong>est,</strong></span> <span class='ocrx_word' id='word_1_1216' title='bbox 3424 5613 3554 5666; x_wconf 80' lang='lat' dir='ltr'><strong>Cum</strong></span> <span class='ocrx_word' id='word_1_1217' title='bbox 3585 5612 3826 5662; x_wconf 70' lang='lat' dir='ltr'><strong>videritis</strong></span> 
     </span>
    </p>
   </div>
   <div class='ocr_carea' id='block_1_155' title="bbox 2259 5677 3825 5744">
    <p class='ocr_par' dir='ltr' id='par_1_155' title="bbox 2259 5677 3825 5744">
     <span class='ocr_line' id='line_1_156' title="bbox 2259 5677 3825 5744; baseline -0.001 -14"><span class='ocrx_word' id='word_1_1218' title='bbox 2259 5680 2500 5730; x_wconf 65' lang='lat' dir='ltr'><strong>haeresim</strong></span> <span class='ocrx_word' id='word_1_1219' title='bbox 2532 5677 2787 5744; x_wconf 84' lang='lat' dir='ltr'><strong>impiam,</strong></span> <span class='ocrx_word' id='word_1_1220' title='bbox 2847 5693 2963 5744; x_wconf 78' lang='lat' dir='ltr'><strong>qua:</strong></span> <span class='ocrx_word' id='word_1_1221' title='bbox 3005 5690 3085 5732; x_wconf 88' lang='lat' dir='ltr'><strong>est</strong></span> <span class='ocrx_word' id='word_1_1222' title='bbox 3143 5683 3405 5733; x_wconf 87' lang='lat' dir='ltr'><strong>exercitus</strong></span> <span class='ocrx_word' id='word_1_1223' title='bbox 3467 5681 3781 5732; x_wconf 79' lang='lat' dir='ltr'><strong>Antichrisn</strong></span> <span class='ocrx_word' id='word_1_1224' title='bbox 3811 5718 3825 5737; x_wconf 85' lang='lat'><strong>,</strong></span> 
     </span>
    </p>
   </div>
   <div class='ocr_carea' id='block_1_156' title="bbox 2258 5747 3832 5814">
    <p class='ocr_par' dir='ltr' id='par_1_156' title="bbox 2258 5747 3832 5814">
     <span class='ocr_line' id='line_1_157' title="bbox 2258 5747 3832 5814; baseline -0.002 -13"><span class='ocrx_word' id='word_1_1225' title='bbox 2258 5758 2486 5801; x_wconf 90' lang='lat' dir='ltr'><strong>stantem</strong></span> <span class='ocrx_word' id='word_1_1226' title='bbox 2533 5748 2582 5798; x_wconf 85' lang='lat' dir='ltr'><strong>in</strong></span> <span class='ocrx_word' id='word_1_1227' title='bbox 2635 5747 2763 5799; x_wconf 86' lang='lat' dir='ltr'><strong>locis</strong></span> <span class='ocrx_word' id='word_1_1228' title='bbox 2813 5748 3010 5801; x_wconf 89' lang='lat' dir='ltr'><strong>sanctis</strong></span> <span class='ocrx_word' id='word_1_1229' title='bbox 3045 5748 3323 5811; x_wconf 65' lang='lat' dir='ltr'><strong>Ecclesiae,</strong></span> <span class='ocrx_word' id='word_1_1230' title='bbox 3363 5751 3414 5802; x_wconf 91' lang='lat' dir='ltr'><strong>in</strong></span> <span class='ocrx_word' id='word_1_1231' title='bbox 3447 5749 3539 5801; x_wconf 92' lang='lat' dir='ltr'><strong>illo</strong></span> <span class='ocrx_word' id='word_1_1232' title='bbox 3589 5757 3832 5814; x_wconf 72' lang='lat' dir='ltr'><strong>tcnqmte</strong></span> 
     </span>
    </p>
   </div>
   <div class='ocr_carea' id='block_1_157' title="bbox 2262 5815 3832 5888">
    <p class='ocr_par' dir='ltr' id='par_1_157' title="bbox 2262 5815 3832 5888">
     <span class='ocr_line' id='line_1_158' title="bbox 2262 5815 3832 5888; baseline -0.001 -18"><span class='ocrx_word' id='word_1_1233' title='bbox 2262 5819 2349 5888; x_wconf 91' lang='lat' dir='ltr'><strong>qui</strong></span> <span class='ocrx_word' id='word_1_1234' title='bbox 2380 5819 2433 5871; x_wconf 88' lang='lat' dir='ltr'><strong>in</strong></span> <span class='ocrx_word' id='word_1_1235' title='bbox 2478 5816 2656 5871; x_wconf 60' lang='lat' dir='ltr'><strong>.ludtca</strong></span> <span class='ocrx_word' id='word_1_1236' title='bbox 2686 5827 2807 5870; x_wconf 88' lang='lat' dir='ltr'><strong>sunt</strong></span> <span class='ocrx_word' id='word_1_1237' title='bbox 2832 5857 2847 5884; x_wconf 91' lang='lat'><strong>,</strong></span> <span class='ocrx_word' id='word_1_1238' title='bbox 2890 5815 3088 5886; x_wconf 77' lang='lat' dir='ltr'><strong>fugiant</strong></span> <span class='ocrx_word' id='word_1_1239' title='bbox 3117 5818 3182 5872; x_wconf 86' lang='lat' dir='ltr'><strong>ad</strong></span> <span class='ocrx_word' id='word_1_1240' title='bbox 3212 5827 3418 5873; x_wconf 85' lang='lat' dir='ltr'><strong>montes</strong></span> <span class='ocrx_word' id='word_1_1241' title='bbox 3448 5835 3460 5868; x_wconf 90' lang='lat'>:</span> <span class='ocrx_word' id='word_1_1242' title='bbox 3489 5816 3542 5871; x_wconf 86' lang='lat' dir='ltr'><strong>id</strong></span> <span class='ocrx_word' id='word_1_1243' title='bbox 3595 5825 3712 5879; x_wconf 85' lang='lat' dir='ltr'><strong>est,</strong></span> <span class='ocrx_word' id='word_1_1244' title='bbox 3744 5815 3832 5885; x_wconf 82' lang='lat' dir='ltr'><strong>qui</strong></span> 
     </span>
    </p>
   </div>
  </div>
