4128 6476
293 438 411 495 909

296 544 426 587 situt
466 533 515 585 iu
562 530 954 589 Christianitate
984 572 998 594 .
1052 530 1329 585 conferant
1374 547 1430 586 se
1456 532 1519 586 ad
1548 531 1871 601 Scripturas.

297 606 449 659 Sicut
498 606 639 657 enim
688 618 843 657 verus
886 603 1099 657 .ltttlzt‘us
1144 614 1224 656 est
1262 602 1633 666 Christianus,
1668 603 1879 655 dicente

296 672 724 752 Apos‘tolothon
747 674 912 752 quino:
941 672 1205 752 ntgttifesta
1225 670 1442 752 Ιαιιωυξ
1472 683 1543 752 est
1564 713 1580 736 ,
1613 673 1702 752 sed
1719 675 1808 752 qni
1822 674 1876 724 in

307 744 504 798 occulto
539 742 710 811 (Rom.
752 740 802 795 2.
831 741 921 797 28.
948 741 1039 803 i9)
1076 760 1088 794 :
1130 742 1207 794 sic
1255 756 1379 794 vera
1404 740 1585 795 Judma
1618 740 1875 795 Christia-

304 816 443 868 nitas
481 824 580 877 est,
600 814 746 876 cujus
776 827 965 864 nomen
1016 811 1327 878 intelligitur
1352 811 1635 865 confessio.
1668 811 1872 863 Montes

301 894 481 937 autem
510 883 930 948 snnlScripturm
958 880 1317 948 apostolorum
1346 889 1435 933 attt
1474 881 1871 947 prophetarum.

301 954 371 1008 de
418 955 605 1017 quibus
644 953 838 1004 dictum
888 961 969 1004 est
1017 969 1030 1005 :
1084 949 1351 1002 [flamines
1396 960 1449 1001 tu
1500 950 1797 1002 mirabiliter
1844 968 1875 1001 (ι

304 1023 552 1075 montibus
582 1023 776 1075 aeternis
799 1018 969 1082 (Paul.
992 1021 1077 1073 75.
1105 1021 1179 1088 5).
1210 1022 1271 1073 lit
1303 1020 1491 1072 iterum
1534 1020 1601 1073 de
1639 1019 1872 1073 Ecclesia

313 1094 432 1147 dicit
463 1111 475 1145 :
510 1092 855 1144 Fundtmwuta
886 1092 1062 1159 ejusiu
1094 1092 1340 1143 montibus
1366 1090 1551 1142 sanctis
1582 1087 1752 1152 (Psal.
1782 1090 1871 1143 86.

305 1165 383 1230 Ι).
416 1162 481 1216 Et
506 1177 667 1229 quare
689 1161 839 1228 jubet
868 1162 915 1211 in
948 1162 1045 1212 hoc
1069 1168 1309 1230 tempore
1336 1174 1523 1212 omnes
1546 1159 1875 1230 Christianos

306 1228 551 1287 conferre
588 1246 645 1283 se
670 1232 734 1282 ad
762 1228 1103 1296 Scripturas?
1129 1230 1259 1294 Quia
1294 1231 1342 1281 in
1380 1237 1619 1295 tempore
1642 1229 1741 1282 hoc
1766 1269 1780 1290 ,
1808 1244 1873 1281 ex

306 1318 408 1371 quo
436 1301 661 1354 obtinuit
688 1300 1051 1371 luet-esisillas
1077 1298 1358 1371 Ecclesias
1389 1338 1401 1360 ,
1444 1298 1584 1371 nulla
1635 1299 1874 1366 probatio

301 1368 479 1441 potest
504 1385 779 1441 essevcrae
807 1368 1216 1441 Christianitatis
1244 1407 1257 1427 ,
1285 1383 1455 1441 neque
1484 1368 1740 1435 refugium
1774 1382 1871 1436 po-

303 1437 406 1493 test
435 1455 552 1493 esse
578 1439 1000 1493 Christianorum
1031 1437 1205 1500 aliud,
1236 1438 1524 1492 volentium
1551 1452 1873 1505 cognoscere

302 1512 421 1563 fidei
452 1510 723 1563 veritatem
749 1549 762 1573 ,
797 1509 893 1561 ui~i
927 1508 1210 1574 Scriptura:
1258 1506 1469 1559 divinae.
1516 1509 1681 1560 Antea
1731 1508 1870 1559 enim

301 1582 481 1632 tnultis
510 1581 675 1630 modis
692 1577 1088 1641 ostendebatur,
1110 1592 1224 1642 quze
1240 1587 1380 1629 esset
1403 1577 1634 1630 Ecclesia
1653 1576 1869 1637 Christi,

300 1661 355 1703 et
380 1667 497 1719 qum
524 1649 789 1719 gentilitas
825 1665 837 1700 :
872 1663 1007 1700 nunc
1033 1654 1207 1699 autem
1240 1648 1383 1719 nullo
1406 1648 1562 1699 modo
1591 1646 1869 1719 cognosci.

302 1716 430 1779 tur',
482 1718 784 1770 volentibus
819 1732 1141 1785 cognoscere
1180 1730 1299 1785 qum
1337 1716 1407 1785 sit
1461 1731 1581 1768 vera
1629 1716 1866 1770 Ecclesia

299 1789 533 1852 Christi,
594 1789 689 1839 nisi
730 1784 1094 1838 tantummodo
1143 1798 1234 1851 per
1281 1784 1598 1853 Scripturas.
1645 1786 1819 1852 Quare
1847 1788 1869 1825 7

301 1860 434 1922 Quia
464 1857 637 1909 omnia
671 1856 783 1909 hare
807 1896 821 1917 ,
864 1871 984 1923 quzc
1010 1862 1133 1907 sunt
1162 1856 1373 1921 proprie
1417 1854 1609 1908 Christi
1641 1856 1692 1908 in
1736 1856 1873 1909 veri-

304 1938 432 1989 tate,
484 1928 676 1980 habent
717 1936 769 1978 et
800 1925 1030 1978 Intereses
1066 1924 1168 1977 illa:
1196 1924 1247 1975 in
1279 1923 1601 1978 schismate:
1630 1926 1872 1978 similiter

307 1998 567 2051 Ecclesias
586 2037 599 2059 ,
631 1995 873 2048 similiter
897 2003 950 2048 et
974 1994 1115 2061 ipsas
1142 1992 1442 2061 Seripturas
1467 1992 1691 2057 divinas,
1725 1995 1869 2047 simi-

304 2067 428 2121 liter
474 2068 779 2134 episcopos,
808 2073 1137 2131 cmterosque
1178 2064 1392 2134 ordines
1428 2063 1772 2125 clericorum,
1800 2064 1871 2116 si-

300 2133 519 2191 militer,
544 2136 863 2203 haptismmu
888 2171 903 2193 ,
939 2133 1498 2203 alitereucharistiam
1525 2172 1539 2196 ,
1588 2142 1640 2185 ct
1678 2142 1867 2187 caetera

299 2206 478 2259 omnia
503 2246 517 2264 ,
558 2201 785 2271 denique
834 2204 1003 2269 ipsum
1055 2201 1361 2271 Christutm
1381 2202 1573 2255 Volens
1599 2216 1725 2270 ergo
1751 2204 1867 2271 quis

301 2289 624 2342 cognoscere
652 2270 770 2342 qua:
811 2274 879 2325 sit
906 2287 1038 2342 vera
1069 2271 1303 2342 Ecclesia
1330 2270 1523 2342 Chriin
1551 2312 1563 2333 ,
1599 2272 1737 2324 unde
1778 2286 1868 2325 Co-

300 2340 523 2412 gnoscat
569 2344 623 2397 in
655 2340 813 2396 tantm
842 2341 1151 2412 confusione
1192 2340 1550 2393 similitudinis
1574 2380 1588 2400 ,
1619 2342 1715 2393 nisi
1746 2350 1864 2412 tan-

302 2410 574 2467 tummodo
614 2428 708 2479 per
745 2410 1084 2478 Scriptor-as?
1127 2410 1255 2479 Item
1298 2418 1451 2479 antea
1502 2418 1555 2461 et
1598 2424 1691 2477 per
1718 2410 1864 2479 signa

301 2477 773 2550 cognoscebantur,
823 2481 1113 2550 quierant
1140 2478 1258 2550 veri
1306 2477 1633 2542 Christiani,
1679 2489 1732 2533 et
1774 2477 1865 2548 qui

301 2546 445 2605 falsi.
493 2551 803 2618 Quomodo?
842 2546 991 2601 'Falsi
1032 2546 1241 2616 quidem
1303 2556 1395 2618 aut
1457 2562 1560 2600 non
1627 2546 1869 2615 peterant

302 2617 663 2683 facerepsicut
692 2620 799 2671 veri
832 2619 1113 2671 Christiani
1143 2634 1155 2667 :
1187 2626 1277 2669 aut
1306 2617 1423 2669 talia
1464 2633 1567 2669 nou
1597 2625 1861 2686 poterant,

301 2692 481 2760 qualia
508 2692 617 2760 veri
641 2688 925 2760 Christiani
952 2686 1084 2760 :sed
1117 2686 1376 2760 faciebant
1402 2700 1565 2739 vacua
1589 2685 1606 2745 ,⁷
1632 2685 1864 2760 admira-

304 2755 503 2814 tionem
535 2759 745 2828 quidem
786 2757 1028 2828 facieutia
1065 2796 1077 2817 ,
1126 2755 1400 2828 utilitatem
1442 2766 1637 2828 autem
1668 2756 1865 2828 nullam

303 2825 613 2883 habentia:
657 2829 789 2879 sicut
837 2826 1138 2893 frequenter
1178 2827 1534 2891 exposuimus.
1584 2825 1863 2879 Christiani

303 2910 480 2951 autem
510 2898 767 2950 faciebant
794 2896 943 2963 plena
975 2935 988 2955 ,
1019 2910 1121 2946 non
1162 2895 1327 2947 Solum
1358 2894 1761 2963 admirationem
1790 2894 1867 2947 fa.

302 2970 495 3022 cientia
529 3008 543 3032 ,
586 2966 677 3020 sed
722 2962 877 3018 etiam
923 2978 1135 3016 omnem
1181 2964 1454 3016 utilitatem
1500 2962 1763 3015 habentia.
1798 2964 1864 3017 Et

306 3054 404 3107 per
434 3040 544 3090 haec
569 3035 1026 3107 cognoscebantur
1066 3035 1153 3107 qui
1200 3042 1349 3085 erant
1387 3034 1497 3085 veri
1538 3032 1820 3107 Christiani
1846 3073 1860 3094 ,

303 3101 394 3175 qui
442 3108 576 3159 falsi.
628 3101 785 3175 Nunc,
821 3113 995 3156 autem
1038 3103 1309 3175 signorum
1362 3101 1607 3175 operatio
1646 3103 1864 3175 omnino

305 3168 473 3230 levata
501 3186 581 3229 est
610 3192 621 3225 :
658 3174 820 3241 magis
848 3180 1023 3225 autem
1052 3168 1106 3224 et
1127 3171 1276 3241 apud
1294 3168 1697 3241 cos’invenitur
1716 3211 1731 3231 ,
1775 3173 1862 3239 qui

305 3247 422 3300 [εδιμὶ
454 3254 575 3298 sunt
603 3239 884 3296 Christiani
911 3283 925 3305 ,
961 3242 1070 3294 fieri
1113 3240 1251 3293 ficu.
1286 3239 1434 3293 Sicut
1462 3250 1638 3293 autem
1680 3239 1864 3295 Petrus

304 3317 442 3383 apud
486 3316 808 3383 Clementem
839 3312 1090 3383 exponit,
1125 3310 1451 3383 Antichristo
1476 3311 1634 3362 etiam
1683 3310 1865 3383 pleno-

306 3377 422 3439 runt
451 3388 717 3453 signorum
748 3377 1229 3453 faciendorum__est_
1250 3378 1429 3453 dauda_
1449 3388 1703 3453 potestas.
1737 3377 1862 3453 Item

304 3470 371 3507 ex
398 3446 632 3508 moribus
660 3452 785 3519 ipsis
811 3454 957 3519 prius
984 3449 1370 3516 intelligebatur
1390 3447 1622 3519 Ecclesia
1644 3446 1859 3510 Christi,

304 3524 517 3591 quando
540 3517 873 3576 conversatio
897 3517 1740 3591 Christianorum,Aautgomnium,
1774 3527 1863 3569 aut
1890 3568 1897 3581 ,

306 3587 590 3646 multorum
631 3600 743 3645 erat
776 3598 955 3665 saneta
977 3629 992 3651 ,
1036 3603 1155 3657 qua:
1184 3587 1320 3665 apud
1351 3588 1538 3665 impios
1580 3600 1684 3638 non
1707 3595 1858 3665 lerat.

306 3662 453 3714 hunc
481 3671 655 3715 autem
706 3668 794 3712 aut
826 3659 958 3710 tales
987 3655 1077 3709 aut
1120 3657 1327 3723 pejores
1372 3656 1492 3709 facti
1534 3666 1656 3709 sunt
1701 3655 1860 3707 Chri-

306 3733 462 3783 stiani
490 3772 504 3793 ,
537 3732 719 3798 quales
745 3738 867 3781 sunt
897 3727 1128 3798 limrctici
1161 3725 1519 3798 autgentiles.
1554 3725 1737 3777 Adhuc
1765 3740 1862 3775 au-

308 3811 414 3853 tem
435 3811 485 3852 et
514 3795 681 3863 major
709 3796 1028 3872 continentia
1059 3797 1195 3862 apud
1226 3795 1342 3872 illos
1365 3796 1653 3872 invenitur,
1678 3808 1862 3872 quam:

305 3872 387 3923 vis
425 3870 476 3922 in
508 3862 791 3921 schismate
832 3866 938 3918 sint
961 3905 973 3926 ,
1003 3880 1158 3940 quam
1185 3863 1321 3930 apud
1360 3862 1708 3940 Christianos.
1738 3863 1860 3940 .Qui

306 3953 433 4007 ergo
467 3940 575 3991 vult
615 3949 943 4007 cognoscere
960 3949 1076 4001 qua:
1119 3936 1187 3985 sit
1215 3948 1335 4007 vera
1368 3930 1600 4007 Ecclesia
1622 3930 1817 4007 Christi
1838 3971 1858 4007 Σ

307 4000 447 4060 ιιιῖἀο
486 4000 826 4079 cognoscat,_
849 4004 946 4055 nisi
984 4000 1357 4079 tantummodo
1382 4015 1475 4079 per
1517 4000 1859 4079 Scripturas?

307 4076 494 4131 Sciens
521 4070 647 4141 ergo
679 4074 933 4128 Dominus
960 4082 1155 4141 tantam
1192 4070 1554 4141 confusionem
1588 4084 1761 4141 rerum
1811 4070 1861 4121 in

307 4138 609 4200 novissimis
652 4143 835 4196 diebus
880 4156 997 4193 esse
1041 4140 1305 4192 futuram:
1340 4140 1457 4193 ideo
1505 4138 1753 4200 mandat,
1804 4147 1863 4190 ut

305 4216 600 4286 Christiani
619 4214 707 4282 qui
750 4211 952 4286 suntin
980 4209 1371 4286 Christianitati;
1393 4247 1407 4269 ,
1440 4210 1676 4286 volentes
1704 4207 1865 4286 firmi-

306 4294 467 4337 tatem
499 4277 735 4350 accip'ere
776 4281 894 4334 fidei
926 4295 1063 4350 vera:
1091 4320 1104 4342 ,
1151 4279 1215 4350 ad
1262 4277 1453 4350 nullam
1482 4292 1591 4350 rem
1623 4277 1820 4344 fugiant
1846 4316 1860 4339 ,

308 4355 409 4407 nisi
464 4354 527 4405 ad
598 4346 915 4423 scripturas.
965 4348 1170 4413 Alioqui
1232 4346 1394 4423 si__ad
1456 4346 1556 4399 alia
1611 4359 1863 4423 respexe-

307 4427 455 4481 rint,
504 4414 993 4475 scandalizabuntur
1023 4456 1037 4479 ,
1096 4427 1147 4469 et
1194 4414 1473 4481 peribunt,
1526 4430 1628 4466 non
1672 4414 1865 4465 intelli-

306 4500 494 4561 gentes
541 4508 656 4560 qua:
686 4492 755 4544 sit
792 4502 921 4562 vera.
961 4484 1216 4562 Ecclesia.
1259 4485 1325 4537 Et
1367 4499 1462 4552 per
1508 4484 1607 4562 hoc
1638 4482 1867 4562 inciderit

311 4555 363 4614 in
408 4555 855 4630 abominatiouetn
891 4555 1267 4630 desolationis.
1295 4570 1415 4621 qua:
1452 4562 1555 4605 stat
1584 4555 1866 4630 iii-sanctis

308 4630 557 4683 licclesire
606 4630 754 4681 locis.
814 4626 875 4677 Et
931 4626 1015 4689 qui
1058 4640 1206 4690 ευμεν
1252 4633 1430 4675 tecum:
1482 4632 1589 4685 est,
1639 4626 1692 4672 in
1741 4630 1865 4672 tem-

310 4715 430 4767 pore
497 4690 586 4751 illo
635 4715 733 4749 non
796 4694 1062 4747 descendat
1116 4693 1287 4744 tollere
1347 4693 1535 4758 aliquid
1583 4690 1658 4767 [de
1719 4690 1866 4767 domo

307 4759 422 4820 sua.
474 4769 669 4820 Domus
696 4775 871 4819 nostra
915 4772 993 4815 est
1046 4778 1237 4828 corpus
1280 4771 1538 4813 noslt'ttttt.
1582 4759 1863 4823 Superiora

308 4839 423 4902 ejus
448 4845 569 4888 sunt
613 4852 724 4897 cor,
773 4846 863 4886 aut
901 4841 1075 4899 caput,
1126 4847 1241 4896 «tua:
1286 4829 1651 4896 intelliguntur
1681 4828 1868 4879 domus

310 4918 467 4959 locta.
514 4906 760 4959 ἱππεύοι-τι
791 4912 963 4954 autem
1013 4912 1133 4953 sunt
1164 4909 1379 4959 venter,
1427 4908 1515 4950 aut
1539 4908 1729 4950 czetera
1778 4910 1869 4948 oc-

308 4976 571 5030 caltabilia
601 4974 853 5027 membra.
877 4972 1073 5023 Tamen
1101 4979 1155 5020 ut
1178 4970 1362 5020 melius
1384 4967 1733 5035 intelligamus
1753 4980 1869 5035 qua:

309 5055 432 5100 sunt
456 5054 586 5097 tecta
611 5046 817 5103 donius,
840 5042 1108 5093 historiam
1130 5038 1193 5091 de
1214 5038 1359 5090 Raab
1378 5034 1721 5103 proferamus.
1748 5034 1871 5087 llmc

309 5117 536 5181 suscepit
560 5115 754 5181 legatos
773 5112 895 5163 Jesu
912 5111 1071 5173 Nave,
1096 5108 1221 5181 etin
1246 5106 1500 5181 superiori
1524 5103 1872 5181 parte‘dorpus

312 5172 635 5241 abscondit:
660 5197 723 5233 ne
754 5182 1007 5232 inveniret
1039 5193 1125 5229 rex
1161 5172 1371 5229 Jericho
1400 5176 1416 5241 (
1441 5174 1594 5226 Josue
1620 5172 1714 5240 2).
1750 5172 1871 5226 [hec

313 5263 397 5307 est
422 5254 667 5312 Ecclesia,
688 5266 804 5316 qua:
825 5248 1105 5316 aliquando
1129 5246 1375 5298 meretrix
1400 5243 1513 5316 fuit,
1536 5259 1653 5316 quae
1675 5244 1872 5310 legatos

312 5324 437 5379 Jc.su
462 5322 653 5373 Christi
676 5361 687 5380 ,
710 5312 768 5371 id
798 5312 1198 5392 est,'apo.~tolos
1224 5325 1274 5367 et
1302 5314 1613 5392 prophetas,
1642 5312 1740 5363 hoc
1768 5321 1868 5389 est,

314 5392 504 5459 scripta
532 5405 709 5463 eorum
738 5390 1069 5463 suscepit,_et
1100 5388 1149 5437 in
1180 5388 1435 5463 superiori
1467 5393 1610 5460 parte
1634 5388 1872 5463 corporis

312 5463 392 5517 sui
416 5457 686 5511 abseondit
718 5474 730 5508 :
766 5458 813 5529 id
843 5466 959 5529 est,
992 5457 1043 5507 in
1073 5468 1228 5507 sensu
1256 5491 1271 5514 ,
1301 5457 1351 5505 in
1390 5457 1681 5529 memoria,
1722 5458 1775 5502 et
1820 5457 1869 5529 in

317 5532 482 5586 corde
507 5570 521 5593 ,
552 5540 609 5581 ut
637 5541 740 5579 non
768 5526 1231 5596 inreniat_eos_rox
1278 5520 1457 5596 mundi
1486 5520 1763 5596 diabolus,
1806 5527 1870 5596 ¹ιιι

314 5587 644 5655 confidenter
674 5597 849 5647 dicere
876 5593 1040 5659 possit
1065 5608 1077 5642 :
1110 5592 1173 5664 In
1201 5593 1347 5664 cor_de
1371 5587 1874 5664 nteeobscondiﬁelot

312 5676 431 5740 quia
458 5679 559 5730 tua,
591 5677 662 5740 _ut
705 5681 801 5717 non
848 5655 1040 5740 peccem
1086 5662 1232 5740 tibi_.(_
1258 5659 1455 5740 ἥρωι]
1475 5660 1550 5710 18.
1585 5658 1707 5740 11).
1739 5655 1872 5740 Quid

312 5730 440 5807 ergo
460 5740 481 5788 ἲ
505 5738 825 5803 Quicumque
850 5738 903 5807 in
930 5742 1162 5807 tempore
1186 5730 1271 5806 illo
1293 5730 1447 5782 fuerit
1471 5741 1627 5793 super
1656 5734 1872 5807 tectum,

313 5801 493 5868 ωὐοι,
522 5801 571 5862 in
601 5807 755 5860 t't'lJUa
785 5802 1139 5869 spiritualihus
1169 5801 1347 5851 vivens
1370 5836 1385 5862 ,
1414 5812 1529 5864 qum
1560 5804 1680 5850 sunt
1705 5802 1794 5848 aut
1819 5810 1871 5847 tu

652 5920 913 5977 Parnoc.
960 5916 1071 5970 (in.
1123 5910 1265 5967 l.\'l.

1431 418 1494 473 ΙΝ
1535 418 1955 476 ΜΑΤΤΠᾹΞυΜ.
1996 420 2226 475 1101111..
2271 421 2453 479 XLIX.

3476 462 3590 515 910

1987 534 2321 620 capite,atp
2351 536 2402 620 io
2444 535 2607 619 corde
2639 554 2652 589 :
2686 553 2803 608 qu-e
2849 548 2990 620 tecta
3034 543 3579 620 dicuntu_r_corporis

1988 604 2258 675 nostri._et
2287 604 2489 672 fastigia
2515 608 2679 672 prima
2704 604 2720 660 Ξ
2753 624 2855 665 non
2883 612 3170 667 descendat
3197 615 3262 669 ad
3296 604 3580 675 inferiores

1986 673 2227 750 corporis
2257 675 2548 750 sui_pa_rtes
2569 717 2583 738 ,
2613 678 2751 732 unde
2779 683 2978 750 aliquid
3007 684 3160 738 tollat
3185 703 3197 737 :
3229 685 3280 739 id
3315 698 3397 741 est
3416 731 3431 750 .
3467 673 3575 743 non

1985 741 2271 828 descendat
2292 744 2355 795 ad
2383 743 2584 828 aliquas
2606 741 2970 828 roscarnales,
2998 763 3053 805 ttt
3078 753 3346 828 desideret
3372 741 3574 828 aliquid
3590 774 3591 777 ‘

1982 811 2122 890 quod
2170 822 2251 890 est
2288 811 2589 890 rorporale.
2638 816 2846 890 A_lioqui
2875 811 3292 890 comprehendet
3319 811 3570 882 enm-abé

1984 880 2635 964 ominoatiodesolatiOnis.
2659 885 2723 939 Et
2752 880 2872 964 fide
2902 880 3021 957 quia
3052 903 3313 961 quotquot
3342 880 3569 964 pereunt

1982 948 2049 1004 de
2073 949 2423 1027 Christianis,
2459 962 2675 1027 pr0pter
2718 948 2946 1025 aliquam
2984 948 3314 1027 cor'pora'lem
3342 948 3565 1021 causam

1983 1028 2210 1102 pereunt
2236 1022 2871 1102 constitutatndeorsum.
2898 1030 2998 1102 Alii
3031 1022 3241 1098 prbpter
3266 1038 3567 1102 avaritiam,

1984 1097 2130 1169 pt_ne
2162 1090 2381 1169 perdant
2408 1092 2548 1160 quod
2579 1092 2773 1149 habent
2797 1136 2811 1160 ,
2841 1109 2929 1169 aut
2972 1090 3240 1154 inveniant
3265 1104 3405 1169 quod
3453 1090 3559 1159 noti

1982 1156 2176 1237 habent
2196 1178 2209 1208 :
2232 1160 2318 1213 alii
2343 1156 2567 1228 pereunt
2589 1156 2808 1231 propter
2819 1168 3015 1234 gulam,
3036 1156 3344 1237 paupertate
3364 1156 3566 1227 coacti}

2098 1238 2313 1297 propter
2345 1246 2555 1311 uxores,
2585 1228 2922 1303 aut'prop'ter
2947 1228 3204 1311 maritos:
3237 1240 3323 1293 alii
3354 1253 3569 1311 propter

1980 1297 2112 1375 alias
2138 1312 2326 1351 causas
2360 1301 2601 1375 carnales
2634 1320 2648 1354 :
2676 1297 3009 1375 q'uar'omuia
3038 1309 3302 1375 pertinent
3333 1297 3397 1363 a'd
3434 1297 3568 1367 iitfe-

1983 1367 2152 1447 riorcs
2181 1369 2420 1447 corporis
2444 1380 2638 1435 partes.
2674 1367 2821 1426 Sicut
2848 1376 2988 1447 enim
3013 1367 3252 1432 viventes
3277 1378 3326 1432 in
3356 1394 3518 1437 carne
3544 1421 3561 1447 ,

1978 1437 2279 1516 relinquere
2296 1437 2783 1516 videruurcarnem2
2800 1444 3158 1516 relinquentes
3183 1462 3341 1516 opera
3364 1437 3561 1514 Carnis,

1979 1515 2035 1559 et
2062 1508 2345 1586 transimus
2372 1507 2437 1586 a_d
2466 1508 2743 1586 spiritum,
2762 1507 3013 1568 facientes
3041 1531 3203 1584 opera
3221 1507 3474 1586 'spiritus,
3500 1507 3558 1575 ut

1978 1587 2121 1653 reote
2145 1576 2350 1653 dicatur
2376 1577 2447 1653 de_
2468 1576 2619 1653 riobis
2650 1578 2806 1653 :_Vos
2829 1592 2992 1636 autem
3022 1576 3121 1637 non
3142 1576 3337 1639 estis-in
3363 1576 3516 1642 carne
3542 1631 3558 1653 ,

1975 1645 2063 1723 sed
2091 1650 2141 1723 in
2190 1646 2386 1714 Spiritu
2429 1646 2615 1723 (Rom.
2661 1650 2714 1723 _8.
2744 1651 2816 1719 9)
2844 1670 2856 1701 :
2887 1653 2963 1706 sic
2993 1654 3294 1722 relinquere
3320 1645 3562 1713 videmur

1977 1713 2494 1792 inferiomécorpor'is
2516 1720 2677 1771 nostri
2700 1758 2714 1781 ,
2743 1713 2903 1789 opera
2943 1713 3311 1792 relinquentes
3339 1729 3551 1792 carnis,

1975 1792 2029 1858 et
2052 1783 2389 1858 ascendimus
2431 1786 2495 1839 ad
2533 1801 2626 1839 cor
2660 1797 2712 1841 et
2754 1783 2948 1858 caput,
2991 1783 3229 1848 viventes
3267 1783 3555 1850 secundum

1975 1851 2357 1926 illasvirtutes,
2390 1869 2508 1923 qua:
2531 1866 2655 1909 sunt
2686 1858 2736 1910 iu
2768 1851 2959 1926 capite,
2990 1870 3079 1915 aut
3104 1863 3154 1915 ln
3176 1863 3360 1925 corde,
3391 1867 3554 1920 autin

1974 1923 2161 1992 spiritu
2206 1939 2366 1992 :qu:e
2415 1926 2590 1978 omnia
2636 1936 2769 1982 tecta
2818 1923 3009 1983 domus
3051 1942 3245 1986 nostrze
3287 1923 3553 1989 dicuntur.

1973 1988 2185 2065 Mandat
2210 1988 2341 2065 ergo
2365 1992 2605 2048 fidelibus
2638 1996 2935 2051 viventibus
2967 2001 3017 2052 in
3044 2003 3339 2065 sanctitate,
3369 2015 3433 2057 ne
3458 2005 3555 2058 ali-

1973 2061 2099 2149 quid
2124 2063 2501 2142 concupiscant
2527 2066 2789 2149 ειη-ραις..
2820 2068 2961 2149 qnod
2987 2061 3423 2149 est_de_sc_end_ere
3441 2114 3456 2137 ,
3478 2090 3552 2149 ne

1974 2129 2109 2183 forte
2140 2146 2232 2198 per
2261 2129 2593 2187 occasionem
2622 2129 2867 2190 desiderii
2890 2138 3029 2191 illius
3058 2139 3298 2194 diabolus
3320 2129 3553 2197 inveniat

1974 2199 2148 2252 locum
2174 2239 2190 2265 ,
2223 2211 2275 2274 e_t
2305 2200 2485 2274 trahat
2508 2202 2572 2274 ad
2603 2204 3048 2261 abominationem
3089 2208 3430 2264 desolationis
3455 2252 3469 2274 ,
3497 2222 3553 2266 et

1971 2280 2208 2341 pereant.
2252 2270 2401 2341 Item.
2448 2269 2549 2341 Qui
2588 2283 2658 2325 est
2688 2275 2740 2327 in
2781 2292 2903 2341 agro
2927 2317 2941 2341 ,
2971 2277 3019 2330 id
3044 2286 3157 2340 est,
3205 2287 3295 2331 aut
3324 2278 3375 2332 in
3405 2269 3549 2335 scri-

1975 2333 2163 2404 ptui-is,
2192 2350 2282 2409 aut
2310 2342 2359 2393 in
2393 2333 2663 2407 Ecclesiis,
2691 2353 2783 2398 aut
2812 2333 2863 2399 in
2890 2333 3123 2409 Christo,
3145 2333 3253 2400 ἠοη
3273 2333 3548 2403 revertatur

1971 2417 2104 2460 retro
2125 2408 2297 2484 tollere
2327 2411 2546 2484 tunicam
2568 2428 2732 2484 gnam,
2761 2414 2809 2467 id
2825 2424 2933 2484 est,
2958 2424 3047 2468 aut
3068 2408 3544 2484 ennversationem,

1968 2486 2059 2549 aut
2080 2478 2278 2549 cultum
2298 2479 2545 2545 priorem.
2574 2480 2787 2549 Utputa,
2810 2483 3023 2538 Iudaeus
3045 2485 3205 2549 fuisti,
3227 2496 3279 2540 et
3300 2485 3464 2541 factus
3487 2478 3547 2542 es

1969 2544 2309 2617 Christiamts
2334 2566 2345 2600 :
2374 2549 2423 2600 iu
2454 2563 2581 2617 agro
2620 2544 2679 2604 es
2702 2593 2716 2616 ,
2753 2544 2817 2606 ne
2842 2553 2906 2607 ad
2937 2544 3213 2608 Judaicum
3258 2560 3542 2611 revertaris

1968 2616 2190 2668 cultum.
2218 2615 2439 2670 Gentilis
2468 2615 2608 2670 fuisti
2636 2658 2649 2678 ,
2696 2615 2750 2675 et
2794 2623 2961 2675 factus
2989 2638 3047 2677 es
3073 2621 3402 2679 Christianus
3428 2643 3441 2679 :
3473 2643 3540 2680 ne

1969 2683 2163 2763 aliquid
2194 2685 2331 2763 quod
2348 2688 2767 2763 _est_geutilitatis
2783 2706 3050 2763 resumas,
3082 2707 3149 2746 ne
3170 2708 3272 2763 per
3294 2695 3423 2749 alias
3452 2709 3546 2749 oc—

1968 2754 2207 2831 casiones
2225 2754 2425 2831 incidas
2444 2754 2505 2831 io‘
2523 2772 2733 2831 eorores
2748 2754 3149 2831 abominationis
3168 2754 3327 2824 illius,
3344 2776 3501 2831 quam
3522 2766 3538 2797 ¹

1972 2822 2203 2877 han-eses
2229 2824 2350 2886 ilhc,
2383 2825 2427 2879 si
2458 2825 2535 2878 vis
2559 2826 2917 2888 Judaismum,
2950 2830 3144 2883 habent
3172 2832 3223 2884 in
3247 2822 3423 2885 seiz'si
3450 2837 3532 2888 vis

1968 2893 2319 2966 gentilitatem
2338 2933 2352 2953 .
2386 2894 2622 2966 invenies
2651 2898 2788 2966 apud
2815 2913 2926 2952 eos.
2954 2899 3237 2966 Propterea
3265 2900 3416 2955 facile
3444 2917 3536 2955 ca-

1967 2960 2098 3031 dunt
2126 2961 2175 3013 iu
2199 2961 2336 3031 illas,
2366 2964 2451 3031 qui
2474 2979 2577 3016 non
2602 2960 2793 3019 fuerint
2816 2968 2952 3020 cauti
2972 2960 3259 3021 secundum
3291 2971 3536 3024 mandata

1968 3029 2313 3107 Dominihme
2331 3029 2735 3107 prm_tttot_i_enti_s._
2757 3037 2845 3089 l9.
2878 3034 2964 3107 Yet
2981 3046 3146 3090 autem
3167 3040 3538 3107 praegnantibus

1967 3108 2011 3150 et
2056 3100 2385 3171 nutrientibus
2426 3102 2479 3153 in
2508 3103 2610 3155 illis
2638 3103 2827 3157 diebus.
2865 3105 2997 3171 Quia
3042 3114 3133 3159 aut
3162 3100 3357 3159 ventris
3380 3148 3395 3168 ,
3444 3118 3535 3163 aut

1967 3170 2152 3245 grepiii
2185 3171 2774 3245 poml_ere_pra*grovat_i,
2801 3170 2906 3245 non
2926 3184 3142 3242 possunt
3162 3176 3389 3245 expediti
3416 3192 3536 3233 esse

1967 3240 2031 3290 ad
2060 3237 2253 3306 fugam.
2276 3240 2330 3292 Si
2351 3237 2492 3292 enim
2513 3237 2810 3296 dimiserint
2830 3237 3055 3298 infantes
3080 3237 3533 3309 suos,'viventium

1968 3309 2249 3381 viscerum
2276 3322 2493 3381 suorum
2524 3311 2787 3377 patientur
2824 3314 3209 3381 separationcm
3242 3314 3323 3368 :si
3356 3326 3532 3370 autem

1966 3376 2331 3451 bajulaverint,
2359 3376 2644 3451 suscipieut
2665 3382 2782 3451 vita:
2808 3376 3118 3451 periculum.
3142 3384 3275 3437 Puto
3302 3384 3401 3437 hoc
3431 3400 3536 3439 nte-

1966 3447 2067 3500 lius
2098 3446 2490 3520 intelligipossc
2514 3446 2853 3517 spiritualiter
2878 3452 2942 3505 ad
2971 3459 3176 3520 tempus
3199 3453 3531 3517 Antichristi,

1964 3530 2081 3584 quae
2100 3525 2229 3587 situt
2254 3517 2549 3585 spiritualcs
2580 3530 2926 3587 praegnantes,
2954 3531 3008 3575 et
3033 3517 3324 3575 nutrientes
3347 3522 3534 3577 Eccle-

1965 3588 2057 3658 sia:
2077 3584 2361 3658 Christi’in
2388 3584 2606 3658 singulis
2626 3584 2920 3658 quibusque
2947 3590 3191 3658 gentibus
3210 3594 3530 3646 constitutae.

1966 3654 2214 3707 Ecclesia!
2236 3694 2249 3713 ,
2282 3655 2490 3720 quando
2529 3658 2814 3719 praedicant
2836 3654 3059 3713 verbum
3099 3656 3331 3714 veritatis
3356 3702 3370 3722 ,
3416 3675 3536 3716 cre-

1964 3725 2152 3777 dentes
2173 3724 2221 3775 in
2246 3723 2346 3777 fide
2367 3726 2687 3794 concipiunt,
2714 3736 2767 3779 et
2787 3726 2982 3781 habent
3001 3743 3093 3781 eos
3115 3729 3167 3782 in
3192 3730 3391 3792 gremio
3412 3745 3529 3794 suo,

1964 3795 2112 3867 quasi
2146 3794 2196 3845 in
2228 3803 2397 3867 utero,
2420 3793 2589 3867 donec
2634 3793 3256 3867 formenturcatecbizati
3300 3814 3394 3867 per
3420 3793 3533 3852 sin;

1964 3862 2080 3983 gula
2122 3862 2358 3939 membra
2400 3864 2606 3940 pietatis
2644 3873 2700 3916 et
2742 3864 2886 3918 lidei.
2927 3865 3058 3919 Cum
3104 3876 3279 3921 autem
3302 3862 3533 3921 'formati

1988 3930 2155 3983 uerint
2182 3943 2277 3983 suc.
2308 3942 2514 3983 pariunt
2539 3945 2631 3983 eos
2658 3932 2708 3983 itt
2733 3933 2991 3983 baptismo
3019 3953 3031 3983 :
3062 3946 3333 3983 postquam
3356 3946 3531 3983 autem

1988 3948 1999 3981 ι

2005 3930 2155 3983 ierint
2182 3931 2277 4003 sic,
2308 3930 2514 3998 pariunt
2539 3945 2631 3984 eos
2658 3932 2711 4003 in
2733 3933 2991 4003 baptismo
3019 3953 3031 3988 :
3062 3946 3333 4003 postquam
3356 3946 3531 3991 autent

1964 3999 2302 4068 pepereriut,
2334 4013 2549 4052 necesse
2578 4014 2670 4053 eos
2700 3999 2894 4055 habent
2920 3999 3115 4058 lactare
3151 3999 3405 4058 doctrinis
3444 4021 3532 4058 as-

1966 4066 2152 4122 siduis.
2176 4066 2280 4139 sed
2304 4069 2531 4139 primurn
2561 4068 2855 4139 videamus,
2882 4074 3145 4139 quomodo
3174 4074 3282 4125 Deo
3309 4074 3537 4130 formant

1964 4140 2016 4210 in
2040 4148 2189 4210 utero
2207 4137 2456 4210 Ecclesia:
2475 4136 2739 4210 hominem
2761 4136 3068 4210 conceptum
3097 4142 3147 4195 in
3167 4142 3290 4196 fide.
3316 4142 3530 4210 Utputa,

1966 4208 2098 4277 legis
2118 4207 2317 4274 justitia
2349 4216 2433 4261 est
2452 4247 2467 4271 ,
2490 4207 2755 4262 abstinere
2782 4223 2809 4259 a
2834 4207 2985 4262 malis
3011 4213 3259 4277 Oper-ibus
3289 4207 3489 4265 lanium
3515 4207 3532 4276 ζ

1967 4276 2073 4331 non
2105 4278 2261 4329 etiam
2293 4276 2465 4329 facere
2491 4277 2624 4329 bona
2654 4291 2813 4344 opera
2849 4295 2861 4331 :
2895 4279 3088 4331 Christi
3120 4292 3297 4333 autem
3327 4282 3529 4344 justitia

1966 4362 2069 4399 non
2091 4354 2191 4409 est,
2218 4345 2481 4399 abstinere
2504 4360 2532 4397 a
2557 4346 2707 4399 malis
2732 4347 2976 4413 operibus
3000 4356 3223 4412 tantum,
3254 4345 3347 4403 sed
3372 4350 3531 4403 etiam

1967 4415 2142 4469 facere
2165 4416 2303 4468 bona
2329 4428 2508 4481 Opera.
2541 4416 2668 4469 Item
2701 4416 2830 4484 legis
2854 4416 3054 4483 justitia
3087 4419 3275 4484 prima,
3306 4428 3359 4473 et
3388 4421 3533 4471 salu-

1968 4486 2129 4546 taris,
2168 4484 2351 4537 decem
2385 4484 2538 4537 habet
2567 4484 2809 4537 mandata
2836 4525 2850 4546 ,
2893 4488 3039 4553 quasi
3071 4484 3252 4539 decem
3298 4502 3530 4541 menses.

1968 4554 2202 4609 Primum
2224 4594 2237 4615 ,
2261 4567 2578 4620 cognoscere
2605 4568 2763 4607 unum
2799 4555 2982 4615 Deum;
3018 4556 3304 4608 secundum
3328 4594 3342 4616 ,
3366 4557 3533 4608 absti-

1968 4639 2096 4676 nere
2140 4624 2206 4676 ab
2235 4622 2421 4685 idolis;
2462 4624 2709 4685 tertium,
2752 4637 2855 4676 non
2892 4624 3199 4691 periurare;
3246 4633 3488 4691 quartum
3518 4667 3533 4685 ,

1968 4693 2144 4745 Colere
2160 4691 2432 4744 sabbatum
2450 4692 2747 4757 spirituale;
2772 4694 3027 4758 quintum,
3052 4695 3309 4746 honorare
3330 4704 3533 4762 patrem

1968 4771 2021 4813 et
2046 4770 2299 4821 matrem;
2335 4769 2542 4813 sextum
2565 4800 2579 4823 ,
2618 4776 2719 4812 non
2750 4762 3033 4829 occidere;
3075 4763 3394 4829 septimum,
3429 4777 3535 4816 non

1969 4828 2254 4897 adulterari
2287 4844 2302 4892 ;
2356 4840 2597 4882 octavum
2624 4870 2638 4893 ,
2671 4843 2772 4891 non
2802 4828 2998 4883 furtum
3048 4828 3220 4886 facere
3247 4848 3263 4895 ;
3305 4848 3535 4897 nonum,

1972 4914 2075 4951 non
2119 4896 2311 4951 falsum
2353 4897 2708 4951 testimonium
2738 4899 2948 4959 dicere;
2979 4902 3237 4953 decimum
3264 4941 3279 4964 ,
3333 4902 3532 4954 nullam

1971 4983 2083 5021 rem
2110 4966 2332 5033 proximi
2361 4968 2731 5033 concupiscere
2773 4970 2789 5033 (
2814 4966 2979 5020 Exod.
3008 4967 3077 5021 2t)
3100 4972 3115 5036 )
3142 4985 3155 5022 τ
3184 4969 3425 5023 videlicet
3452 4986 3535 5023 se-

1971 5037 2198 5091 cundum
2230 5039 2533 5104 mysterium
2564 5037 2791 5088 nominis
2816 5038 2939 5089 Jesu
2966 5037 3177 5100 tlhristi,
3209 5040 3346 5104 quod
3374 5050 3453 5093 est
3484 5043 3534 5091 in

1972 5106 2121 5159 litera
2152 5107 2254 5157 lota
2286 5126 2299 5158 :
2330 5106 2379 5156 id
2405 5116 2486 5159 est
2510 5144 2524 5168 ,
2572 5106 2911 5176 perfectionis
2950 5106 3162 5161 indicio.
3203 5106 3382 5160 Omnis
3407 5124 3534 5176 ergo

1975 5177 2231 5244 Ecclesia,
2258 5190 2376 5242 qua:
2396 5176 2621 5241 concipit
2646 5175 2909 5228 hominem
2932 5176 2981 5229 itt
3005 5185 3154 5229 utero
3180 5192 3274 5229 suo
3302 5192 3393 5244 per
3413 5175 3536 5229 vet-

1974 5246 2093 5298 hum
2125 5247 2172 5296 in
2205 5242 2337 5306 fide,
2374 5245 2515 5311 prius
2558 5245 2713 5296 debet
2741 5259 2860 5297 eum
2908 5244 3137 5299 formare
3166 5242 3408 5299 omnibus
3454 5247 3537 5301 his

1974 5315 2251 5375 mandatis,
2279 5314 2422 5379 quasi
2452 5314 2718 5366 mensibus
2744 5315 2950 5379 decem,
2979 5324 3034 5367 ut
3059 5315 3223 5367 discat
3247 5318 3390 5383 prius
3415 5319 3536 5370 abs-

1978 5386 2143 5435 liuere
2187 5383 2252 5434 ab
2292 5383 2535 5435 omnibus
2564 5384 2715 5435 malis
2741 5425 2755 5445 ,
2798 5394 2851 5437 et
2894 5385 2968 5437 sic
3010 5399 3129 5436 eum
3183 5396 3444 5438 maturum
3486 5389 3537 5440 in

1976 5453 2288 5519 baptismum
2322 5466 2507 5517 part-re
2537 5451 2661 5502 Deo.
2696 5453 2941 5520 Alioquin
2969 5463 3246 5519 antequam
3278 5454 3444 5507 discat
3471 5458 3537 5509 ab

1979 5522 2061 5590 his
2084 5522 2324 5572 omnibus
2344 5520 2627 5582 abstinere,
2654 5522 2697 5573 si
2725 5522 3063 5588 baptizaverit
3083 5536 3224 5585 eum,
3254 5538 3356 5575 non
3382 5526 3537 5590 parit,

1976 5589 2066 5642 sed
2096 5590 2427 5659 immaturum
2460 5590 2663 5655 projicit
2693 5592 2859 5641 :sicut
2887 5590 3077 5642 mulier
3100 5630 3113 5653 ,
3144 5592 3241 5642 nisi
3264 5589 3539 5659 completis

1978 5674 2164 5711 novem
2180 5657 2450 5709 mensibus
2470 5668 2521 5709 et
2547 5659 2807 5710 decimum
2824 5669 3041 5725 tangens
3061 5661 3278 5726 peperit,
3302 5657 3537 5715 abortum

1979 5729 2117 5781 facit.
2147 5726 2369 5793 Propter
2396 5728 2533 5792 quod
2562 5742 2657 5778 nec
2682 5737 2762 5778 est
2792 5728 2950 5779 homo
2978 5730 3065 5780 ille
3093 5730 3284 5782 vitalis.
3319 5731 3465 5786 Sicut
3489 5745 3538 5789 ct

2040 5820 2055 5849 ¹
2094 5816 2223 5879 Apud
2257 5815 2535 5865 Commetin.
2563 5815 2757 5877 legitur,
2782 5817 3021 5877 quoniam.

3137 5902 3213 5964 Η
