4128 6516
573 455 675 510 911

569 554 729 611 modo
776 567 911 623 pene
936 566 1119 623 omnes
1149 566 1268 623 non
1306 550 1441 623 parit
1486 549 1719 623 [Ecclesia
1764 552 2051 605 secundum
2081 567 2145 605 ea

568 640 688 693 quze
713 620 961 687 diximus,
991 622 1081 677 sed
1112 620 1335 693 abortosA
1349 621 1489 693 facit.
1513 620 1737 689 Propter
1760 622 1897 693 quod
1923 636 2019 674 uec
2058 624 2149 693 ba-

576 690 848 764 ptizantur
893 694 944 745 in
980 694 1208 764 veritate
1244 706 1272 743 a
1312 690 1511 764 Spiritu
1554 700 1757 764 sancto.
1790 690 2147 764 _DilIert__enim

569 760 709 817 Deus
728 762 855 815 dare
881 764 958 814 eis
980 762 1293 828 baptismum
1315 761 1541 828 Spiritus
1560 761 1746 822 sancti,
1770 760 1941 813 donec
1959 761 2146 827 dignos

569 777 709 817 Deus
728 777 855 815 dare
881 778 958 814 ets
980 777 1039 813 na
1085 777 1293 813 nsmum
1315 777 1541 828 Spiritus
1560 777 1746 822 sancu,
1770 777 1941 813 donec
1959 777 2141 827 mgnos

566 847 628 886 se
657 833 973 901 pra'bucriut
1004 777 1092 883 ilic,»
1134 830 1221 901 tali
1266 830 1597 901 baptismate.
1640 829 1742 881 Sed
1766 839 1819 901 et
1856 828 2141 901 formatum

564 904 620 954 in
650 899 831 955 decem
860 901 961 954 illis
991 899 1307 969 supradictis
1333 899 1625 959 mandatis,
1656 909 1709 952 et
1735 899 2083 969 abstinentem
2114 914 2140 950 a

568 974 717 1025 vitiis
750 971 1019 1038 baptizans
1042 968 1069 1031 ,7
1105 971 1240 1023 bene
1269 970 1403 1037 parit
1435 987 1449 1021 :
1478 978 1649 1038 tamen
1682 968 1852 1019 adhuc
1874 970 2141 1038 parvulus

567 1051 652 1093 est
692 1042 781 1093 Ille
806 1037 892 1108 qui
940 1038 1230 1105 baptizatus
1262 1047 1415 1090 natus
1454 1047 1537 1090 est
1582 1037 1831 1090 Ecclesiae
1863 1037 1999 1108 filius
2023 1076 2037 1098 ,
2086 1046 2141 1091 et

569 1118 751 1165 tenere
790 1105 961 1161 adhuc
986 1109 1209 1161 duorum
1235 1108 1696 1161 Testamentorum
1739 1106 1886 1173 quasi
1919 1105 2139 1158 duarum

569 1179 915 1232 mamillartun
937 1178 1135 1230 modica
1148 1179 1343 1241 justitia
1362 1187 1443 1231 est
1463 1176 1940 1243 nulriendos,qnasi
1961 1185 2142 1227 tenero

568 1248 706 1301 lacte
736 1248 1024 1301 secundum
1068 1248 1338 1315 angustias
1380 1245 1608 1298 faucium
1640 1245 1757 1297 lidei
1788 1259 1900 1297 sua:
1926 1283 1942 1306 ,
1978 1260 2139 1315 quam

572 1318 687 1386 ipse
713 1318 851 1384 cepit
877 1318 1054 1370 carnis
1084 1314 1287 1375 natura,
1318 1331 1474 1386 quam
1504 1316 1663 1367 etiam
1691 1326 1875 1386 gentes
1902 1314 2140 1386 volentes

567 1383 904 1440 laudabiliter
931 1388 1106 1438 vivere
1133 1383 1361 1439 servant.
1394 1384 1526 1438 Cum
1551 1394 1726 1436 autem
1757 1383 1833 1435 sic
1856 1384 2137 1446 euutritur,

566 1457 817 1525 paulatim
849 1457 1029 1524 incipit
1060 1470 1213 1525 posse
1242 1455 1511 1523 suscipere
1539 1454 1751 1525 fortiora
1772 1464 1825 1505 et
1847 1452 2138 1525 spiritualia

565 1520 766 1580 Christi
794 1520 1074 1585 mandataf
1092 1526 1239 1592 quasi
1269 1520 1578 1577 nutritorios
1606 1532 1659 1576 et
1681 1523 1829 1575 vivos
1856 1534 2059 1592 panes;
2086 1520 2136 1574 id

564 1605 651 1666 est
679 1614 691 1648 :
712 1594 777 1648 In
799 1596 905 1666 lege
926 1591 1167 1666 scriptum
1191 1604 1282 1666 est,
1310 1592 1357 1645 Ν
1365 1610 1427 1646 οη
1448 1593 1641 1666 occides
1666 1607 1683 1643 :
1706 1608 1795 1666 ego
1821 1601 1986 1666 autem
2004 1591 2135 1653 dico,

566 1663 679 1719 Nec
701 1660 948 1719 irascaris.
971 1663 996 1716 Ι
1002 1660 1036 1717 n7
1043 1666 1148 1733 lege
1161 1665 1401 1732 scriptum
1417 1672 1507 1726 cst,
1522 1660 1635 1713 Non
1656 1661 1721 1713 ad
1727 1660 2032 1733 alteraberis;
2047 1676 2141 1733 ego

566 1744 733 1788 autem
763 1736 876 1787 dico
896 1776 910 1796 ,
950 1733 1059 1787 Nec
1078 1726 1231 1799 usque
1260 1726 1327 1784 ad
1351 1733 1549 1785 oculum
1580 1730 1919 1798 concupiscas.
1951 1726 2015 1780 lu
2036 1726 2143 1799 lege

572 1806 814 1875 scriptum
840 1813 910 1859 est
938 1844 952 1869 ,
994 1802 1113 1875 Non
1150 1798 1427 1875 perjurabis
1450 1817 1467 1852 :
1497 1817 1586 1869 ego
1612 1810 1789 1875 putent
1816 1800 1927 1850 dico
1952 1838 1967 1861 ,
2021 1798 2139 1875 Azan

563 1869 705 1944 jures
740 1876 959 1926 omnino.
992 1872 1056 1925 In
1088 1869 1194 1944 lege
1217 1869 1456 1944 scriptum
1481 1880 1575 1931 est,
1602 1869 1813 1944 _0culuu_t
1836 1885 1925 1935 pro
1946 1870 2097 1944 oculo
2120 1883 2140 1920 .'

563 1936 657 2013 'ego
690 1954 853 1997 autem
896 1944 1043 2002 dico.
1086 1936 1205 2013 Non
1250 1936 1476 2013 resistere
1512 1940 1644 2013 malo
1674 1939 1895 2013 omnino.
1935 1936 1999 1989 In
2035 1938 2141 2006 lege

564 2006 809 2079 scriptum
830 2022 902 2065 est
931 2028 950 2065 :
976 2009 1176 2063 Amabis
1200 2010 1446 2069 amicum.
1479 2018 1525 2061 et
1554 2008 1701 2079 adies
1720 2006 2020 2079 inimicum:
2047 2022 2138 2079 ego

564 2075 735 2135 autem
772 2083 883 2134 dico
907 2122 923 2147 ,
955 2080 1162 2150 Diligite
1186 2079 1415 2131 inimicos
1451 2088 1641 2150 uestros
1678 2078 1702 2145 ν(
1728 2075 1915 2150 Matth.
1958 2076 2136 2150 5.31.

564 2168 675 2221 sqq.
702 2150 740 2220 ).
776 2152 924 2214 Item,
955 2146 1093 2203 Beati
1130 2164 1374 2221 pauperes
1394 2189 1412 2221 ,_
1441 2148 1835 2221 beatimuniueti
1852 2186 1870 2210 ,
1896 2146 2029 2221 beati

564 2215 757 2291 uigent,
786 2221 915 2291 beati
942 2221 1027 2288 qui
1056 2219 1276 2291 esuriuul
1299 2226 1345 2270 et
1366 2218 1545 2291 sitiunt
1571 2216 1848 2291 iustitium,
1888 2215 2024 2291 beati
2044 2216 2140 2291 mit

563 2286 860 2356 sericordes,
895 2286 1025 2342 beati
1045 2286 1231 2341 mundo
1253 2288 1403 2341 corde
1430 2328 1443 2347 ,
1474 2286 1601 2339 beati
1632 2286 2024 2356 paciﬁciLbeati
2052 2286 2137 2352 qui

630 2353 998 2428 rsequutiottem
1024 2358 1519 2428 patiuntur‘propter
1536 2353 1789 2428 justitiam
1827 2353 1845 2423 (
1870 2353 2054 2407 Matth.
2081 2357 2135 2428 5_.

606 2367 998 2428 ersequuttoneut
1024 2367 1284 2482 ςᾶιιηίηικν
1317 2367 1519 2424 propter
1536 2367 1789 2424 jtﬂllllam
1827 2367 1845 2423 t
1870 2367 2054 2407 uattn.
2081 2367 2134 2409 5.

606 2469 618 2481 .
650 2446 752 2499 sqq.
774 2428 953 2483 ιλιαδ
975 2426 1016 2497 ).
1084 2442 1166 2479 am
1191 2424 1744 2499 adoiescenticuidatn
1766 2424 2134 2499 interroganti,

568 2493 942 2565 Quid'faciam,
972 2493 1026 2551 ut
1048 2496 1239 2564 υὶυαηι(
1262 2494 1445 2549 Matth.
1470 2494 1561 2565 l9.
1590 2494 1812 2565 16:_sqq.
1838 2493 1901 2562 )?
1928 2497 2007 2565 sic
2034 2496 2138 2563 pri-

566 2562 789 2623 mum'ei
820 2568 1109 2635 secundum
1134 2562 1301 2635 legem
1322 2564 1612 2635 mandavit,
1644 2562 1763 2616 Non
1793 2563 2008 2635 ogides,
2036 2562 2139 2617 non

567 2637 875 2691 adulterabis
896 2677 912 2700 ,
935 2648 1039 2691 etc.
1065 2631 1207 2689 Cum
1222 2644 1396 2688 autem
1424 2635 1512 2688 ille
1534 2633 1784 2695 dixisset,
1817 2631 1942 2686 Hac
1970 2636 2139 2687 omnia

562 2710 757 2761 servavi
783 2723 815 2759 a
835 2709 1096 2776 jmntute
1123 2720 1234 2776 mea
1254 2744 1270 2767 ,
1312 2703 1602 2776 secundum
1628 2710 1837 2755 mtatem
1865 2703 2133 2776 carnalem

601 2792 720 2828 nam
762 2771 858 2829 nos
889 2784 1096 2829 uterum
1135 2773 1361 2827 dicimus
1391 2790 1404 2825 :
1442 2774 1519 2825 sic
1556 2773 1604 2825 ei
1645 2771 2088 2839 supermaudatur
2120 2790 2133 2825 :

601 2792 720 2828 nam
762 2792 858 2829 nos
889 2792 1096 2829 uterum
1135 2792 1361 2827 utetmns
1391 2792 1404 2825 :
1442 2792 1519 2825 sic
1556 2792 1604 2825 et
1645 2792 2088 2839 supermunuatur
2120 2792 2133 2825 :

562 2792 637 2900 lgi
662 2846 733 2897 uis
772 2846 1018 2913 perfectus
1052 2858 1159 2913 esse
1178 2881 1193 2907 ,
1224 2843 1350 2913 unde
1373 2852 1417 2893 et
1445 2841 1601 2913 vende
1636 2841 1805 2913 omnia
1843 2850 1927 2913 tua
1954 2881 1969 2905 ,
1996 2849 2043 2892 et
2071 2841 2138 2893 da

563 2910 886 2983 pauperibus,
905 2923 951 2966 et
972 2912 1170 2965 habebis
1191 2912 1472 2963 thesaurum
1488 2912 1539 2963 in
1562 2912 1707 2983 caelo,
1730 2919 1775 2961 et
1791 2910 1920 2974 veni,
1939 2926 2141 2983 sequere

561 2980 788 3049 ine.’Qui
816 2998 943 3052 ergo
972 2984 1088 3035 talus
1116 2990 1214 3043 est,
1250 2996 1424 3052 neque
1442 2980 1572 3033 mori
1606 2988 1778 3052 potest
1805 2980 1950 3052 quasi
1972 2981 2135 3052 abor-

564 3055 729 3117 tivus,
760 3068 857 3106 nec
882 3050 1059 3107 seduci
1092 3052 1239 3119 quasi
1276 3050 1551 3115 insipiens,
1582 3063 1682 3119 nec
1710 3050 1848 3101 vinci
1876 3050 2024 3119 quasi
2058 3050 2138 3103 in-

562 3122 764 3185 firmus,
791 3137 887 3175 nec
906 3122 1074 3190 perire
1092 3118 1237 3186 quasi
1257 3120 1501 3190 parvulus
1516 3118 1640 3190 :_sed
1661 3128 1739 3190 est
1756 3118 2134 3190 virAperfectus,

561 3204 616 3247 et
653 3186 918 3245 adversus
948 3190 1121 3244 omnia
1158 3188 1472 3241 invincibilis
1497 3187 1633 3239 lilius
1680 3187 1789 3241 ltei.
1820 3186 1918 3252 Qui
1958 3196 2133 3240 autem

600 3262 764 3315 arvuli
809 3272 928 3314 sunt
955 3300 969 3318 .
1014 3256 1448 3312 scaudalizabiles
1485 3265 1627 3310 sunt.
1658 3253 1731 3307 De
1773 3257 1963 3324 quibus
2009 3256 2137 3310 dicit

607 3332 816 3385 ominus
847 3331 897 3383 in
937 3328 1219 3397 Evangelia
1244 3344 1255 3379 :
1283 3327 1439 3378 Amen
1478 3326 1589 3397 dico
1628 3325 1762 3397 vobis
1784 3367 1799 3389 ,
1834 3326 2137 3397 quicumque

564 3341 816 3385 Dominus
847 3347 897 3383 tn
938 3341 1219 3397 lavangeno
1244 3344 1255 3379 :
1283 3341 1439 3378 Amen
1478 3341 1589 3378 atco
1628 3341 1799 3389 vobis,
1843 3341 2131 3446 Zutcumqtte

562 3400 977 3455 scandalizaverit
1000 3414 1156 3451 unum
1177 3398 1241 3450 de
1268 3397 1465 3465 pusillis
1492 3396 1599 3448 istis
1624 3394 1841 3465 credenti
1876 3412 1933 3447 us
1959 3396 2011 3465 in
2035 3412 2131 3456 me,

562 3472 758 3537 expedit
784 3472 849 3532 ei,
880 3478 929 3520 ut
953 3468 1085 3521 ntola
1105 3467 1328 3519 asinaria
1348 3464 1682 3537 suspendatur
1706 3464 1762 3537 in
1783 3465 1921 3537 collo,
1950 3464 2060 3537 ej_tts
2086 3475 2131 3537 et

563 3532 878 3607 deittergatur
910 3540 961 3591 in
987 3537 1295 3607 profundunt
1517 3532 1714 3602 (Marc.
1737 3533 1789 3588 9.
1819 3534 1879 3587 M
1911 3534 1951 3601 ).
1981 3533 2047 3587 Et
2087 3536 2131 3607 si

563 3604 763 3676 parvuli
791 3609 839 3661 in
868 3604 1099 3661 Ecclesia
1130 3604 1561 3676 scandaliaabiles
1580 3612 1717 3676 sunt,
1739 3614 1945 3676 quanto
1969 3604 2135 3676 magis

570 3670 796 3731 abortivi
826 3692 929 3730 non
959 3686 1081 3730 sunt
1104 3674 1330 3729 vitales?
1356 3673 1411 3727 Si
1442 3688 1569 3740 ergo
1598 3673 1710 3726 haec
1738 3673 1804 3725 ita
1831 3686 1888 3725 se
1915 3670 2130 3739 habent,

565 3761 741 3828 quare.
756 3762 857 3799 non
884 3747 1034 3825 dixit,
1068 3744 1154 3798 Va:
1182 3745 1251 3828 iis
1276 3744 1363 3812 qui
1390 3744 1619 3828 innuter'o
1642 3741 1905 3795 habentur
1923 3753 2026 3828 ,met
2054 3759 2133 3798 vze

566 3811 631 3869 iis
656 3816 743 3885 qui
785 3816 1091 3885 nutriuntur
1130 3811 1304 3885 adhuc
1336 3812 1501 3885 :_sed,
1556 3811 1639 3865 Var
1681 3812 2053 3885 prtcgnantibus
2087 3823 2133 3885 et

566 3880 898 3938 nutrientibus
941 3888 992 3938 in
1019 3884 1120 3938 illis
1161 3882 1333 3937 diebus
1356 3882 1379 3934 .’
1404 3882 1536 3948 Quia
1574 3880 1785 3951 quando
1828 3880 2132 3948 hujusmodi

563 3955 787 4009 abortivi
813 3956 1059 4009 abstracti
1086 3954 1153 4006 ab
1174 3962 1324 4007 utero
1347 3951 1617 4015 Ecclesiae,
1638 3957 1727 4004 aut
1753 3951 1953 4018 parvuli
1976 3952 2129 4015 tales,

564 4024 809 4079 nesciunt
837 4024 959 4093 quid
990 4024 1257 4093 patiuntur
1285 4037 1299 4073 :
1330 4021 1542 4093 quando
1567 4020 1708 4073 enim
1740 4035 1843 4093 non
1871 4022 2129 4093 sentiunt,

564 4095 643 4147 sic
672 4089 911 4161 pereunt.
953 4089 1139 4146 A'dhuc
1174 4099 1352 4161 autem
1381 4099 1439 4161 ut
1488 4091 1568 4161 d_e_
1590 4089 1912 4161 proprietate
1948 4089 2133 4157 loquar

564 4156 925 4233 parvulorum,
956 4161 1186 4233 gaudent
1212 4160 1434 4233 seducii,
1466 4158 1531 4211 ad
1556 4156 1823 4233 interitum
1847 4156 2129 4233 docuittur,

564 4226 620 4287 et
650 4234 820 4287 rident
848 4226 1025 4286 illec'ti.
1058 4230 1178 4285 Ideo
1204 4229 1348 4293 dicit,
1378 4226 1464 4279 νω
1491 4228 1859 4296 praegnantibus
1884 4226 2133 4283 Ecclesiis

564 4312 611 4355 et
638 4302 985 4364 nutrientibus,
1017 4299 1227 4367 quando
1258 4300 1383 4365 ipsa:
1404 4296 1471 4350 de
1502 4298 1793 4365 perditione
1819 4296 2028 4367 illorum
2058 4308 2133 4352 ta-

564 4372 692 4426 lium
714 4366 1137 4426 lameutabuntur
1150 4378 1203 4423 et
1218 4368 1479 4435 plangeut.
1502 4368 1634 4421 Ecce
1653 4375 1876 4435 quantos
1897 4366 2135 4423 videmus

563 4441 632 4518 de
660 4442 894 4518 Ecclesia
925 4440 1224 4518 hujusmodi
1252 4437 1543 4518 aborti_vos,
1571 4447 1627 4491 et
1662 4436 1912 4518 parvulos
1936 4436 2129 4492 ductos

563 4510 631 4564 ad
656 4505 1100 4579 praevaricationis
1130 4508 1426 4579 interitum!
1449 4505 1712 4579 Numquid
1741 4506 1930 4579 aliquis
1950 4521 2135 4579 eorum

565 4575 915 4647 lacrytttavit?
940 4578 1192 4647 numquid
1219 4576 1408 4645 aliquis
1429 4578 1664 4647 tristatu_s
1689 4575 1932 4647 estlSed
1962 4577 2135 4647 adhuc

566 4666 631 4704 ex
656 4643 870 4704 diverso
893 4643 1129 4703 abierunt
1159 4643 1467 4716 gaudentes.
1491 4643 1593 4698 Sed
1620 4644 1869 4716 Ecclesiae
1895 4644 2132 4716 dolorem

566 4720 880 4789 perditionis
906 4733 1091 4774 eorum
1115 4713 1240 4786 ip'ste
1262 4716 1613 4789 lamentantur
1635 4723 1689 4767 et
1714 4713 1981 4789 plangunt.
2012 4714 2135 4789 Ideo

563 4783 711 4853 dicit,
738 4788 823 4841 γω
854 4789 1103 4843 Ecclesiis
1132 4783 1499 4857 praegnantibus
1524 4792 1575 4857 et
1610 4783 1937 4857 nutrientibus
1960 4783 2012 4834 in
2032 4783 2135 4857 illis

565 4852 757 4912 diebus.
799 4859 866 4929 Et
889 4862 931 4912 si
959 4852 1171 4929 quidem
1202 4852 1514 4929 negligentia
1539 4852 1891 4929 Ecclesiarum
1914 4853 2134 4929 aut_im-

566 4930 759 4983 maturi
791 4920 1139 4990 fuerint'nati,
1160 4934 1250 4977 aut
1276 4920 1495 4992 parvuli,
1521 4938 1624 4975 non
1652 4920 1906 4975 habentes
1933 4922 2019 4989 qui
2047 4931 2137 4975 aut

566 4997 877 5051 informaret
895 5011 1006 5061 eos,
1026 5006 1116 5049 aut
1134 4994 1463 5063 postmodum
1485 4999 1876 5063 consummaret
1894 4992 1953 5063 io
1967 4992 2135 5063 virum

568 5067 861 5138 perfectum
882 5060 1307 5138 ,_i_nmens_uram
1334 5063 1504 5115 :etatis
1536 5060 1873 5138 plenitudinis
1898 5060 2091 5138 Christi
2122 5078 2135 5115 :

568 5129 850 5206 dupliciter
884 5129 993 5190 ’νω
1034 5134 1283 5206 Ecclesiis
1314 5130 1699 5206 praegnantibus
1728 5141 1775 5206 et
1814 5129 2139 5206 nutrientibus

566 5209 620 5260 in
645 5200 748 5261 illis
776 5207 951 5262 diebus
974 5222 993 5259 :
1018 5204 1139 5274 quia
1166 5211 1221 5255 et
1249 5203 1299 5253 in
1327 5200 1649 5274 lioc'steculo
1668 5200 1909 5274 dolorem
1933 5202 2138 5274 patien-

570 5288 655 5331 tur
680 5278 987 5345 perditionis
1010 5270 1193 5330 eorum
1215 5313 1229 5336 ,
1257 5280 1311 5326 et
1347 5272 1524 5345 indie
1542 5271 1723 5339 iudicii
1750 5270 2140 5345 damnabantur

566 5336 786 5418 propter
812 5346 1177 5418 negligentiam
1204 5351 1259 5397 et
1286 5336 1637 5418 eruditionem
1655 5336 1943 5418 eorum.
1963 5349 2138 5418 autem

573 5409 826 5473 Ecclesiae
866 5409 1077 5483 quidem
1111 5420 1477 5479 competenter
1512 5412 1650 5483 circa
1681 5425 1775 5463 eos
1814 5409 2139 5483 diligentiam

570 5478 967 5555 impenderunt,
1001 5484 1076 5536 illi
1101 5478 1283 5555 autem
1308 5495 1406 5534 nec
1430 5478 1729 5555 audierunt,
1762 5493 1860 5533 nec
1886 5488 2007 5532 ante
2044 5479 2140 5530 ba-

568 5548 820 5627 ptismum
848 5553 1112 5627 informati
1136 5553 1535 5627 acquieverunt,
1556 5548 1865 5627 elongantes
1892 5562 1953 5627 se
1975 5565 2001 5597 a
2025 5564 2144 5627 eon_-

568 5618 729 5680 ventu
767 5638 821 5678 et
849 5623 918 5676 ab
943 5623 1085 5675 omni
1125 5618 1305 5675 auditu
1333 5618 1728 5687 Scripturarum
1752 5656 1770 5683 ,
1819 5626 1873 5671 et
1908 5618 1973 5671 ab
1998 5622 2139 5670 omni

568 5694 1019 5752 verbo'doctrinm
1044 5690 1417 5761 alloquentium
1444 5693 1804 5761 sacerdotum,
1830 5702 1999 5761 neque
2028 5698 2144 5755 post

570 5766 891 5830 baptismum
913 5756 1474 5833 proficere‘voluerunt
1499 5776 1513 5813 :
1538 5756 1789 5833 Ecclesiis
1808 5756 2018 5833 quidem
2044 5774 2140 5819 vas,

572 5826 695 5912 quia
725 5839 838 5891 sive
860 5826 984 5903 hoc,
1013 5834 1127 5888 sive
1156 5830 1249 5886 illo
1278 5830 1437 5885 modo
1464 5829 1729 5897 patientur
1756 5826 1995 5883 dolorem
2024 5841 2143 5897 per-

1838 437 2010 496 ΟΡυὸ
2045 436 2528 498 ιλιρεηπετυδι

3706 464 3817 519 912

2254 552 2469 626 ditionis
2510 567 2691 609 eorum
2724 552 2867 626 :rillis
2912 562 3089 610 autem
3132 555 3492 622 multipliciter
3538 572 3616 610 v.1:
3642 599 3659 621 ,
3694 558 3815 626 quia

2254 625 2425 704 omnis
2445 638 2599 704 causa
2613 625 2938 704 perditionis
2957 640 3143 679 eorum
3164 626 3231 704 ab
3253 627 3497 704 illis‘solis
3524 625 3811 704 requirenti

2255 692 2304 744 iu
2335 691 2421 745 die
2466 691 2664 761 judicii.
2709 696 2967 758 Quoniam
3014 696 3253 762 corporis
3289 696 3500 761 quidem
3552 691 3816 763 profectos

2252 777 2353 813 non
2379 770 2462 814 est
2493 764 2541 814 in
2573 772 2829 827 potestale
2853 764 3099 825 hominis,
3135 764 3224 816 sed
3261 765 3349 817 Dei
3379 782 3393 822 :
3420 770 3610 819 anima:
3634 778 3811 818 autem

2251 829 2516 900 profectus
2546 832 2868 885 voluntarius
2897 842 2996 886 est.
3025 835 3304 887 Videamus
3332 850 3479 900 ergo,
3508 853 3572 888 ne
3600 852 3695 889 nos
3729 837 3816 887 im.

2248 899 2512 968 pet-feetos
2539 902 2770 954 inveniat
2798 912 2887 955 aut
2918 918 3055 956 nunc
3086 899 3470 958 ltzt-relicorum
3490 905 3783 958 dominatio
3805 947 3817 960 .

2246 978 2490 1041 anttunc
2514 971 2675 1039 ipsius
2699 972 3027 1024 Antichristi.
3053 973 3309 1037 Quoniam
3334 976 3469 1027 sicut
3493 991 3651 1041 opera
3677 975 3812 1026 bona

2247 1036 2300 1090 in
2331 1039 2413 1090 die
2437 1036 2748 1109 ten'tationis
2794 1052 3043 1108 przcstant
3070 1036 3179 1109 spei
3224 1043 3464 1096 virtutem
3499 1036 3618 1099 :Isic
3656 1060 3815 1109 opem

2246 1108 2385 1159 mala
2417 1108 2805 1177 despcratioois
2831 1108 3116 1176 operantur
3142 1111 3517 1166 infirmitatem.
3544 1114 3633 1167 20.
3663 1108 3820 1165 Orate

2245 1187 2446 1247 autem,
2474 1188 2526 1228 ut
2564 1194 2663 1230 non
2691 1180 2780 1244 ﬁat
2825 1183 2946 1247 fuga
2973 1193 3130 1232 vestra
3159 1178 3318 1233 hieme
3344 1223 3358 1245 ,
3392 1184 3466 1235 vel
3496 1183 3717 1235 sabbato.
3756 1183 3821 1235 Et

2250 1246 2539 1318 carnaliter
2566 1257 2619 1299 et
2658 1246 3006 1313 Spiritualiter
3045 1251 3251 1317 legitur.
3294 1250 3637 1318 Fugientibus
3674 1253 3818 1304 enim

2246 1323 2297 1366 et
2327 1314 2488 1384 invia
2521 1331 2739 1371 manere
2770 1333 2989 1371 necesse
3027 1314 3140 1379 est,
3174 1329 3227 1372 et
3263 1322 3314 1372 in
3362 1314 3505 1373 silvis
3539 1322 3733 1384 latere,
3768 1334 3823 1373 et

2248 1397 2345 1457 per
2366 1383 2574 1457 deserta
2622 1387 2818 1457 vagari.
2856 1386 2993 1455 Fuga
3038 1399 3213 1440 autem
3241 1399 3443 1443 vestem
3475 1401 3686 1457 portare
3713 1383 3819 1442 non

2246 1452 2391 1513 sinit,
2419 1454 2633 1527 domum
2663 1452 2858 1527 intrare
2889 1452 2992 1508 non
3020 1460 3294 1527 permittit,
3329 1452 3496 1523 ignem
3520 1460 3817 1527 accendere

2246 1536 2349 1597 non
2394 1525 2658 1577 concedit.
2690 1526 2741 1577 In
2772 1526 2945 1597 hieme
2974 1525 3151 1597 autem
3195 1528 3318 1593 quid
3365 1529 3519 1581 faciat
3565 1526 3821 1597 fugiens?

2246 1589 2471 1663 Necesse
2499 1602 2752 1663 estergo,
2781 1606 2871 1649 aut
2897 1595 3100 1663 fugiens
3131 1589 3325 1663 frigore
3356 1607 3555 1663 pereat,
3588 1589 3678 1649 aut
3707 1614 3822 1649 ma-

2246 1675 2377 1713 nens
2402 1661 2575 1729 gladio
2605 1661 2877 1720 moriatur.
2902 1661 3154 1719 Similiter
3182 1661 3231 1719 iu
3258 1661 3479 1719 sabbato
3502 1684 3603 1720 non
3629 1668 3823 1719 licebat

2244 1731 2469 1804 amplius
2498 1732 2805 1804 ambulare,
2859 1736 3181 1788 nisicertum
3230 1738 3454 1804 Spatium
3502 1738 3618 1788 vim.
3667 1736 3821 1790 Unde

2245 1800 2441 1871 dictum
2457 1811 2537 1871 est
2559 1800 2609 1853 iu
2633 1802 2851 1857 Actibus
2875 1800 3270 1871 apostolorum,
3287 1805 3497 1858 Sabbati
3523 1807 3707 1858 habens
3728 1808 3825 1857 iter

2269 1869 2435 1942 ᾼσιΛ.
2458 1869 2568 1937 12).
2587 1870 2721 1937 Quid
2745 1887 2870 1937 ergo
2888 1869 3037 1927 faciet
3057 1873 3257 1942 fugiens
3274 1874 3489 1928 ludmus
3506 1877 3557 1928 in
3575 1876 3823 1927 sabbato?

2291 1951 2474 1993 ecesse
2500 1950 2584 2013 est
2612 1950 2666 1993 ut
2692 1950 2783 1995 aut
2810 1944 2977 2013 legem
3009 1954 3284 2013 praetereat
3312 1944 3534 2012 fugiens,
3563 1956 3654 1997 aut
3673 1960 3820 1998 mor~

2247 2016 2352 2084 tem
2390 2009 2643 2084 suscipiat
2674 2009 2921 2084 manens.
2955 2009 3308 2082 spiritualiter
3350 2009 3525 2067 autem
3569 2014 3636 2067 de
3666 2016 3822 2067 Chri-

2245 2078 2435 2132 stianis
2475 2079 2635 2132 talem
2674 2079 2869 2135 habent
2910 2078 3415 2146 interpretationem.
3464 2084 3702 2138 lliemem
3732 2084 3818 2137 di-

2244 2156 2367 2219 cunt
2398 2147 2558 2219 frigus
2581 2148 2905 2219 infidelitatis
2930 2153 3219 2219 spirituale.
3244 2152 3342 2217 Qui
3367 2154 3507 2205 enim
3532 2170 3635 2205 non
3662 2152 3823 2205 habet

2245 2214 2296 2268 in
2326 2214 2487 2289 corde
2526 2232 2623 2271 suo
2666 2218 2870 2285 ignem,
2900 2214 2973 2289 de
3004 2236 3108 2289 quo
3140 2214 3393 2273 Dominus
3425 2222 3551 2274 dicit
3582 2240 3596 2276 :
3640 2222 3820 2289 Ignem

2372 2288 2562 2340 mittere
2596 2289 2654 2360 in
2679 2301 2862 2341 terram
2889 2289 2909 2357 (
2932 2287 3057 2360 Luc.
3097 2290 3185 2344 12.
3214 2292 3285 2345 49
3310 2294 3349 2360 ).
3376 2290 3425 2344 id
3463 2301 3564 2350 est,
3598 2287 3820 2345 verbum

2244 2354 2482 2428 divinum
2513 2398 2529 2419 ,
2577 2356 2645 2410 de
2680 2373 2797 2428 quo
2841 2354 3049 2413 calebat
3092 2361 3145 2413 in
3191 2354 3340 2415 fide':
3375 2362 3462 2415 ille
3507 2376 3720 2428 semper
3766 2363 3818 2413 in

2243 2424 2419 2481 hieme
2443 2434 2560 2491 est,
2591 2427 2689 2481 etsi
2716 2425 2875 2481 fuerit
2904 2430 2956 2482 in
2981 2429 3154 2483 media
3184 2440 3368 2485 testate
3400 2446 3416 2481 ε
3447 2433 3572 2496 quia
3601 2424 3819 2483 dubita-

2243 2495 2445 2569 tionem
2486 2496 2759 2569 incursus,
2790 2498 2939 2569 quasi
2969 2499 3221 2568 quasdam
3250 2508 3593 2569 tempestates
3620 2502 3687 2553 de
3712 2500 3821 2554 ﬁde

2242 2561 2434 2636 Christi
2462 2566 2653 2635 patitur
2677 2561 2847 2620 aniuia
2868 2561 3002 2636 ejus;
3033 2578 3090 2621 et
3110 2570 3269 2636 alget.
3298 2561 3401 2622 Aut
3426 2570 3479 2622 in
3512 2571 3685 2622 hieme
3710 2579 3817 2634 est,

2242 2633 2333 2705 qui
2364 2636 2417 2687 in
2448 2633 2867 2705 persequutione
2886 2633 2986 2705 est,
3017 2647 3070 2691 et
3100 2633 3465 2705 tempestatem
3497 2640 3694 2705 patitur
3719 2639 3819 2690 im-

2244 2703 2470 2776 piorum.
2508 2704 2573 2755 Et
2598 2704 2716 2776 ideo
2755 2704 2939 2772 frigida
2983 2706 3040 2759 fit
3066 2703 3463 2761 fide-somnium
3486 2703 3587 2769 ,et
3612 2708 3675 2760 ad
3705 2709 3817 2776 ple-

2244 2787 2368 2844 [tum
2390 2772 2547 2841 gelat,
2572 2773 2670 2825 nisi
2695 2773 2879 2827 iterum
2902 2776 3201 2830 calefecerit
3221 2792 3314 2831 eos
3329 2777 3559 2844 Spiritus
3579 2772 3815 2831 sanctus.

2243 2840 2378 2916 Item
2397 2840 2494 2916 est
2506 2845 2779 2916 corporale
2807 2844 3079 2916 sabbatum
3109 2840 3399 2899 secundum
3442 2848 3622 2899 literas
3650 2848 3779 2916 legis
3799 2889 3814 2912 ,

2241 2910 2379 2978 quod
2397 2910 2563 2965 Judazi
2587 2912 2966 2979 intelligebant,
2987 2924 3040 2967 et
3062 2916 3468 2979 conservabant,
3487 2917 3614 2969 dum
3636 2934 3664 2968 a
3690 2910 3816 2969 ἔοι-ὲ

2244 2981 2407 3049 porali
2436 2996 2597 3049 opere
2624 2982 2982 3043 abstinerent,
3026 3000 3129 3035 non
3170 3000 3199 3036 a
3233 2986 3596 3051 corporalibus
3636 2986 3812 3039 malis.

2245 3053 2311 3123 lit
2336 3051 3044 3123 estspirituale,_seeundum
3059 3054 3197 3123 quod
3222 3056 3389 3123 gratia
3415 3054 3612 3108 Christi
3643 3056 3815 3108 mani-

2244 3121 2451 3190 festavit
2490 3136 2505 3174 :
2545 3119 2689 3187 quod
2736 3121 3033 3190 intelligunt
3076 3119 3355 3177 Chrisiiani
3407 3132 3459 3176 et
3488 3125 3813 3189 observant,

2245 3187 2578 3260 abstinentes
2604 3203 2663 3241 se
2682 3204 2799 3260 _no_n
2825 3190 2892 3243 ab
2913 3187 3089 3258 'opere
3118 3192 3404 3258 corporali,
3435 3193 3528 3245 sed
3556 3208 3584 3244 a
3613 3187 3811 3260 corpoé

2244 3258 2444 3311 ralibus
2469 3257 2641 3310 malis.
2670 3256 2770 3328 Qui
2798 3274 2925 3327 ergo
2944 3256 3093 3313 vacat
3124 3263 3191 3313 ab
3218 3256 3380 3328 opere
3408 3262 3549 3313 malo
3567 3302 3581 3326 ,
3615 3256 3816 3316 faciens

2240 3340 2399 3394 opera
2434 3328 2589 3390 bona,
2622 3326 2960 3383 laudabiliter
2985 3326 3297 3392 salibatizat,
3330 3342 3383 3384 et
3408 3344 3590 3385 sancte
3617 3346 3813 3385 secun-

2238 3396 2364 3468 dum
2408 3397 2649 3468 spiritum
2676 3406 2774 3468 ._ct
2813 3398 2903 3453 Dei
2933 3400 3213 3452 consilium
3238 3417 3252 3457 ;
3274 3402 3364 3468 qui
3403 3411 3582 3453 autem
3615 3402 3817 3455 recedit

2238 3466 2481 3537 abopem
2502 3465 2659 3537 bono,
2682 3465 2876 3537 faciens
2887 3483 3046 3535 opera
3068 3469 3225 3532 mala,
3245 3465 3563 3533 culpabitur,
3578 3480 3631 3521 et
3654 3471 3815 3537 impie

2240 3534 2549 3607 sabbatizat.
2580 3535 2654 3607 De
2687 3535 2787 3607 hoc
2814 3534 2989 3604 itaque
3016 3552 3120 3589 non
3165 3539 3304 3593 bono
3331 3538 3555 3607 sabbato
3583 3534 3815 3607 loquitur

2242 3604 2493 3657 Dominus
2523 3605 2574 3657 in
2602 3606 2701 3657 hoc
2726 3606 2843 3658 loco
2868 3607 3159 3660 admonens
3182 3648 3198 3672 ,
3232 3617 3287 3659 ut
3315 3623 3382 3661 ne
3408 3606 3523 3662 dies
3548 3604 3816 3661 ille'iuve-

2240 3673 2351 3746 niat
2377 3673 2551 3746 eos_in
2578 3675 2833 3746 peccatis.
2862 3676 2983 3746 Ideo
3024 3692 3150 3746 ergo
3185 3676 3346 3741 dicit,
3390 3675 3473 3729 Ne
3502 3682 3629 3746 fuga
3657 3689 3814 3730 vestra

2238 3743 2398 3814 hieme
2416 3743 2491 3795 uel
2509 3742 2711 3814 sabbato
2732 3744 2840 3810 fiat,
2857 3745 2977 3814 quia
2994 3742 3310 3814 quicumque
3330 3747 3380 3799 in
3404 3742 3579 3801 hieme
3597 3748 3818 3801 inﬁdeli-

2240 3812 2360 3865 tatis
2384 3816 2627 3865 inventus
2642 3813 2817 3877 fuerit,
2838 3812 2926 3867 aut
2950 3815 3000 3867 in
3016 3812 3396 3883 deliciis—hujus
3416 3818 3598 3869 mundi
3621 3819 3815 3869 sabba-

2237 3884 2425 3945 tirans,
2440 3891 2493 3935 et
2506 3882 2677 3935 otians
2689 3883 2755 3935 ab
2768 3898 2929 3951 opere
2944 3883 3103 3947 bono,
3124 3880 3338 3938 necesse
3358 3894 3439 3938 est
3456 3897 3508 3936 ut
3528 3887 3818 3939 tribulatio-

2238 3965 2363 4003 num
2384 3960 2627 4021 tempore
2648 3962 2946 4019 superatus,
2968 3962 3147 4021 pereat
3165 3954 3428 4007 credendo
3446 3956 3777 4007 Antichri~to
3795 3998 3810 4017 ,

2235 4020 2504 4091 quoniam,
2519 4021 2655 4074 sicut
2668 4021 2916 4085 diximus,
2933 4020 3093 4089 opera
3111 4023 3243 4075 bona
3258 4024 3305 4075 in
3323 4026 3817 4091 persequutionibus

2236 4088 2299 4142 ad
2320 4088 2475 4142 fidem
2493 4091 2603 4158 spei
2622 4099 2870 4157 priestant
2888 4088 3150 4144 virtutem.
3170 4088 3425 4157 Quoniam
3441 4088 3617 4146 autem
3639 4096 3705 4147 de
3720 4094 3819 4147 de-

2238 4158 2371 4211 liciis
2384 4160 2924 4240 et_pecc_atisloquitur
2941 4160 3085 4240 locus
3104 4161 3554 4240 iste.ma.uifestius
3573 4164 3817 4229 adaperit

2237 4228 2554 4295 evangelista
2573 4228 2763 4298 Lucas.
2790 4228 2922 4281 Cum
2941 4230 3079 4282 enim
3107 4230 3278 4283 locum
3308 4230 3464 4283 istum
3484 4228 3815 4298 exponeret,

2239 4298 2309 4352 ita
2326 4298 2441 4366 subj
2449 4301 2596 4351 unxit
2609 4314 2623 4350 :
2635 4296 2818 4366 gl’idete
2835 4313 2898 4351 ne
2911 4308 3176 4366 graventur
3190 4301 3343 4351 corda
3363 4296 3589 4353 restrain
3601 4305 3818 4366 crapula

2239 4315 2309 4352 tta
2326 4315 2623 4366 subiunxit:
2653 4315 2818 4350 nacte
2835 4315 2898 4351 ne
2971 4315 3176 4351 nitentur
3190 4315 3343 4351 coraa
3363 4315 3521 4352 vestra
3538 4317 3589 4353 tn
3601 4315 3818 4366 craputa

2238 4377 2285 4419 et
2309 4367 2545 4438 ebrietate
2576 4368 2595 4438 (
2618 4365 2747 4419 Luc.
2779 4366 2869 4420 21.
2900 4315 2970 4421 ἕξ
2993 4366 3036 4437 ).
3060 4368 3133 4421 Ex
3159 4368 3363 4422 duabus
3389 4384 3517 4437 ergo
3546 4372 3820 4436 parabolis

2238 4437 2605 4505 Superioribus
2651 4438 2792 4506 prior
2824 4438 3038 4506 quidem
3065 4438 3220 4490 docet
3259 4448 3315 4491 ut
3348 4438 3663 4493 festinemus
3697 4456 3820 4506 per-

2241 4505 2364 4589 fecnti
2399 4520 2521 4589 esse
2552 4508 2602 4586 in
2632 4506 2736 4589 fido
2762 4505 2958 4589 Christi
2989 4506 3161 4589 :quo_d
3179 4522 3469 4589 possumus
3490 4505 3815 4589 adimplere,

2240 4576 2285 4629 si
2310 4575 2596 4643 Scripturis
2615 4584 2666 4627 et
2684 4575 2938 4628 doctrinae
2952 4578 3284 4629 sacerdotum
3305 4577 3503 4630 assidui
3530 4575 3813 4631 fuerimus:

2240 4646 2487 4713 quoniam
2514 4646 2599 4712 qui
2648 4645 2698 4696 in
2740 4643 2842 4696 lide
2870 4643 3067 4697 Christi
3112 4654 3166 4697 et
3210 4646 3458 4711 operibus
3504 4646 3661 4700 bonis
3690 4658 3819 4701 sunt

2240 4712 2556 4781 imperfecti,
2585 4713 2681 4778 ipsi
2708 4720 2833 4767 sunt
2853 4713 3137 4781 quiadhuc
3166 4713 3215 4765 in
3244 4724 3392 4766 utero
3419 4713 3703 4778 habentur,
3722 4726 3820 4770 aut

2239 4784 2413 4835 adhuc
2435 4781 2638 4853 parvuli
2660 4791 2804 4845 sunt,
2825 4783 2913 4848 qui
2936 4780 3086 4835 facile
3120 4782 3481 4853 periclitantur
3497 4784 3547 4836 iu
3573 4793 3820 4853 tempore

2242 4850 2703 4919 persequutionis,
2752 4862 2807 4903 et
2852 4850 3258 4918 pereunt,quia
3290 4850 3433 4904 dubii
3462 4863 3584 4905 stmt
3613 4850 3820 4911 de'lide

2240 4920 2475 4980 Christi;
2507 4932 2735 4987 sequens
2762 4930 2937 4971 autem
2966 4920 3154 4984 docet,
3188 4930 3242 4973 ut
3282 4935 3350 4974 ne
3393 4923 3538 4975 vacui
3572 4924 3819 4977 invenia-

2243 5005 2363 5043 mur
2390 4989 2458 5041 ab
2482 4988 2735 5056 operibus
2761 4989 2933 5053 bonis,
2957 4989 3098 5043 etab
3114 4990 3494 5044 exercitatione
3518 4993 3777 5047 virtutum
3802 5012 3817 5047 :

2243 5060 2365 5129 quia
2390 5058 2481 5127 qui
2508 5060 2587 5112 sic
2617 5059 2812 5131 inventi
2846 5058 3180 5131 fuerint,ipsi
3220 5068 3344 5113 sunt
3370 5064 3573 5128 parvuli
3600 5102 3617 5125 ,
3642 5064 3731 5131 qui
3762 5064 3818 5118 in

2243 5127 2329 5183 die
2370 5127 2797 5197 persequutionis
2824 5127 2951 5197 cito,
2972 5129 3334 5195 periclitantur
3365 5127 3394 5181 s
3438 5131 3541 5185 fide
3569 5127 3770 5186 cursu
3803 5151 3816 5185 :

2244 5196 2504 5267 quia’non
2536 5199 2731 5270 habent
2757 5212 2921 5270 opera
2945 5196 3080 5251 bona
3111 5200 3460 5270 conlortantia
3490 5216 3585 5255 eos
3609 5202 3662 5255 in
3694 5217 3815 5270 spe,

2246 5266 2347 5323 nec
2373 5266 2803 5322 exercitationem
2832 5266 3083 5320 virtutum
3124 5269 3173 5321 in
3222 5268 3528 5324 suﬂ'erentis
3553 5266 3818 5325 adverso-

2246 5353 2385 5392 rum.
2418 5338 2671 5409 Similiter
2702 5345 2756 5409 et
2782 5352 2848 5389 ex
2896 5337 3100 5409 duabus
3149 5338 3410 5405 parabolis
3438 5340 3816 5409 sequentibus,

2249 5409 2392 5477 prior
2415 5406 2626 5476 quidem
2657 5408 2939 5470 admonet,
2970 5423 3036 5460 nc
3066 5408 3357 5473 imperfecti
3401 5406 3734 5477 inveniamur
3762 5411 3817 5463 il:

2249 5476 2353 5531 ﬁde
2384 5491 2399 5527 :
2434 5478 2528 5546 ipsi
2558 5486 2683 5529 sunt
2709 5477 2942 5544 quidem,
2965 5478 3056 5547 qui
3084 5477 3427 5532 dubitationis
3456 5476 3687 5534 hiemem
3718 5494 3818 5546 pa-

2250 5549 2734 5614 tiuntur;sequens
2772 5559 2981 5612 atttom,
3015 5559 3069 5599 ut
3099 5563 3169 5602 no
3208 5547 3325 5602 sine
3370 5548 3522 5603 bonis
3564 5549 3818 5614 operibus

2250 5618 2579 5671 inveniamur
2605 5618 2653 5667 iu
2696 5626 2931 5684 tempore
2978 5616 3087 5681 illo,
3128 5617 3517 5673 sabbatisantes
3557 5616 3627 5671 ab
3649 5632 3815 5685 opere

2251 5688 2411 5758 bono.
2439 5687 2511 5758 Si
2528 5727 2541 5739 .
2575 5684 2685 5758 Erit
2712 5686 2842 5738 enim
2870 5687 3125 5741 tribulatio
3151 5703 3335 5757 magna
3358 5684 3699 5758 ,_qualis_non
3716 5692 3814 5758 fuit

2250 5757 2313 5809 ab
2336 5757 2477 5808 initio
2504 5756 2673 5808 siccati
2702 5771 2859 5822 usque
2882 5758 3049 5809 modo.
3069 5754 3327 5823 Quoniam
3356 5754 3509 5819 dixit,
3560 5754 3647 5810 Var
3673 5754 3810 5823 prc-

2252 5826 2522 5899 gnautibus
2555 5836 2601 5879 et
2647 5824 2978 5881 nutrientibus
3017 5838 3040 5882 :
3075 5835 3165 5894 et,
3196 5824 3374 5883 Videte
3412 5841 3479 5881 ne
3501 5834 3627 5899 μοι
3649 5838 3811 5883 restr-
