4128 6472
231 502 346 560 913

228 611 504 684 Itieinequ
554 610 758 684 sabbato
794 611 881 681 ﬁat
911 629 929 666 :
968 628 1105 669 nunc
1131 618 1348 684 exponit
1383 631 1567 684 quare,
1605 616 1653 671 id
1684 628 1785 681 est,

226 681 353 753 quia
388 680 498 753 l'Irit
518 680 1017 753 tribulatio'magna.
1058 680 1235 753 Usque
1264 686 1327 737 ad
1356 680 1618 740 Christum
1648 680 1787 741 enim

228 748 400 821 .Iudzri
431 752 528 804 etsi
558 762 865 821 peccatores
894 748 1124 818 fuerunt,
1153 748 1329 807 tamen
1364 756 1451 808 lilii
1478 766 1659 819 erant,
1686 773 1787 809 Itutl

228 819 410 894 hostes
443 836 461 894 :_
488 832 540 874 et
561 819 704 894 Video
744 825 1019 894 omnisira
1050 840 1168 893 qua:
1201 825 1443 877 veniebat
1485 840 1647 894 super
1674 841 1787 886 eos,

222 890 501 957 castigatio
527 901 639 944 erat
659 889 725 945 dc
754 889 1115 947 miserictirdia
1150 894 1385 955 veniens,
1408 911 1509 947 non
1529 889 1785 947 (totidem-

224 958 372 1011 natio
392 959 458 1013 de
487 960 559 1012 ira
593 960 920 1014 descendens
945 978 957 1023 ;
989 962 1241 1017 cruciﬁxo
1262 973 1434 1016 autem
1471 965 1689 1016 Domino
1706 964 1789 1017 dc-

221 1028 427 1081 sierunt
454 1044 571 1102 esse
596 1029 687 1102 lilii
714 1070 727 1092 ,
763 1042 814 1102 et
841 1041 963 1083 snnt
990 1032 1109 1086 lacti
1155 1032 1350 1085 hostes.
1379 1033 1659 1102 Propterea
1678 1034 1785 1098 jam

222 1112 332 1170 non
372 1098 644 1170 castigatio
674 1101 815 1152 venit
839 1102 1128 1170 corrigens,
1157 1102 1248 1155 sed
1277 1098 1643 1155 condemnatio
1672 1119 1787 1155 era-

223 1168 432 1222 dicans.
464 1168 627 1236 Capta
652 1170 892 1241 estenﬁim
917 1168 1206 1224 Jerusalem
1239 1171 1305 1223 ab
1332 1173 1580 1241 Assyriis,
1606 1181 1659 1224 ct
1687 1173 1785 1225 ite-

220 1252 342 1290 rum
392 1248 631 1306 reparata
662 1246 764 1292 εει.
804 1240 1074 1294 Destructa
1102 1250 1182 1295 est
1205 1241 1271 1293 ab
1299 1240 1576 1302 Antiocho,
1613 1250 1666 1294 et
1691 1242 1785 1295 ite-

222 1322 345 1361 rum
376 1305 689 1361 rezediﬁcala
718 1319 817 1362 est.
850 1309 1031 1362 luvasa
1063 1320 1145 1364 est
1171 1312 1324 1363 tertio
1349 1326 1376 1361 a
1416 1311 1701 1377 Pompeio,
1731 1321 1785 1363 et

222 1376 415 1430 iterutn
463 1386 703 1445 reparata
747 1386 847 1432 est.
897 1378 1043 1432 Sicut
1090 1381 1229 1433 enim
1265 1380 1442 1442 homo,
1477 1376 1778 1447 priusquam

222 1446 552 1518 diesmortis
592 1446 705 1514 ejus
734 1449 1012 1509 adveniat,
1054 1449 1303 1514 languere
1330 1450 1537 1518 quidem
1567 1460 1736 1515 potest
1762 1489 1777 1514 ,

218 1517 355 1569 mori
387 1526 560 1569 autem
592 1532 695 1569 non
728 1526 899 1584 potest
927 1536 939 1571 :
973 1520 1050 1571 sic
1075 1530 1127 1571 et
1152 1518 1329 1572 Jttdzea
1352 1517 1477 1572 ante
1518 1519 1778 1571 Christum

219 1596 407 1639 vexata
432 1594 514 1639 est
540 1586 772 1655 quidem,
803 1587 1001 1655 perdita
1031 1598 1204 1641 autem
1230 1605 1332 1641 non
1365 1596 1464 1642 est.
1496 1588 1777 1655 Postquam

216 1669 350 1709 vero
394 1655 714 1709 horrendum
765 1657 1089 1723 patricidium
1135 1658 1531 1719 commiserunt,
1562 1658 1778 1709 cruciﬁ-

214 1734 403 1793 gentes
434 1725 521 1777 ﬁlii
555 1735 775 1792 patrem.
801 1737 1020 1779 mortem
1047 1726 1348 1789 inferentes,
1378 1741 1407 1779 a
1435 1740 1538 1794 quo
1562 1740 1779 1790 accepe-

216 1805 343 1847 runt
372 1795 532 1848 vitam
558 1812 572 1847 :
604 1804 657 1847 et
680 1794 818 1863 quod
848 1796 1016 1863 majus
1045 1807 1142 1859 est,
1172 1796 1473 1850 occidentes
1498 1797 1633 1849 servi
1666 1796 1771 1848 Do-

216 1865 443 1930 minum,
474 1863 717 1918 homines
746 1864 907 1917 Deum
934 1906 947 1927 ,
981 1866 1065 1917 tali
1094 1880 1185 1918 eos
1228 1866 1376 1933 plaga
1406 1866 1693 1932 percussit,
1722 1873 1778 1916 ut

212 1948 500 2004 numquam
524 1943 793 1988 sanentur.
822 1934 968 1988 Sicut
1006 1935 1077 1988 illi
1107 1935 1207 1988 tale
1251 1934 1449 1988 facinus
1494 1934 1776 1987 commise-

212 2015 362 2068 runt,
386 2004 539 2070 quale
566 2018 847 2072 numquam
875 2005 1215 2057 commissum
1245 2014 1326 2057 est
1350 2045 1366 2070 ,
1404 2018 1501 2057 nec
1521 2014 1601 2057 est
1626 2018 1774 2057 com-

212 2072 531 2126 mittendum
568 2090 580 2125 :
610 2074 686 2125 sic
729 2081 783 2126 et
808 2087 967 2141 super
996 2074 1112 2127 illos
1148 2074 1265 2126 talis
1307 2074 1567 2127 sententia
1610 2072 1771 2135 venit,

210 2142 383 2211 qualis
412 2156 698 2210 numquam
729 2143 891 2205 venit,
911 2156 1008 2196 nec
1034 2144 1226 2196 veniet.
1260 2142 1381 2196 llaec
1408 2145 1579 2209 aptius
1602 2142 1775 2211 estde

210 2210 670 2266 consummatione
722 2212 902 2265 tuundi
944 2212 1245 2279 suscipere,
1278 2213 1427 2276 eujus
1476 2213 1637 2280 ﬁgura
1678 2210 1774 2264 fuit

212 2282 485 2335 tribulatio
525 2280 632 2334 illa.
680 2280 827 2335 Tunc
869 2296 991 2335 vere
1021 2282 1139 2334 talis
1168 2283 1268 2335 erit
1294 2282 1577 2341 tribulatio,
1605 2281 1772 2348 qualis

211 2366 500 2419 numquam
532 2349 647 2403 fuit.
675 2349 823 2404 Tunc
848 2350 1024 2405 dicent
1054 2352 1312 2415 homines,
1340 2352 1549 2418 Aperiat
1574 2365 1632 2403 se
1660 2360 1769 2402 ter-

209 2434 293 2480 ra,
318 2418 373 2473 et
400 2420 584 2488 gluliat
608 2435 725 2473 nos.
756 2419 933 2487 Usque
962 2431 1084 2473 tunc
1114 2423 1253 2473 enim
1281 2420 1451 2472 omnis
1474 2421 1547 2488 ira
1574 2434 1691 2486 qua:
1712 2418 1771 2469 ﬁt

208 2503 240 2541 a
272 2487 541 2552 Deo,’ideo
566 2490 639 2551 lit,
674 2500 729 2541 ut
757 2490 935 2542 ﬁdeles
960 2489 1170 2558 quidem
1198 2498 1381 2553 tentet,
1410 2487 1645 2558 inﬁdeles
1670 2501 1768 2558 au-

209 2567 318 2611 tem
347 2558 592 2612 emendet
615 2576 627 2610 :
650 2573 770 2610 cum
792 2556 1350 2610 autem'Antichristus
1377 2557 1577 2609 venerit
1600 2597 1613 2618 ,
1647 2556 1768 2609 talis

208 2628 389 2681 veniet
414 2628 488 2679 ira
514 2665 528 2690 ,
554 2637 608 2680 ut
633 2637 686 2681 et
715 2627 953 2680 inﬁdeles
980 2628 1195 2680 omnino
1224 2636 1469 2693 pereant,
1497 2634 1550 2680 et
1587 2625 1766 2679 ﬁdeles

208 2697 420 2765 plenius
447 2706 786 2751 coronentur.
825 2696 956 2749 Cum
982 2697 1119 2749 enim
1148 2696 1293 2749 multi
1321 2696 1761 2757 Christianorum,

206 2767 489 2820 credentes
506 2768 827 2819 Antichristo
846 2805 859 2826 ,
892 2766 1096 2834 signum
1124 2765 1350 2819 nominis
1379 2765 1493 2832 ejus
1523 2766 1573 2817 in
1606 2780 1762 2817 manu

209 2835 453 2896 dextera,
471 2846 523 2888 et
546 2837 596 2889 iu
622 2836 791 2890 fronte
817 2836 1141 2903 susceperint
1173 2852 1185 2887 :
1210 2844 1331 2887 tunc
1360 2835 1573 2888 exibunt
1595 2834 1762 2901 angeli

206 2919 330 2957 cum
378 2905 543 2972 igneis
570 2907 812 2960 curribus
839 2906 1072 2957 volantes
1104 2920 1195 2972 per
1220 2920 1339 2957 aera
1378 2923 1390 2956 :
1438 2914 1491 2956 et
1520 2904 1762 2956 invisibili

206 2988 368 3029 manu
396 2975 677 3042 signabout
701 2988 885 3028 omnes
923 2974 1123 3037 ﬁdeles,
1172 2974 1222 3026 in
1255 2974 1442 3041 quibus
1472 2973 1760 3042 tamenin-

206 3052 423 3096 veutum
452 3040 571 3096 'non
612 3043 767 3096 fuerit
813 3045 1016 3111 signum
1066 3040 1392 3096 Antichristi.
1436 3043 1512 3095 Ex
1538 3042 1628 3094 illo
1653 3040 1761 3109 jam

206 3113 399 3183 plagae,
425 3125 541 3181 qua
568 3126 802 3166 ventum
824 3110 945 3166 sunt
983 3126 1142 3179 super
1168 3122 1381 3174 terram,
1413 3112 1462 3183 in
1487 3110 1681 3183 quibus
1709 3120 1763 3183 et

207 3179 472 3235 ﬁniendus
511 3192 593 3235 est
637 3183 882 3243 mundus,
914 3182 1019 3249 jam
1061 3195 1160 3233 non
1198 3189 1409 3250 tangent
1436 3179 1638 3243 ﬁdeles,
1668 3180 1757 3248 qui

204 3252 398 3320 signati
451 3260 611 3315 sunt,
640 3252 731 3305 sed
784 3251 902 3303 illos
934 3251 1262 3320 percutienti,
1317 3264 1475 3320 super
1500 3251 1760 3320 quosAAu-

205 3317 431 3375 tiéhristi
452 3321 719 3374 inventum
750 3320 906 3374 fuerit
934 3321 1160 3389 signum.
1200 3319 1467 3389 Eritenim
1484 3317 1759 3389 tribulatio

204 3405 420 3458 inagna,
444 3390 613 3458 qualis
633 3404 913 3457 numquam
942 3387 1057 3441 fuit.
1079 3387 1261 3458 Nonne
1288 3388 1454 3456 major
1474 3387 1758 3458 fuittribu-

204 3456 336 3513 latio
380 3461 430 3513 iu
461 3456 658 3513 diluvio
683 3499 697 3521 ,
724 3456 932 3528 quando
968 3458 1035 3511 ab
1068 3457 1208 3528 omni
1229 3468 1473 3528 creatura
1495 3456 1755 3528 “nibilre:

203 3529 420 3590 mansit,
454 3530 552 3582 nisi
583 3525 879 3582 solus‘Noe
928 3542 1048 3582 cum
1077 3526 1271 3580 familia
1303 3541 1393 3579 sua
1436 3528 1455 3597 (
1482 3525 1605 3597 Geni.
1647 3526 1677 3579 7
1701 3525 1756 3594 )?

206 3597 305 3651 llic
330 3608 503 3651 autem
534 3599 634 3653 etsi
680 3598 829 3651 multi
855 3598 1197 3657 Occiduntur,
1240 3605 1412 3649 tamen
1452 3596 1598 3648 multi
1636 3611 1757 3649 eva-

202 3667 352 3720 dent.
380 3666 483 3720 Sed
516 3668 565 3719 in
595 3668 696 3720 hoc
728 3667 874 3735 pejor
900 3667 1000 3721 erit
1040 3666 1305 3719 tribulatio
1338 3667 1431 3717 ista
1460 3704 1474 3727 ,
1503 3665 1623 3732 quia
1646 3665 1757 3735 illic

204 3737 500 3802 corporalis
544 3735 639 3789 fuit
664 3734 925 3805 perditio,
954 3736 1042 3789 hic
1079 3744 1255 3788 autem
1286 3735 1591 3805 spiritualis.
1628 3734 1757 3805 Quis

203 3814 383 3858 autem
408 3805 515 3858 illic
538 3802 814 3858 tormentis
842 3805 1084 3857 astrictus
1105 3813 1206 3871 est,
1236 3804 1353 3871 quia
1379 3804 1538 3857 coluit
1566 3802 1756 3855 Deum?

202 3871 310 3929 Sed
341 3887 371 3926 e
401 3875 666 3927 contrario
698 3874 864 3941 puniti
909 3882 1067 3935 sunt,
1106 3872 1229 3941 quia
1269 3873 1548 3925 noluerunt
1583 3872 1755 3925 colere

203 3942 391 3997 Deum.
426 3942 519 3997 Hic
543 3940 718 3996 autem
750 3943 1023 3996 tormentis
1059 3940 1323 3995 alﬁeiendi
1350 3952 1505 4004 sunt,
1534 3941 1621 4008 qui
1647 3956 1750 3994 non

203 4021 486 4066 transeunt
520 4014 585 4065 ad
616 4012 916 4074 diabolum,
964 4011 1323 4079 relinquentes
1361 4011 1539 4062 Deum.
1572 4010 1755 4064 Nonne

202 4081 373 4151 major
401 4082 497 4135 fuit
520 4082 787 4136 tribulatio
809 4081 1148 4151 inSodomis,
1175 4080 1469 4151 ubinullus
1492 4080 1659 4151 erasit
1686 4080 1753 4133 ab

204 4148 350 4221 igne,
381 4152 479 4205 nisi
506 4152 650 4205 solus
683 4152 820 4215 Lot(
852 4150 978 4221 Gen.
1017 4148 1289 4221 1,9)?Sed
1318 4150 1421 4202 illic
1449 4148 1543 4201 l‘uit
1566 4149 1754 4221 adver-

201 4218 292 4274 sus
322 4221 783 4288 peccatoresjusta
818 4220 905 4273 Dei
933 4220 1184 4283 vindicta,
1216 4218 1299 4271 hic
1320 4228 1494 4271 autem
1522 4219 1621 4270 erit
1650 4219 1746 4270 ad-

200 4304 388 4345 versus
420 4299 629 4344 sanctos
657 4290 886 4344 crudelis
911 4288 1101 4342 diaboli
1126 4289 1386 4342 violentia.
1406 4288 1610 4353 Quan'o
1630 4302 1755 4355 ergo

202 4362 487 4428 pretiosior
526 4360 721 4421 anima,
762 4374 916 4428 quam
960 4372 1151 4425 corpus
1191 4375 1203 4409 :
1237 4358 1756 4428 tantontiserabilior

202 4426 436 4509 perditio
465 4426 799 4509 auituarum,
830 4443 1009 4509 quant
1035 4442 1338 4509 corporum.
1387 4426 1505 4509 Illic,
1538 4426 1754 4509 perditis

201 4494 398 4566 iniquis
422 4538 437 4561 ,
468 4505 746 4550 evaserunt
768 4494 895 4564 justi
932 4514 945 4548 :
998 4495 1292 4566 hicgautem
1325 4495 1519 4561 punitis
1547 4504 1638 4566 aut
1667 4494 1752 4547 fu-

199 4562 530 4636 gatisjustis,
553 4567 715 4633 iniqui
742 4562 1179 4634 gaudebunt.Sed
1208 4566 1330 4636 etsi
1356 4566 1441 4636 qui
1472 4562 1751 4636 prudentes

200 4632 368 4700 sunt,
391 4650 510 4689 cum
538 4632 878 4688 conSiderant
908 4648 1011 4687 non
1039 4634 1369 4703 corporalem
1399 4632 1553 4699 hujus
1572 4632 1749 4685 mundi

198 4714 416 4768 statum,
432 4704 520 4774 qui
549 4705 721 4757 adhuc
746 4704 1133 4772 quodammodo
1153 4714 1304 4774 _stare
1321 4703 1542 4774 videtur,
1562 4715 1750 4774 quam-

201 4776 284 4827 vis
314 4783 367 4828 et
416 4771 528 4842 ipse
581 4776 649 4826 sit
704 4771 995 4827 minoratus
1023 4813 1037 4836 ,
1074 4772 1167 4827 sed
1211 4771 1539 4842 spiritualem
1590 4771 1749 4823 totius

200 4841 615 4897 Christianitatis
662 4851 856 4895 statum
900 4843 1254 4895 subversum:
1291 4841 1588 4909 intelligunt
1630 4842 1749 4908 quia

202 4926 489 4981 numquam
520 4914 637 4966 talis
667 4912 763 4964 fuit
785 4912 1049 4965 tribulatio
1076 4911 1361 4979 spiritualis
1386 4950 1399 4972 ,
1424 4910 1593 4981 qualis
1615 4910 1747 4981 facta

200 4988 286 5035 est
312 4978 453 5035 nunc
478 4997 541 5036 ex
572 4992 808 5050 tempore
854 4978 1117 5035 hmresum’
1156 4978 1602 5050 corrumpentium
1635 4980 1750 5032 uni-

201 5064 378 5105 versa.
409 5048 707 5115 Perierunt,
738 5050 874 5103 sicut
901 5050 1128 5103 diximus
1153 5091 1166 5110 ,
1198 5064 1381 5101 omnes
1425 5052 1476 5100 in
1507 5048 1705 5101 diluvio
1728 5088 1743 5112 ,

200 5119 297 5173 sed
349 5121 695 5188 corporaliter
737 5119 1023 5189 perierunt.
1060 5120 1335 5189 Perierunt
1364 5132 1557 5189 omnes
1593 5120 1749 5183 spiri-

201 5189 413 5243 tualiter
446 5186 588 5242 'ante
643 5186 908 5243 Christum
934 5228 948 5250 ,
977 5198 1170 5257 praeter
1204 5186 1442 5250 JUdiBOS,
1472 5187 1561 5239 sed
1606 5190 1749 5254 igno-

202 5260 376 5313 rantia
441 5260 709 5325 perierunt
758 5275 770 5307 :
828 5256 1174 5311 nunc’autem
1218 5258 1267 5309 in
1308 5257 1521 5308 scientia
1580 5256 1747 5323 perie-

200 5336 349 5393 runt,
379 5335 432 5380 et
474 5337 710 5393 pereunt.
748 5326 966 5380 Multum
1010 5328 1147 5378 enim
1190 5327 1405 5378 interest
1446 5328 1581 5377 inter
1611 5326 1745 5387 illos,

200 5398 291 5467 qui
321 5397 372 5467 in,
398 5396 685 5467 ignorantia
714 5405 856 5458 sunt,
884 5405 937 5448 et
964 5395 1013 5447 in
1051 5395 1339 5467 ignorantia
1366 5395 1631 5461 perierunt
1655 5412 1667 5446 :
1698 5404 1750 5447 et

199 5462 340 5522 inter
365 5462 510 5529 istos,
544 5466 628 5533 qui
664 5466 712 5518 in
743 5468 961 5518 veritate
993 5465 1204 5532 quidem
1236 5462 1339 5515 nati
1369 5472 1507 5523 sunt,
1539 5475 1751 5529 propter

199 5534 399 5603 Iliquid
427 5544 598 5588 autem
644 5535 908 5587 mundiale
934 5535 1158 5587 scientes
1186 5533 1250 5584 ad
1284 5533 1553 5603 mendacia
1582 5540 1751 5603 trans-

200 5600 409 5669 ierunt,
441 5614 495 5658 et
528 5603 795 5672 perierunt
827 5606 876 5656 in
904 5603 1001 5663 eis,
1034 5613 1086 5653 et
1111 5610 1346 5669 pereunt.
1378 5600 1612 5672 lllienim
1644 5601 1749 5654 for-

199 5675 337 5731 Iitan
362 5670 542 5743 aliquo
562 5672 718 5743 modo
749 5673 1009 5743 habebunt
1033 5672 1429 5743 remissionem;
1461 5670 1544 5723 isti
1574 5680 1746 5743 autem

202 5745 398 5798 nullam
424 5741 783 5798 remissionem
811 5741 1096 5802 habebunt,
1126 5755 1292 5808 neque
1319 5741 1368 5791 in
1398 5741 1497 5793 hoc
1532 5741 1745 5803 sarculo,

202 5814 440 5883 uequein
462 5813 637 5883 loturo
663 5828 675 5863 :
702 5810 1065 5883 quoni_am_ipsi
1093 5820 1216 5861 sunt
1239 5808 1326 5876 qui
1358 5809 1749 5883 blasphemare-

211 5875 345 5944 νὴ,
380 5891 435 5939 et
455 5875 820 5951 blaSphetn‘aut
855 5881 904 5933 in
929 5875 1180 5947 Spiritum
1220 5875 1582 5935 sanctum.‘llli
1607 5879 1746 5935 cuitu

1361 500 1422 556 IN
1462 498 1886 560 ΜΑΤΤΙΙᾸΞΗΜ.
1932 500 2157 559 llUMlL.
2201 501 2381 561 XLIX.

3341 521 3448 574 914

1894 616 2160 685 jinlicandi
2188 628 2332 688 sunt,
2370 617 2491 687 quia
2528 618 2803 673 veritatem
2848 633 2949 673 non
2992 620 3341 688 qumsicrunt;
3376 626 3457 679 isti

1895 698 2068 758 autem
2108 686 2514 751 condenmaudi,
2559 690 2678 758 quia
2724 686 3050 756 spreverunt.
3089 690 3276 746 Levior
3317 700 3457 747 enim

1893 757 2046 825 Culpa
2074 766 2153 811 est
2186 760 2460 810 veritatem
2503 773 2606 812 non
2634 758 3052 826 apprehendere,
3086 777 3241 827 quam
3273 774 3428 817 conte

1894 841 2076 879 nmero
2114 827 2516 894 apprehensam.
2544 828 2631 881 ἐξ.
2667 829 2730 882 Et
2761 830 2857 881 nisi
2896 828 3030 881 Deus
3055 830 3315 884 breuiasset
3354 835 3458 886 dies

1892 895 2022 956 illos,
2056 911 2154 948 non
2178 897 2315 963 ﬁeret
2341 898 2479 949 salva
2499 898 2659 950 onmis
2678 914 2812 950 curo.
2838 899 3297 954 Abhreviabuntur
3318 901 3454 963 dies.

1893 972 1948 1016 tit
1974 966 2219 1035 atrocitas
2249 966 2642 1020 tribulationum
2689 968 2917 1021 breviata
2961 970 3275 1035 compendio
3323 981 3455 1027 lem-

1891 1046 2123 1100 peretur.
2150 1034 2419 1104 Breviatos
2450 1046 2623 1089 autem
2645 1037 2759 1090 dies
2784 1034 3139 1104 intelligimus.
3170 1054 3274 1091 non
3302 1056 3453 1094 meu-

1888 1118 2032 1166 sura,
2072 1103 2163 1155 sed
2196 1120 2434 1157 numero.
2465 1106 2608 1158 Sicut
2650 1107 2789 1158 enim
2826 1103 3198 1173 longitudinem
3223 1109 3448 1168 dierum.

1887 1186 2041 1242 quam
2071 1172 2195 1242 dicit
2231 1174 2510 1242 propheta,
2542 1174 2753 1226 Domum
2786 1172 2933 1227 tuam’
2961 1176 3093 1228 decet
3130 1180 3369 1231 sanctitas
3399 1182 3451 1233 in

1885 1240 2243 1314 longitudinem
2264 1240 2454 1314 dierum
2480 1243 2643 1309 (Psttl.
2671 1245 2755 1298 92.
2780 1245 2855 1311 5),
2887 1261 2987 1297 non
3014 1262 3104 1312 per
3130 1246 3311 1314 longos
3334 1249 3448 1303 dies

1886 1309 2245 1379 intelligimus,
2300 1313 2391 1365 sed
2432 1314 2621 1366 multos
2650 1330 2664 1370 :
2692 1316 2769 1367 sic
2813 1309 2867 1367 et
2913 1309 3129 1367 brei'iati
3178 1309 3288 1369 dies
3342 1334 3444 1371 non

1884 1376 2209 1449 breves'dies
2253 1391 2372 1433 sunt
2398 1383 2741 1449 intelligendi,
2770 1384 2859 1436 sed
2892 1385 3058 1449 pauci.
3094 1383 3269 1439 Omnis
3306 1404 3443 1440 cura.

1883 1446 2210 1521 Frequenter
2251 1452 2397 1521 enim
2435 1446 2737 1521 scripturas
2763 1468 2856 1521 pro
2893 1446 3193 1507 hominibus
3238 1457 3443 1510 animas

1882 1526 2119 1592 ponunt:
2152 1520 2286 1592 sicut
2333 1520 2423 1592 ibi,
2446 1520 2799 1592 ASe‘pluaginta
2839 1524 3020 1575 animle
3056 1526 3361 1577 intraverunt
3391 1528 3443 1579 in

1881 1584 2167 1666 ⁸ίξῖςμίριιιηι
2204 1586 2378 1666 (Dent.
2407 1588 2489 1666 ll),
2520 1587 2632 1666 ἓξ).
2661 1584 2985 1666 Frequenter
3016 1607 3110 1660 pro
3143 1593 3441 1666 hominibus

1878 1655 2072 1727 dicitur
2096 1655 2237 1719 caro,
2262 1658 2396 1710 sicut
2424 1658 2513 1727 ibi,
2547 1655 2834 1712 Orationem
2870 1655 3029 1713 πιεαηὶ
3066 1664 3273 1727 exaudi,
3302 1664 3369 1715 ad
3396 1675 3442 1716 te

1878 1726 2037 1778 omnis
2062 1728 2365 1799 caro__veniet
2394 1726 2562 1799 (Psal.
2605 1728 2690 1782 δι.
2720 1729 2797 1797 2).
2828 1728 3045 1794 Quando
3078 1746 3204 1799 ergo
3242 1726 3294 1785 et
3322 1733 3441 1786 ani-

1879 1808 1991 1847 mas
2034 1795 2625 1866 appellat,spirituales
2666 1807 2720 1850 et
2759 1795 3016 1866 perfectos
3060 1795 3300 1854 homines
3330 1804 3439 1855 vult

1876 1864 2156 1917 ostendere
2185 1883 2198 1918 :
2226 1865 2536 1933 ubicumque
2574 1864 2772 1920 autem—
2792 1883 3027 1931 carnem,
3070 1870 3305 1924 carnales
3338 1872 3435 1923 ho-

1876 1932 2045 2004 mines
2086 1942 2140 1986 et
2186 1932 2465 1987 inﬁrmos.’
2492 1934 2630 2003 Ergo
2681 1936 2927 1999 dicendo,
2976 1936 3096 1989 Non
3122 1940 3259 2004 fieret
3296 1941 3435 1993 salva

1874 2003 2034 2075 omnis
2054 2018 2190 2075 caro,
2216 2004 2322 2075 vult
2354 2004 2504 2056 nobis
2524 2005 2823 2075 ostendere,
2847 2006 2965 2073 quia
2999 2021 3100 2059 non
3123 2003 3296 2061 isolum
3327 2011 3435 2075 ειιί-

1873 2070 2088 2141 rituales
2134 2071 2374 2127 homines
2424 2082 2477 2126 et
2521 2073 2752 2141 perfecti,
2796 2070 2889 2131 sed
2931 2075 3087 2130 etiam
3143 2070 3434 2133 mediocres

1874 2137 2114 2215 homines
2158 2152 2212 2194 et
2247 2141 2443 2215 inﬁrmi
2493 2137 2561 2215 de
2606 2143 2706 2215 illo_
2736 2137 3153 2215 persequutiouis
3196 2148 3432 2215 periculo

1872 2219 1995 2261 Sltttl
2023 2210 2300 2283 liberandi,
2334 2225 2436 2283 non
2462 2210 2655 2267 virtute
2682 2210 2817 2275 ﬁdei,
2862 2223 2973 2283 aut,
2995 2216 3181 2267 merito
3196 2210 3427 2283 'operutn

1870 2290 2106 2342 suorum,
2153 2280 2244 2333 sed
2272 2282 2525 2336 velociter
2562 2283 2902 2337 subveniente
2940 2282 3133 2339 Christi
3179 2280 3426 2339 adventu.

1868 2345 1983 2419 Non
2036 2349 2174 2401 enim
2226 2360 2438 2418 prapter
2486 2363 2792 2417 peccatores
2845 2353 3060 2405 dimittit
3105 2354 3320 2419 diutius,
3368 2366 3428 2410 ut

1868 2418 2026 2469 etiam
2064 2418 2216 2472 electi
2256 2420 2634 2488 periclitentur,
2678 2422 2767 2491 sed
2800 2431 3010 2491 propter
3036 2421 3232 2476 electos.
3276 2418 3425 2479 festi-

1868 2495 2095 2562 naturus
2138 2498 2254 2552 est,
2307 2498 2365 2562 u_t
2410 2505 2579 2562 neque
2609 2490 2926 2562 mediocres
2951 2491 3214 2562 deﬁciant
3254 2510 3266 2544 :
3305 2496 3423 2562 quia

1868 2556 2163 2629 promptior
2199 2568 2280 2610 est
2326 2559 2460 2629 Deus
2496 2556 2566 2611 ad
2609 2559 2906 2613 liberandos
2950 2561 3135 2619 bonus,
3172 2556 3337 2629 quani
3358 2563 3422 2615 ad

1867 2623 2163 2689 perdendos
2185 2629 2371 2681 malos.
2400 2627 2529 2680 Nam
2552 2638 2603 2680 et
2629 2629 2849 2691 aurifex,
2877 2630 2919 2681 si
2954 2623 3213 2683 invenerit
3236 2647 3421 2685 aurum

1864 2693 2124 2776 sordibus
2158 2696 2397 2776 mixtum,
2439 2712 2541 2749 non
2570 2707 2785 2776 propter
2826 2698 3009 2751 sordes
3038 2699 3194 2751 etiam
3235 2713 3420 2754 aurum

1863 2763 2169 2835 contemnit,
2198 2764 2288 2818 scd
2315 2776 2525 2835 propter
2551 2763 2810 2819 modicum
2833 2781 3015 2819 aurum
3044 2776 3319 2822 contentus
3340 2780 3422 2823 est

1863 2832 2020 2884 etiam
2057 2834 2239 2888 sordes
2269 2832 2525 2903 πείρετε.
2553 2835 2655 2888 Sed
2681 2846 2734 2889 et
2761 2851 2969 2904 semper
2996 2836 3110 2889 dies
3150 2837 3271 2891 mali
3300 2853 3421 2891 san-

1863 2908 2066 2955 ctorum
2107 2904 2495 2973 abbreviantur.
2533 2904 2605 2958 De
2646 2904 2835 2972 iniquis
2874 2907 3124 2973 scriptum
3152 2914 3273 2960 est:
3316 2906 3419 2959 Viri

1862 2974 2159 3043 sanguinaria
2180 2982 2226 3043 et
2246 2972 2405 3027 dolosi
2425 2990 2523 3026 non
2542 2974 2867 3043 dimidiubunt
2884 2972 3123 3028 diessuos
3148 2975 3313 3043 (Psal.
3327 2978 3415 3032 54.

1861 3037 1972 3113 24)ζ
2002 3041 2455 3113 Dejustisautem
2489 3041 2651 3113 {Non
2681 3044 2814 3096 dabit
2842 3045 2894 3096 in
2929 3037 3167 3098 teternuni
3195 3047 3409 3113 [luctuu-

1862 3110 2041 3162 tionem
2061 3112 2207 3181 justo
2226 3110 2383 3181 (Ibid.
2416 3128 2462 3165 υ.
2494 3110 2604 3181 9.5).
2636 3114 2831 3180 Accipe
2860 3123 3032 3166 autem
3061 3110 3281 3167 tnihi'ad
3318 3120 3415 3169 do-

1862 3190 2166 3250 cumentum
2199 3180 2310 3247 ipsa
2337 3180 2571 3247 tempora
2599 3182 2742 3234 anui.
2776 3183 2853 3233 Ab
2878 3183 3191 3250 atquinoctio
3218 3186 3415 3238 vernali

1858 3245 2153 3318 duodecimi
2186 3245 2382 3303 mensis
2413 3245 2673 3317 incipiunt
2700 3245 3239 3318 paulatim'tepescere
3264 3268 3415 3306 acres

1858 3328 1952 3385 per
1979 3316 2212 3385 singulos
2238 3318 2368 3380 dies,
2401 3333 2565 3385 uSque
2592 3318 2659 3370 ad
2700 3316 2931 3373 mensem
2964 3316 3192 3385 tertium,
3221 3331 3271 3375 ει
3300 3323 3415 3375 dies

1858 3382 2253 3456 ﬁerino'ctibus
2299 3382 2595 3454 longiores;
2626 3387 2749 3440 item
2789 3388 2855 3441 ab
2903 3382 3217 3456 aequinoctio
3262 3402 3413 3444 autu-

1857 3454 2017 3507 mnali
2051 3456 2245 3509 mensis
2286 3458 2493 3521 septimi
2541 3456 2796 3524 incipiunt
2825 3454 3070 3525 paulatim
3103 3460 3289 3511 iterum
3319 3461 3412 3512 fri-

1855 3536 2083 3594 gescere,
2110 3539 2261 3577 aeres
2299 3540 2393 3593 per
2434 3526 2666 3594 singulos
2690 3526 2823 3587 dies,
2863 3536 2917 3579 et
2946 3537 3123 3580 noctes
3156 3529 3265 3581 ﬁeri
3294 3529 3409 3581 lou-

1855 3593 2029 3665 giores
2058 3593 2241 3665 diebus
2269 3610 2432 3665 usque
2460 3593 2538 3647 ad
2565 3610 2797 3649 mensem
2834 3611 3048 3660 nouum,
3086 3598 3292 3665 quando
3320 3613 3411 3651 ce-

1858 3661 2094 3716 lebratur
2143 3661 2681 3720 Citristiutataliszet
2724 3667 2799 3718 sic
2842 3661 3174 3719 inveniuntur
3222 3682 3408 3721 novem

1854 3733 2065 3799 quidem
2112 3733 2378 3803 mensibus
2414 3749 2564 3787 aercs
2605 3733 2818 3801 quidem
2862 3736 3157 3803 temperati,
3207 3746 3260 3790 et
3297 3738 3411 3791 dies

1855 3804 2196 3873 prolixiores,
2228 3802 2394 3873 tribus
2411 3813 2597 3873 autem
2646 3804 2913 3873 mensibus
2956 3802 3106 3859 acres
3144 3806 3409 3873 glaciales,

1855 3882 1908 3922 et
1929 3870 2042 3923 dies
2073 3872 2278 3924 breves.
2330 3872 2486 3925 Vides
2525 3872 2787 3936 quomodo
2832 3873 2971 3926 Deus
3001 3870 3414 3928 misericorditer

1854 3939 2197 4010 dispensavit,
2219 3948 2274 4010 ut
2294 3941 2407 3993 dies
2428 3940 2637 4008 quidem
2662 3943 2782 4010 mali
2807 3942 3139 3995 inveniantur
3160 3954 3211 3995 et
3235 3946 3408 4010 pauci,

1854 4007 1975 4061 boni
2016 4018 2189 4061 autem
2225 4008 2395 4077 plures
2435 4007 2488 4062 et
2514 4010 2673 4076 longi.
2714 4009 2767 4063 Si
2812 4025 2935 4077 ergo
2982 4020 3174 4063 statum
3225 4007 3407 4065 mundi

1856 4078 2033 4146 hujus,
2075 4079 2161 4146 qui
2205 4076 2271 4129 ad
2323 4092 2473 4130 usum
2525 4079 2757 4132 omnium
2804 4076 3072 4132 hominum
3117 4084 3411 4133 communis

1856 4145 2104 4207 habetur,
2126 4148 2201 4200 sic
2229 4147 2366 4200 Deus
2394 4147 2802 4203 misericorditer
2827 4148 3151 4217 dispensavit
3176 4167 3187 4201 :
3212 4160 3409 4217 quanto

1855 4218 2019 4287 magis
2047 4225 2237 4287 statum
2267 4217 2386 4269 vita:
2414 4232 2594 4287 eorum
2636 4231 2756 4270 cum
2798 4220 2981 4285 majori
3012 4219 3282 4287 diSpeusat
3308 4222 3408 4272 mi-

1855 4286 2162 4347 sericordia,
2200 4295 2328 4339 utet
2358 4286 2594 4338 voluntas
2621 4302 2801 4339 eorum
2829 4288 2878 4339 in
2912 4287 3061 4340 malis
3084 4286 3275 4341 tentata
3304 4290 3412 4342 cla-

1856 4363 2044 4420 rescat,
2077 4364 2131 4409 et
2159 4356 2322 4408 virtus
2352 4355 2633 4408 voluntatis
2660 4372 2840 4409 eorum
2873 4358 3121 4411 velociter
3151 4362 3256 4411 Deo
3286 4361 3409 4411 sub-

1854 4428 2099 4479 venieute
2127 4440 2229 4495 non
2259 4425 2496 4495 patiatur
2524 4424 2911 4480 defectionem?
2941 4425 3241 4480 Secundum
3268 4426 3407 4495 quod

1853 4505 1906 4548 et
1928 4493 2212 4562 Apostolus
2242 4490 2370 4545 dicit
2392 4510 2405 4543 :
2426 4492 2653 4562 Tentatio
2680 4511 2764 4547 vos
2794 4512 2893 4547 non
2920 4490 3410 4562 appreliendatfnisi

1853 4563 2091 4615 humana.
2142 4560 2333 4613 Fidelis
2371 4573 2533 4631 autent
2583 4560 2742 4625 Deus,
2789 4566 2871 4631 qui
2922 4560 3018 4617 non
3064 4567 3278 4631 patietur
3324 4580 3407 4616 vos

1852 4632 2029 4683 tentari
2087 4647 2242 4697 supra
2290 4631 2342 4681 id
2390 4630 2521 4698 quod
2565 4641 2763 4695 potestis
2802 4630 3090 4694 sustinere,
3131 4632 3218 4684 sed
3260 4633 3405 4698 faciet

1850 4717 1963 4752 cum
2008 4701 2274 4751 tentatioue
2314 4701 2462 4769 etiam
2505 4712 2823 4769 proventum,
2868 4712 2919 4753 ut
2965 4702 3161 4769 possitis
3204 4704 3404 4755 evadere

1851 4771 1925 4836 (1.
1968 4770 2084 4823 Cor.
2118 4769 2200 4823 il).
2242 4768 2350 4838 l5).
2381 4769 2469 4821 25.
2500 4768 2635 4822 Tunc
2660 4772 2702 4823 si
2724 4772 2831 4837 quis
2856 4772 2989 4823 vobis
3031 4770 3229 4833 dixerit,
3277 4770 3405 4823 Ecce

1851 4841 1931 4891 hic
1957 4850 2028 4891 est
2059 4839 2305 4904 Christus,
2336 4855 2444 4890 ecce
2470 4840 2594 4901 illic,
2634 4840 2784 4891 nolite
2811 4840 3023 4891 credere.
3062 4839 3173 4904 Qua
3203 4840 3406 4892 ratione

1850 4923 2006 4977 Supra
2040 4909 2272 4977 quidem,
2323 4910 2618 4975 priusquam
2656 4908 2727 4977 de
2770 4908 3157 4962 abominatione
3197 4908 3407 4962 desola-

1852 4975 2008 5031 tionis
2033 4975 2339 5045 exponeret,
2368 4978 2442 5029 sic
2462 4979 2621 5029 dicit:
2655 4975 2823 5029 Videte
2852 4994 2911 5028 ne
2926 4978 3033 5043 quis
3055 4993 3137 5030 vos
3166 4979 3366 5031 seducat
3387 5000 3403 5032 .·

1850 5049 1994 5099 multi
2015 5048 2146 5116 enini
2162 5048 2350 5116 uenient
2372 5049 2421 5098 in
2443 5048 2758 5116 nominetin
2773 5047 3006 5108 dicentes,
3026 5050 3142 5112 quia
3165 5048 3271 5116 Ego
3296 5065 3403 5100 sum

1851 5118 2077 5171 Christus
2100 5115 2309 5184 (Matth.
2324 5115 2410 5167 ει.
2425 5116 2476 5168 4.
2492 5114 2549 5185 *5)
2570 5131 2584 5177 ;
2605 5114 2687 5166 ltic
2706 5124 2905 5180 autem,
2930 5114 3287 5185 postquam-de
3309 5118 3402 5168 ah-

1850 5183 2171 5240 ominatione
2196 5183 2533 5254 desolationis
2568 5193 2763 5237 statura
2795 5186 2844 5237 in
2872 5183 2987 5239 loCo
3016 5183 3195 5238 saneto
3222 5188 3404 5254 loquu-

1852 5266 1936 5311 tus
1958 5267 2057 5319 est,
2090 5257 2159 5307 ita
2194 5254 2319 5307 dicit
2346 5270 2358 5305 :
2387 5252 2529 5305 Tunc
2556 5254 2600 5305 si
2628 5256 2735 5321 quis
2762 5256 2894 5308 vobis
2928 5256 3128 5321 dixerit,
3166 5252 3301 5307 Ecce
3322 5257 3403 5306 hic

1851 5336 1922 5379 est
1965 5325 2211 5387 Christus,
2253 5339 2363 5374 ecce
2391 5322 2513 5385 illic,
2560 5325 2711 5375 nolite
2745 5324 2961 5377 credere.
3009 5325 3061 5378 Si
3106 5340 3305 5377 memor
3342 5342 3400 5377 es

1851 5396 1971 5463 quia
2010 5393 2449 5447 abominatiouem
2477 5392 2815 5446 desolationis
2854 5394 3175 5460 interpretati
3218 5408 3403 5446 sumus

1851 5474 2101 5517 staturam
2152 5463 2199 5513 iu
2232 5462 2347 5514 loco
2388 5472 2569 5515 sancto
2617 5466 2751 5516 hanc
2778 5463 2989 5529 impiam
3032 5463 3271 5516 lueresim
3313 5480 3401 5517 oc.

1851 5542 2155 5600 cupaturam
2209 5531 2320 5600 loca
2366 5528 2804 5591 Christianorum,
2851 5528 3097 5598 intelligis
3151 5535 3397 5600 quoniam

1852 5599 2119 5670 eleganter
2137 5608 2218 5671 est
2240 5599 2455 5653 dictum.
2484 5601 2584 5655 Per
2611 5606 2741 5655 hanc
2762 5602 2899 5671 enim
2923 5599 3249 5668 signiﬁcabat
3269 5618 3399 5671 quo-

1852 5672 2009 5725 modo
2050 5678 2102 5722 et
2132 5670 2431 5737 priusquam
2476 5672 2689 5725 lateresis
2729 5671 2824 5722 ista
2851 5670 3255 5724 abominationis
3288 5670 3399 5727 Iaca

1851 5746 2035 5795 sancta
2057 5738 2336 5803 obtineret,
2380 5749 2432 5793 et
2462 5742 2758 5808 priusquam
2788 5739 3111 5793 diversarum
3140 5742 3399 5799 haeresuui

1850 5810 2294 5864 constituerentur
2338 5809 2603 5870 Ecclesim,
2635 5809 2867 5861 seductio
2904 5809 3250 5876 quorumdam
3290 5828 3405 5869 erat

1850 5878 2022 5934 l‘utura
2054 5894 2069 5932 :
2100 5877 2236 5935 sicut
2261 5887 2313 5933 et
2343 5879 2533 5934 factum
2554 5888 2652 5934 est.
2678 5878 2742 5935 Et
2766 5887 3041 5949 postquam
3068 5879 3406 5949 obtinuisset,
