4128 6548
613 571 725 628 915

617 684 675 730 et
697 673 962 739 luerosum
987 671 1315 728 diversarum
1341 665 1593 739 Ecclesia:
1610 663 1913 739 constiiutte
1938 663 2182 739 fuissent,

620 760 687 801 eo
714 733 945 814 amplius
973 742 1211 797 seductio
1237 738 1595 814 quorumdam
1632 744 1748 791 erat
1778 733 1959 814 futuru
1993 752 2020 814 ε.
2050 735 2190 814 sicut

622 824 680 870 et
711 816 787 869 iit.
806 803 950 868 ’Nam
978 814 1123 883 prius
1147 803 1281 865 nudi
1298 810 1601 884 dogmatum
1624 819 1902 884 sermones
1921 803 2188 884 faciebant

618 898 877 945 errorem,
908 873 1046 954 nunc
1076 890 1251 954 autem
1292 873 1581 954 multarum
1624 874 1888 954 hri-esum
1921 873 2049 954 ipsae
2087 873 2191 954 Ee~

619 954 798 1011 clesite
826 944 1141 1007 constitutae.
1174 950 1297 1007 Ideo
1338 958 1462 1002 tunc
1493 944 1904 1013 uniuscujusque
1926 944 2189 1013 dogmatis

622 1023 819 1078 nudum
844 1022 1063 1076 verbum
1085 1020 1329 1075 dicebant
1356 1037 1370 1073 :
1406 1018 1514 1087 Ego
1539 1031 1654 1087 sum
1683 1012 1902 1087 verbum
1928 1012 2186 1087 veritatis,

620 1093 736 1162 Ego
759 1107 875 1147 sum
892 1092 1153 1147 Christus.
1176 1089 1325 1162 Nunc
1344 1082 1839 1162 autem_singu_latim
1862 1082 2189 1162 professores

620 1150 883 1216 hiresum
908 1162 1234 1215 diversarum
1262 1157 1463 1223 dicunt,
1494 1150 1734 1211 Ecce'ltic
1762 1163 1835 1207 est
1855 1151 2105 1223 Christus,
2135 1150 2189 1204 id

620 1241 723 1296 est,
748 1231 1003 1289 Ecclesia.
1031 1240 1077 1283 et
1102 1229 1225 1292 illic,
1271 1229 1321 1282 id
1356 1221 1456 1290 est,
1487 1226 1767 1296 Ecclesia:
1792 1224 1913 1293 quia
1936 1221 2046 1296 jam
2083 1234 2190 1296 non

620 1290 885 1356 audiendo
907 1290 1412 1370 dogmatumiverba,
1435 1296 1526 1350 sed
1548 1293 1778 1370 videndo
1798 1290 1979 1370 eorum
2005 1290 2190 1370 Eccle-

619 1374 746 1433 sias,
779 1362 1062 1424 Christiani
1100 1362 1519 1423 scandalizautur
1546 1364 1757 1419 infirmi.
1791 1362 1977 1433 Adhuc
2011 1369 2188 1433 autem

616 1441 689 1496 de
718 1430 1059 1517 Antichristo.
1086 1437 1316 1517 ostendit:
1340 1452 1443 1517 per
1474 1435 1594 1517 haec
1622 1434 1801 1517 verbu,
1832 1431 1967 1517 quia
2012 1430 2189 1517 iuit-Ife

616 1521 861 1578 tempore
896 1508 1061 1561 sancti
1112 1508 1164 1562 in
1211 1503 1401 1578 inultis
1423 1503 1848 1578 tribulationibus
1895 1503 2186 1565 constituti,

615 1573 830 1635 fortiter
853 1578 1224 1632 desiderabunt
1251 1575 1445 1631 Christi
1472 1575 1773 1635 adventum,
1800 1573 1908 1639 jam
1939 1585 2043 1625 non
2071 1584 2189 1625 sus.

625 1650 831 1703 tinente
885 1650 1058 1701 carnis
1110 1655 1313 1700 natura.
1359 1646 1686 1715 Aliquotiens
1725 1640 2186 1715 Adisim_us,_quod

623 1720 865 1775 diabolus
899 1732 1000 1771 non
1032 1718 1234 1784 ingerat
1258 1730 1424 1784 genus
1462 1710 1768 1784 ientatiouis
1814 1713 1865 1773 in
1894 1710 2187 1775 hominem,

620 1786 715 1843 sed
740 1787 1057 1843 desiderium
1090 1782 1495 1855 uniuscujusque
1532 1782 1851 1855 considerat,
1898 1789 1951 1855 et
1992 1794 2186 1855 secun-

620 1859 751 1913 dum
779 1857 917 1927 quod
946 1856 1135 1927 viderit
1161 1848 1425 1909 hominem
1456 1853 1841 1927 desiderantem
1871 1848 2091 1927 aliquid,
2120 1864 2187 1907 ex

619 1943 690 1983 eo
728 1918 918 1996 accipit
960 1925 1290 1996 occasionem
1337 1920 1793 1996 tentandi._linde
1818 1928 1873 1980 et
1913 1918 2184 1996 Chrisium

619 2012 742 2052 cum
768 1986 1086 2056 esurientem
1109 1994 1382 2054 sensisset,
1417 1992 1637 2047 tentavit
1658 1991 1708 2044 in
1740 1988 1896 2045 fame.
1926 1987 1992 2042 Et
2016 1986 2185 2041 Adam

619 2074 677 2120 et
698 2066 902 2121 ﬂevam
932 2079 1052 2118 cum
1081 2063 1297 2116 vidisset
1334 2060 1621 2115 divinitatis
1648 2073 1881 2112 amorem
1911 2057 2183 2120 habentes.

619 2134 918 2190 divinitatis
944 2131 1308 2202 promissione
1330 2130 1565 2202 seduxit.
1585 2129 1652 2183 Et
1676 2128 1862 2202 Jutl‘atn
1893 2142 2020 2202 cum
2041 2128 2186 2181 inve-

618 2206 787 2259 nisset
834 2197 1079 2266 avarum,
1124 2200 1363 2271 pecuniae
1395 2199 1679 2269 cupiditate
1718 2198 1784 2271 ad
1832 2197 2184 2271 proditionem

621 2273 911 2329 Salvatoris
937 2268 1171 2325 attraxit.
1200 2268 1544 2339 Sampsonem
1572 2284 1692 2323 cum
1723 2268 2010 2339 invenisset
2035 2279 2185 2339 ama-

622 2353 793 2398 torem
838 2342 1172 2405 feminarum,
1212 2333 1626 2409 per'mulierem
1673 2336 2017 2409 prurcipitavit
2060 2333 2184 2409 (Ju-

620 2415 724 2467 άιε-
760 2412 869 2495 ίρὶι
899 2412 987 2465 δίο
1012 2404 2181 2495 ςεεοςεμίιξξιεάξξιξοιιιξὶίξίρρξξὲηξιθξὲξξ

619 2473 876 2551 angustiis
899 2473 1233 2545 constilutos,
1262 2489 1319 2551 et_
1348 2478 1555 2537 fortiter
1590 2477 1966 2551 desiderantes
1988 2473 2182 2528 Christi

619 2544 923 2612 adventum,
950 2552 1177 2619 primum
1200 2544 1411 2618 quidem
1440 2557 1655 2617 propter
1674 2544 2031 2619 intolerabiles
2060 2557 2185 2611 per-

620 2617 980 2693 sequutiones,
1009 2620 1199 2693 deinde
1220 2617 1452 2693 propter
1479 2617 1945 2693 repromissionetu
1976 2622 2182 2693 tempo-

618 2682 713 2745 ris'
733 2692 875 2746 illius
916 2682 983 2745 de
1025 2682 1253 2743 adventu
1305 2682 1692 2756 Citristi,'qu:e
1735 2689 1871 2739 facta
1918 2682 2095 2756 fuerat
2130 2682 2182 2735 in

618 2761 929 2829 Scripturis,
957 2760 1076 2813 ideo
1112 2759 1209 2812 sub
1243 2757 1476 2829 nomine_
1490 2754 1781 2829 Christi__et
1808 2754 2181 2829 prophetarum

618 2821 851 2886 tentabat
890 2821 1145 2883 seducere
1172 2834 1403 2880 sanctos.
1440 2826 1505 2879 Et
1530 2840 1661 2894 quos
1674 2821 2180 2894 diversiscruciati-

617 2900 716 2954 bos
741 2915 843 2954 non
871 2897 1039 2965 potuit
1057 2911 1326 2965 superare,
1347 2894 1519 2948 victus
1540 2892 1590 2947 iu
1618 2908 1711 2965 sua
1735 2892 2065 2965 credulitate,
2092 2902 2184 2965 ar-

621 2970 797 3022 mabat
825 2958 884 3022 se
914 2958 1330 3028 fraudefdicens
1357 2978 1452 3031 per
1474 2978 1599 3017 suos
1622 2963 1923 3016 ministros:
1949 2959 2079 3013 Ecce
2102 2958 2183 3011 hic

616 3048 689 3093 est
716 3038 961 3101 Christus,
983 3052 1094 3090 cccc
1116 3035 1239 3087 illic.
1271 3032 1400 3087 Nam
1423 3032 1636 3103 quando
1651 3032 1829 3103 aliqua
1838 3043 2181 3103 _rerum_con-

617 3109 847 3161 turbatio
887 3099 960 3169 fit,
1006 3114 1134 3159 tunc
1180 3099 1457 3157 abundanti
1484 3099 1776 3155 mendacia.
1812 3099 2182 3168 Unusquisque

615 3178 755 3231 etiim
782 3177 906 3230 dum
935 3185 1025 3228 aut
1053 3177 1203 3227 timet
1231 3174 1472 3238 adversa,
1504 3181 1594 3225 aut
1613 3171 1876 3225 desiderat
1902 3184 2177 3239 prospera,

614 3249 727 3315 ipse
769 3247 866 3299 sibi
905 3259 1067 3299 novas
1106 3252 1320 3315 generat
1366 3241 1551 3315 famas.
1575 3242 1642 3295 Et
1677 3242 1748 3295 ita
1784 3241 2022 3315 diabolus
2048 3254 2182 3315 ἐμει-

614 3308 807 3385 pensas
860 3316 1063 3385 animas
1110 3308 1400 3385 hominum,
1440 3312 1663 3385 inventa
1704 3310 1983 3385 occasione
2030 3308 2182 3361 delu-

612 3378 710 3452 dit,
754 3384 856 3439 hoc
896 3384 1143 3438 nuntians
1180 3384 1231 3436 in
1268 3381 1484 3435 auribus
1524 3380 1814 3440 hominum,
1860 3378 1962 3433 hoc
2003 3386 2181 3431 osten-

612 3468 730 3510 tans
772 3464 894 3509 ante
939 3455 1122 3507 oculos
1166 3466 1384 3516 eorum,
1420 3453 1558 3519 quod
1609 3462 2036 3517 unumquemque
2089 3458 2180 3502 aut

612 3528 801 3580 timere
815 3532 904 3578 aut
918 3521 1217 3583 desiderare
1227 3522 1554 3590 cognoverit.
1570 3519 1866 3590 Sicutenim
1878 3527 2108 3590 mgrotus
2127 3519 2176 3590 in

611 3595 884 3649 doloribus
912 3594 1134 3661 positus,
1160 3587 1316 3645 omni
1330 3590 1534 3661 homini
1547 3587 1845 3661 ostendenti
1864 3588 1962 3641 sibi
1983 3587 2178 3657 aliquid

611 3666 677 3718 ad
694 3659 1007 3729 remedium,
1025 3662 1174 3715 facile
1189 3661 1374 3725 credit,
1390 3675 1493 3713 non
1506 3659 1798 3725 dijudicans
1814 3672 2064 3727 personas
2076 3672 2181 3711 me-

613 3735 921 3796 dicantium,
944 3746 1114 3801 neque
1130 3730 1646 3801 discutiensartilicia
1664 3743 1846 3801 eorum
1870 3744 1883 3779 :
1908 3729 2017 3801 ipsa
2035 3730 2175 3801 enim

612 3802 815 3858 doloris
842 3798 1078 3855 anxietas
1098 3801 1271 3854 omnia
1293 3799 1538 3853 omnibus
1561 3798 1777 3852 credere
1812 3798 1953 3865 cogit
1981 3816 1995 3847 :
2017 3798 2095 3851 sic
2123 3809 2178 3853 et

614 3884 739 3928 tunc
767 3872 931 3927 sancti
962 3871 1011 3924 in
1058 3869 1372 3924 necessitate
1412 3868 1875 3937 persequutionum
1912 3868 2090 3936 positi,
2126 3878 2180 3922 et

616 3942 766 4010 quasi
792 3943 992 4010 aegroti,
1016 3936 1737 4010 desiderames_refrigerittm
1762 3936 1976 4010 Christi,
2005 3938 2179 4010 omni-

616 4007 715 4066 lius
750 4007 1101 4064 referentibus
1146 4007 1339 4076 aliquid
1369 4007 1437 4061 de
1463 4007 1706 4071 Christo,
1759 4007 1912 4061 facile
1935 4008 2174 4062 credent.

616 4081 733 4149 Ipsa
759 4079 897 4133 enim
923 4094 1183 4149 pressurae
1206 4080 1490 4149 necessitas
1518 4077 1736 4149 credere
1761 4078 1919 4149 cogit.
1950 4076 2039 4149 2i.
2064 4078 2177 4132 Etc-

615 4146 818 4219 sisrgent
838 4146 966 4201 enim
984 4147 1360 4219 mendae/tristi,
1379 4156 1426 4199 et
1445 4146 1906 4214 pseudoprophetw,
1926 4158 1970 4199 et
1990 4148 2178 4219 dabunt

616 4216 761 4289 signa
780 4234 968 4289 intugna
991 4232 1010 4269 :
1036 4231 1136 4289 non
1166 4216 1385 4289 inutilia,
1415 4231 1584 4283 neque
1612 4230 1745 4289 vana
1764 4255 1778 4275 ,
1805 4232 1923 4283 qua:
1951 4218 2175 4289 ministri

616 4284 809 4342 diabeti
838 4284 1008 4341 facere
1048 4286 1219 4339 solent
1252 4302 1263 4337 :
1293 4284 1387 4338 sed
1442 4300 1646 4353 magna,
1697 4284 1750 4337 id
1792 4294 1892 4343 est,
1939 4286 2081 4338 utilia
2124 4294 2179 4341 et

618 4359 792 4427 plena,
816 4372 931 4426 qure
958 4354 1123 4409 sancti
1150 4354 1320 4408 facere
1365 4352 1622 4427 solebant.
1672 4352 1803 4427 Nam
1828 4355 1899 4427 Ain
1928 4363 2178 4427 tempore

617 4422 1209 4495 qttidem'apostolorum
1240 4432 1293 4495 et
1333 4422 1687 4495 postmodum,
1716 4423 1940 4477 ministri
1965 4426 2174 4495 quidem

618 4490 810 4551 Christi
841 4490 981 4549 utilia
1004 4505 1054 4547 et
1071 4494 1221 4562 plena
1248 4490 1393 4561 signa
1416 4490 1755 4546 faciebantex
1786 4502 1933 4560 parte
1957 4491 2173 4547 dextra:

617 4569 794 4635 qualia
823 4574 961 4627 sunt,
993 4578 1163 4628 etet-os
1192 4563 1518 4635 illuminare,
1548 4570 1602 4635 et
1627 4562 1728 4635 alia
1759 4562 2053 4635 hujusmodi
2089 4564 2174 4617 fa-

617 4631 739 4691 cere
770 4653 783 4689 :
814 4634 1034 4689 ministri
1088 4643 1262 4686 autem
1309 4631 1505 4687 diaboli
1551 4632 1749 4687 inutilia
1795 4632 2094 4699 faciebant,
2123 4642 2177 4687 et

616 4721 749 4759 vana
777 4721 839 4759 ex
869 4714 1013 4773 parte
1034 4704 1407 4773 sinistra,qu
1432 4701 1830 4755 admirationem
1856 4701 2068 4773 quidem
2095 4704 2179 4756 viq

617 4771 1189 4836 dentibus'excitarent,
1222 4772 1286 4824 ad
1327 4772 1600 4825 utilitatem
1630 4782 1804 4824 autem
1835 4771 2027 4823 nullius
2056 4786 2176 4837 pro-

617 4847 856 4900 ficerent.
884 4844 950 4898 Et
974 4851 1089 4897 erat
1128 4842 1264 4895 inter
1296 4841 1565 4894 ministros
1602 4840 1798 4894 Christi
1824 4850 1876 4894 et
1905 4840 2176 4896 ministros

618 4915 814 4969 diaboli
840 4930 903 4969 ex
938 4913 1041 4967 hoc
1076 4911 1333 4980 judicare.
1362 4912 1449 4979 qui
1475 4910 1696 4973 inutilia,
1729 4920 1782 4963 et
1809 4912 1894 4978 qui
1925 4910 2069 4963 utilia
2102 4913 2177 4965 fa-

617 4992 803 5038 cerent
828 4986 993 5047 signa.
1041 4982 1097 5035 in
1122 4982 1225 5035 fine
1254 4989 1429 5034 autem
1462 4980 1710 5047 temporis
1732 4980 2068 5033 concedenda
2095 4991 2177 5036 est

617 5000 803 5038 CCI‘CIll
828 5000 870 5038 Si
910 5000 993 5037 na.
1041 5000 1097 5035 In
1122 5000 1225 5035 une
1254 5000 1429 5034 ament
1462 5000 1710 5047 ιεηιροηδ
1732 5000 2068 5033 εοηεεαεηυδ
2095 5000 2175 5036 εει

616 5062 852 5122 potestas
872 5000 1098 5116 diabolo,
1126 5052 1263 5122 sicut
1308 5051 1361 5103 in
1402 5048 1617 5122 historia
1659 5048 1947 5104 Clementis
1986 5048 2175 5106 Petrus

615 5119 854 5192 exponit,
891 5133 948 5176 ut
994 5121 1152 5175 faciat
1190 5121 1335 5189 signa
1366 5119 1532 5182 utilia,
1566 5127 1619 5192 et
1659 5134 1722 5171 ex
1764 5134 1834 5192 Aea
1878 5128 2027 5192 parte
2072 5137 2175 5188 qua

617 5189 763 5261 prius
793 5193 963 5247 facere
1011 5201 1395 5261 consueverant
1440 5190 1628 5251 sancti,
1664 5189 2175 5261 utijamdmiuistros

615 5258 813 5318 Christi
845 5275 948 5316 non
978 5277 1071 5330 per
1096 5260 1195 5313 hoc
1219 5272 1597 5330 cognoscamus
1616 5299 1633 5330 ,
1660 5260 1781 5330 quia
1809 5258 1954 5311 utilia
1980 5258 2176 5330 faciunt

616 5334 787 5400 signa,
820 5332 911 5387 sed
934 5328 1054 5400 quia
1085 5328 1305 5384 omnino
1329 5345 1432 5382 non
1462 5328 1583 5400 inec
1606 5328 1822 5400 faciunt
1848 5330 2017 5400 signa.
2062 5329 2174 5396 Qua

613 5398 792 5458 autem
823 5398 1023 5455 ratione
1049 5400 1148 5453 hoc
1175 5400 1435 5453 ordinavit
1461 5398 1617 5460 Deus,
1650 5398 1860 5451 attende
1888 5398 2044 5466 :quia
2074 5414 2175 5454 non

617 5488 829 5541 semper
857 5482 1063 5541 tempus
1088 5471 1376 5541 vocationis
1423 5480 1533 5532 eat,
1567 5470 1702 5521 sicut
1744 5469 1816 5521 ait
1858 5468 2128 5541 Sapieutia
2158 5485 2173 5522 :

619 5537 834 5611 Tempus
853 5537 1183 5611 cong'regandi
1204 5539 1413 5611 lapides,
1438 5549 1628 5605 tempus
1652 5539 1966 5611 dispergendi
1984 5537 2176 5611 (Ecclc.

616 5607 772 5682 5.5).
822 5607 1049 5679 Tempus
1094 5624 1220 5679 ergo
1265 5609 1356 5682 fuit
1391 5610 1877 5682 congregandorum
1920 5607 2173 5682 lapidum,

615 5678 825 5753 quando
868 5678 1079 5753 lapides
1112 5678 1235 5753 vivi,
1264 5680 1320 5753 i_d
1350 5688 1452 5743 est,
1505 5679 1703 5744 fideles,
1756 5679 1821 5753 ab
1856 5678 2177 5753 infidelitate

616 5748 941 5805 vocabantur
966 5752 1031 5804 ad
1064 5750 1237 5804 ﬁdem.
1263 5750 1494 5816 Tempus
1516 5761 1690 5802 autem
1722 5748 2176 5816 eritdispergcndi

618 5823 839 5891 lapides,
870 5821 1076 5889 quando
1122 5821 1355 5891 Ecclesia
1409 5820 1642 5872 tradetur
1687 5819 1751 5871 ad
1806 5820 2173 5891 tentationem,

613 5890 683 5946 ut
704 5893 921 5959 lapides,
953 5892 1002 5945 id
1027 5901 1127 5956 est,
1170 5890 1475 5949 Christiani,
1522 5892 1608 5957 qui
1651 5904 1753 5941 non
1795 5890 2075 5957 proficiunt
2124 5890 2174 5940 iu

620 5964 1021 6019 tediftcatiouem
1073 5962 1311 6031 corporis
1357 5960 1569 6026 Christi,
1626 5959 1762 6014 foras
1812 5959 2169 6029 proiiciantur.

1885 551 2060 608 Ol'llS
2099 551 2577 613 IMPERFECTUI

3770 579 3877 635 916

2298 665 2477 723 Donec
2502 684 2630 739 ergo
2654 669 2748 726 fuit
2768 669 2973 733 vocatio
2996 666 3064 723 ad
3080 665 3255 739 fidem
3284 680 3347 739 ei
3378 662 3711 739 infidelitate,
3734 670 3875 725 fece-

2295 747 2421 808 runt
2445 736 2590 808 signa
2630 750 2684 794 et
2711 742 2850 795 servi
2889 738 3088 794 Christi
3114 753 3128 791 ε
3157 738 3278 808 quia
3300 736 3452 808 signa
3491 737 3687 792 divinae
3717 755 3874 794 voca-

2300 807 2460 861 tionis
2488 806 2795 864 testimonia
2816 821 2964 873 sunt,
2990 818 3047 862 ut
3069 806 3460 877 prmdicationis
3488 808 3689 862 veritas
3718 811 3878 863 mira-

2296 877 2429 929 culis
2458 880 2898 941 commendetur;
2930 890 3174 934 cessante
3208 884 3389 931 autem
3411 879 3691 931 vocatione
3710 919 3725 943 ,
3751 880 3878 933 inci-

2300 946 2406 1011 piet
2424 948 2667 1002 seductio
2692 964 2949 1004 revocans
2980 948 3222 1002 homines
3244 961 3273 999 a
3292 946 3471 1000 fidead
3488 945 3873 1003 infidelitatem.

2298 1014 2585 1087 Incipiente
2612 1034 2739 1087 ergo
2763 1020 3092 1082 seductione,
3122 1016 3376 1087 tradenda
3396 1026 3524 1087 sunt
3550 1018 3877 1073 seductionis

2295 1085 2552 1152 adjutoria
2579 1084 2811 1154 diabolo,
2842 1089 2893 1144 id
2917 1098 3017 1148 est,
3046 1095 3276 1157 potestas
3305 1084 3671 1140 faciendorum
3697 1088 3876 1157 signo-

2295 1168 2430 1217 rum,
2466 1166 2522 1210 ut
2547 1157 2712 1225 signis
2734 1169 2789 1214 et
2820 1158 3073 1227 prodigiis
3095 1156 3367 1227 mendaeia
3397 1169 3490 1217 sua
3528 1171 3627 1226 pro
3654 1156 3877 1213 veritate

2296 1226 2654 1281 commendet.
2686 1228 2788 1283 Sed
2823 1225 2961 1282 forte
2979 1225 3119 1280 dicis
3147 1244 3159 1279 :
3193 1226 3249 1279 Si
3282 1225 3424 1280 Deus
3458 1225 3725 1281 concessit
3759 1228 3877 1280 dia-

2296 1291 2419 1347 bolo
2439 1296 2688 1366 virtutem
2730 1300 3089 1353 faciendorum
3134 1298 3405 1365 signorum
3425 1336 3441 1360 ,
3470 1295 3742 1364 quomodo
3764 1297 3877 1366 ipse

2294 1364 2531 1429 mandat,
2577 1382 2646 1423 ne
2685 1368 3009 1422 seducantur
3046 1364 3251 1420 sancti?
3278 1367 3321 1419 si
3361 1380 3488 1434 ergo
3530 1382 3635 1419 non
3661 1364 3878 1421 vult'ut

2293 1434 2635 1505 seducantur,
2666 1445 2724 1490 ut
2748 1436 2874 1505 quid
2900 1437 3115 1491 diabolo
3143 1436 3234 1489 dat
3261 1435 3553 1489 seducendi
3583 1437 3876 1490 virtutem?

2293 1504 2337 1557 si
2375 1514 2554 1560 autem
2593 1507 2705 1560 vult
2730 1504 2787 1561 ut
2814 1508 3137 1561 seducantur
3176 1504 3367 1574 aliqui,
3417 1520 3581 1574 quare
3626 1508 3876 1560 omnibus

2293 1574 2513 1627 mandat
2536 1591 2603 1629 ne
2629 1576 2985 1631 seducantur?
3038 1574 3196 1629 Audi.
3255 1574 3517 1629 Concedit
3543 1575 3758 1629 diabolo
3786 1592 3873 1630 ξος

2291 1641 2519 1714 ducendi
2544 1646 2811 1714 virtutem,
2841 1657 2896 1699 ut
2930 1662 2996 1701 ne
3030 1646 3153 1699 mali
3181 1646 3316 1699 inter
3352 1644 3520 1698 bonos
3562 1657 3875 1699 remaneant

2292 1713 2429 1780 apud
2481 1714 2748 1770 Christum
2782 1716 3036 1769 :mandat
3084 1725 3283 1777 autem,
3340 1721 3397 1767 ut
3439 1729 3506 1767 ne
3559 1714 3685 1767 boni
3734 1716 3876 1770 inter

2294 1782 2462 1841 mulos
2492 1794 2760 1841 transeant
2785 1786 2850 1839 ad
2874 1786 3165 1840 diabolum.
3195 1782 3326 1837 Nam
3357 1783 3493 1836 sicut
3539 1784 3757 1838 crudele
3793 1796 3876 1840 est

2293 1849 2477 1936 fideles
2503 1868 2626 1936 cum
2653 1856 2953 1936 infidelibus
2980 1855 3179 1936 perire,
3208 1855 3286 1936 sic
3328 1853 3603 1936 indignum
3628 1863 3712 1906 cst
3738 1855 3874 1936 fide-

2290 1919 2370 1975 les
2394 1937 2514 1976 cum
2542 1924 2839 1979 infidelibus
2858 1919 3165 1993 glorificari.
3202 1922 3294 1993 ilta
3324 1930 3376 1993 ut
3404 1919 3463 1974 in
3489 1938 3711 1993 errorem
3753 1926 3873 1976 mit-

2291 1998 2418 2061 tunt,
2434 1993 2478 2044 si
2488 1993 2597 2059 ﬁeri
2614 2004 2792 2061 potest,
2822 1992 2968 2047 etiam
2985 1996 3182 2047 electos.
3196 1992 3309 2046 Non
3328 1992 3481 2055 dixit,
3504 1992 3567 2049 Ut
3591 1993 3869 2060 seducant,

2290 2060 2335 2135 s_i
2363 2059 2475 2114 fieri
2509 2059 2699 2135 potest,
2714 2066 2879 2135 etiam
2902 2065 3124 2135 electos,
3161 2064 3274 2128 sed,
3306 2061 3373 2135 In
3401 2078 3621 2114 errorem
3646 2064 3869 2135 mittant.

2291 2127 2619 2200 Frequenter
2639 2127 2779 2186 enim
2806 2133 2975 2189 sancti
3012 2127 3486 2199 videntesaliquas
3527 2133 3871 2200 operatioues

2289 2198 2484 2272 diaboli
2504 2202 2842 2259 absconditas
2865 2203 2965 2258 sub
2991 2204 3171 2272 Specie
3198 2203 3427 2269 pietatis,
3455 2198 3582 2272 dum
3612 2216 3717 2255 non
3750 2218 3873 2268 pos-

2289 2277 2414 2341 sunt
2466 2271 2759 2341 intelligere
2809 2271 3098 2340 profundas
3137 2272 3353 2325 insidias
3395 2271 3618 2335 inimici,
3653 2282 3872 2341 contur-

2290 2338 2481 2398 bantur
2508 2341 2560 2393 in
2584 2338 2746 2397 corde
2776 2338 2892 2406 suo,
2944 2358 3006 2394 ac
3052 2341 3500 2403 scandalizantttr,
3546 2350 3603 2393 et
3636 2340 3825 2395 dicunt
3853 2360 3867 2395 :

2285 2406 2425 2474 Quid
2455 2409 2523 2479 sit
2550 2411 2650 2464 hoc
2677 2412 2818 2479 quod
2847 2414 2919 2465 ita
2953 2411 3046 2465 fit?
3068 2411 3180 2464 Non
3213 2420 3386 2464 tamen
3413 2412 3521 2463 cito
3549 2408 3866 2475 flectuntur,

2288 2488 2346 2535 ιιι
2372 2478 2591 2535 credant
2615 2496 2628 2535 :
2661 2492 2715 2534 et
2734 2482 2778 2534 si
2799 2495 2958 2534 sensu
2983 2482 3264 2534 vincuntur
3286 2478 3437 2549 quasi
3461 2478 3729 2545 homines,
3762 2481 3869 2535 fide

2286 2557 2463 2601 autem
2508 2557 2651 2603 stant
2683 2551 2831 2619 quasi
2877 2551 3081 2605 invicti.
3120 2549 3531 2619 Magnitudinem
3576 2550 3758 2607 autem
3795 2554 3868 2604 si-

2286 2565 2463 2601 autem
2508 2565 2651 2603 stant
2721 2566 2831 2603 east
2877 2565 3081 2605 invicti.
3120 2565 3531 2619 magnitudinem
3578 2565 3758 2607 autem
3795 2566 3868 2604 st-

2285 2629 2511 2685 gnorum
2534 2565 2815 2675 «tendere
2853 2621 3059 2683 volens,
3108 2620 3228 2673 ideo
3254 2619 3401 2683 dicit,
3435 2617 3524 2681 Ut,
3553 2619 3599 2670 si
3638 2619 3749 2685 ﬁeri
3777 2637 3871 2688 po-

2288 2694 2381 2759 test
2408 2702 2427 2739 :
2454 2688 2701 2754 quoniam
2747 2700 3001 2759 quantum
3027 2690 3091 2743 ad
3137 2690 3551 2759 magnitudinem
3586 2690 3869 2759 signorum

2287 2754 2497 2824 illorum
2526 2767 2699 2824 potest
2740 2754 2854 2813 fieri
2902 2769 2962 2813 ut
3001 2754 3324 2813 seducan'tur
3348 2758 3509 2817 etiam
3548 2754 3738 2811 electi:
3770 2762 3866 2812 sed

2288 2823 2412 2897 ideo
2440 2823 2546 2878 non
2576 2826 2921 2893 seducuntur,
2951 2829 3072 2897 quia
3101 2829 3276 2895 perire
3305 2843 3410 2881 non
3435 2836 3697 2893 possunt,
3728 2843 3869 2894 quos

2288 2892 2839 2965 Deusiprtieordinavit
2883 2892 3182 2951 ad'vita'm.
3239 2898 3373 2950 Dum
3415 2892 3542 2963 ergo
3592 2892 3865 2965 signoium

2286 2962 2702 3034 magnitudinem
2729 2966 2987 3034 prmdicit,
3007 2966 3058 3020 in
3081 2966 3459 3021 conservandis
3484 2962 3750 3031 fidelibus,
3771 2968 3864 3021 Dei

2284 3032 2519 3155 uolentia
2545 3032 2956 3118 demonstratur.
2987 3037 3052 3091 Et
3077 3037 3144 3117 de
3173 3047 3410 3106 tempore
3441 3036 3703 3116 hmresum
3734 3038 3868 3117 nihi-

2305 3117 2514 3155 omtnus
2556 3116 2876 3155 conveniunt
2928 3106 3145 3155 mtellm
3194 3107 3326 3155 hmo.
3359 3104 3497 3155 FaISt
3540 3120 3682 3155 enim
3708 3104 3866 3155 Chn-

2305 3103 2514 3176 ominus
2556 3107 2876 3176 conveniunt
2928 3106 3145 3176 intelligi
3172 3103 3326 3176 hmo.
3359 3104 3497 3165 Falsi
3540 3107 3682 3159 enim
3708 3104 3866 3160 Chri-

2284 3173 2442 3227 stiani
2505 3182 2631 3236 sunt
2673 3174 2819 3230 falsae
2866 3173 3118 3230 veritates
3169 3174 3429 3231 bazresum
3462 3189 3478 3226 :
3512 3176 3628 3228 falsi
3682 3185 3858 3231 autem

2285 3240 2579 3309 prophetae,
2625 3246 3000 3310 prmdicatores
3060 3246 3340 3299 veritatum
3393 3243 3669 3297 falsarum.
3726 3245 3865 3299 Dant

2285 3320 2460 3383 autem
2489 3311 2660 3383 signa,
2692 3314 2878 3366 eadem
2904 3313 3163 3369 facientes
3211 3315 3262 3370 in
3305 3313 3645 3370 simulatione
3674 3353 3691 3376 ,
3742 3329 3863 3383 qua

2288 3378 2489 3439 faciunt
2528 3378 2712 3439 ﬁdeles
2753 3384 2803 3435 in
2848 3385 3087 3436 veritate.
3116 3383 3248 3437 Nam
3275 3394 3328 3436 et
3351 3383 3579 3435 castitati
3619 3378 3859 3446 student,

2285 3458 2338 3503 et
2349 3450 2544 3521 jejunia
2560 3451 2850 3516 celebrant,
2876 3462 2929 3507 et
2950 3452 3315 3521 eleemosyuas
3335 3452 3553 3516 faciunt,
3574 3462 3628 3505 et
3646 3468 3866 3509 onmem

2283 3519 2702 3579 ecclesiasticum
2728 3535 2987 3578 canonem
3016 3519 3283 3589 supplent.
3312 3524 3538 3587 Autnon
3563 3522 3657 3573 tibi
3680 3524 3865 3576 viden-

2285 3598 2370 3661 tur
2388 3604 2575 3661 magna
2596 3605 2717 3649 esse
2741 3592 2889 3661 signa
2919 3591 3427 3661 seductiouiskcum
3464 3591 3644 3645 videas
3668 3592 3863 3646 diaboo

2285 3658 2392 3727 lum
2432 3659 2709 3715 facientem
2748 3658 2908 3727 opera
2958 3660 3083 3714 Dei?
3119 3660 3211 3716 25.
3261 3659 3394 3712 Ecce
3440 3661 3653 3727 prwdixi
3701 3664 3862 3717 vobis.

2281 3726 2698 3785 Contestationis
2721 3726 2878 3783 verba
2903 3739 3027 3783 sunt
3054 3729 3199 3794 hu-c,
3230 3741 3286 3783 ut
3328 3746 3394 3784 ne
3432 3732 3623 3797 aliquis
3678 3731 3862 3794 dicat,

2290 3797 2405 3869 Υἱόί
2434 3813 2555 3869 cum
2589 3800 2707 3856 talia
2738 3798 3020 3855 facientem
3042 3802 3213 3869 signa,
3245 3801 3420 3867 qualia
3458 3800 3570 3869 ipse
3608 3798 3865 3854 Christus

2284 3866 2427 3931 fecit,
2455 3877 2509 3921 et
2535 3868 2651 3921 ideo
2675 3869 2893 3933 credidi,
2924 3866 3234 3924 existimans
3256 3866 3399 3923 illum
3426 3866 3546 3922 esse
3561 3870 3865 3924 Christum.

2286 3937 2571 4005 Propterea
2600 3937 2747 4001 dicit,
2781 3938 2912 3991 Ecce
2940 3942 3156 4007 praedixi
3182 3940 3317 3992 vobis
3344 3955 3361 3991 :
3385 3948 3440 3992 ut
3456 3940 3865 3993 excusationem

2283 4006 2594 4077 ignorantia:
2623 4009 2772 4062 tollat
2795 4010 2862 4062 ab
2888 4006 3212 4073 itemtuibus,
3248 4019 3305 4063 et
3332 4008 3642 4077 praecedens
3669 4019 3865 4063 cente-

2282 4078 2440 4148 statio
2464 4076 2662 4144 justam
2687 4078 2842 4148 faciat
2872 4092 3082 4146 poenam
3112 4076 3449 4148 sequentem.
3488 4077 3861 4148 Misericordia

2280 4147 2422 4203 enim
2453 4154 2553 4208 est,
2599 4147 2859 4201 mandatis
2888 4149 3188 4217 praevenire
3215 4148 3527 4217 periculum.
3571 4147 3689 4199 Noo
3715 4151 3864 4203 enim

2281 4218 2393 4270 vult
2419 4219 2715 4285 quempiam
2742 4218 2929 4284 perire,
2949 4218 3038 4284 qui
3059 4218 3305 4271 omnibus
3326 4225 3585 4270 monstrat
3605 4218 3837 4285 perditio
3854 4253 3869 4263 ο

2282 4286 2365 4340 nis
2392 4284 2698 4342 adventum.
2745 4286 2835 4345 26.
2888 4286 2949 4339 Si
2992 4295 3155 4340 autem
3186 4287 3403 4340 dixerint
3437 4286 3593 4347 vobis,
3640 4284 3779 4339 Ecce
3806 4289 3865 4341 in

2280 4355 2551 4408 solitudine
2578 4363 2667 4417 est,
2691 4356 2847 4408 nolite
2870 4355 3006 4407 exire
3033 4370 3051 4407 :
3076 4371 3189 4407 ecce
3213 4357 3268 4408 in
3288 4356 3539 4417 domibus,
3570 4357 3727 4409 nolite
3746 4373 3866 4411 crc-

2281 4424 2418 4478 dere.
2467 4423 2578 4478 Hoc
2626 4440 2764 4478 nunc
2803 4425 3019 4483 tertium
3055 4425 3409 4483 descavendis
3449 4424 3864 4481 seductionibus

2280 4495 2373 4547 dat
2416 4494 2738 4547 mandatum.
2782 4494 3013 4551 Primum
3056 4504 3158 4559 est,
3196 4493 3369 4547 Videte
3409 4510 3471 4545 ne
3497 4494 3816 4549 seducamini
3843 4512 3866 4549 :

2280 4565 2427 4634 multi
2454 4565 2586 4617 enim
2612 4565 2803 4617 venient
2834 4565 2887 4617 in
2912 4564 3115 4634 uomine
3152 4580 3280 4629 meo,
3318 4565 3557 4634 dicentes,
3591 4562 3705 4634 Ego
3736 4582 3862 4618 suns

2282 4633 2529 4688 Christus.
2556 4633 2878 4699 Secundum,
2906 4632 3046 4685 Tunc
3070 4634 3236 4687 dicent
3281 4634 3450 4692 vobis,
3494 4632 3741 4687 Ecce/sic
3788 4646 3865 4688 est

2281 4701 2529 4765 Christus,
2561 4718 2672 4755 ecce
2695 4703 2819 4764 illic,
2852 4705 3008 4754 nolite
3032 4703 3251 4755 credere.
3279 4703 3516 4756 Tertium
3542 4742 3557 4766 ,
3589 4717 3858 4769 przesens,

2281 4772 2501 4826 dicens:
2536 4771 2597 4825 Si
2618 4773 2835 4825 dixerint
2856 4772 3010 4835 vobis,
3041 4771 3173 4823 Ecce
3196 4772 3249 4824 in
3288 4773 3559 4824 solitudine
3584 4783 3677 4833 est,
3703 4774 3867 4826 nolite

2281 4842 2417 4894 exire
2446 4857 2463 4894 :
2493 4856 2603 4895 erce
2630 4842 2682 4894 in
2702 4841 2949 4903 domibus,
2978 4842 3131 4893 nolite
3154 4842 3354 4897 credere
3378 4858 3397 4892 :
3422 4840 3486 4894 Ut
3513 4842 3567 4891 in
3606 4856 3695 4893 ore
3723 4845 3855 4894 dno-

2281 4926 2394 4963 rum
2415 4912 2490 4965 vel
2508 4912 2658 4963 trium
2685 4914 2877 4963 testium
2893 4919 2984 4964 stet
3004 4926 3149 4962 omne
3169 4910 3367 4963 verbum
3392 4909 3605 4980 (Matth.
3628 4909 3712 4964 18.
3742 4913 3862 4978 16),

2284 4988 2341 5033 ttt
2370 4983 2504 5034 tritta
2548 4981 2878 5034 denuntiatio
2924 4980 3335 5034 inexcusabiletn
3381 4982 3537 5033 faciat
3580 4982 3867 5048 negligen-

2283 5058 2409 5119 tem.
2443 5051 2674 5104 Primum
2702 5066 2828 5119 ergo
2855 5050 3159 5103 mandatum
3183 5050 3330 5103 dedit
3357 5050 3425 5119 de
3452 5049 3865 5104 seductioiiihus

2282 5118 2490 5185 futuris,
2523 5118 2824 5189 priusquam
2855 5120 3183 5189 abominatio
3206 5118 3862 5189 desolatiottiseonstitue-

2281 5198 2429 5244 retur
2466 5187 2699 5251 inloco,
2737 5200 2790 5245 et
2830 5192 3135 5258 priusquam
3175 5188 3435 5242 haeresqu
3463 5187 3868 5245 animarentur

2281 5260 2552 5314 Ecclesiae.
2606 5260 2907 5314 Secundum
2958 5269 3132 5313 autem
3167 5259 3235 5312 de
3284 5258 3683 5312 seductionibus
3739 5269 3868 5328 post

2284 5330 2489 5390 futuris,
2518 5330 2655 5384 sicut
2674 5331 2781 5398 jatn
2804 5328 3035 5382 diximus
3064 5343 3243 5396 supra.
3279 5328 3517 5398 Tertium
3539 5344 3667 5382 vero
3692 5331 3868 5382 mani-

2283 5398 2566 5453 kstissime
2609 5401 2677 5453 de
2722 5411 2958 5467 tempore
3011 5399 3234 5459 furentis
3262 5397 3597 5458 Antichristi,
3627 5401 3817 5453 dicens
3845 5416 3864 5452 :

2284 5468 2345 5523 Si
2363 5471 2473 5536 quis
2497 5469 2631 5523 vobis
2655 5471 2855 5535 dixerit,
2882 5467 3016 5522 Ecce
3040 5469 3091 5521 in
3115 5468 3383 5536 solitudine
3400 5477 3492 5531 est,
3524 5470 3677 5521 nolite
3698 5474 3866 5525 exire.

2283 5532 2554 5598 Seducere
2596 5540 2739 5594 enim
2786 5532 2883 5592 vos
2923 5540 3128 5591 volunt.
3159 5532 3263 5593 Sed
3292 5538 3433 5591 dicat
3476 5538 3689 5605 aliquis,
3718 5538 3868 5604 Quid

2284 5610 2463 5663 enim?
2492 5610 2535 5661 si
2565 5610 2746 5663 fideles
2790 5620 2913 5663 tunc
2940 5623 3045 5661 non
3092 5607 3317 5661 exierint
3360 5609 3411 5659 in
3447 5606 3743 5672 desertum,
3770 5620 3871 5663 aut

2286 5694 2389 5733 non
2417 5679 2729 5733 intraverint
2755 5682 2804 5731 in
2851 5679 3040 5731 domos
3070 5694 3083 5746 ;
3111 5676 3363 5744 numquid
3397 5691 3489 5745 per
3539 5676 3640 5730 hoc
3681 5681 3872 5746 ipsum

2286 5759 2532 5817 poterunt
2561 5748 2832 5805 declinare
2857 5749 3172 5814 periculum,
3205 5748 3433 5799 maxime
3449 5762 3568 5801 cum
3597 5756 3723 5817 tunc
3747 5749 3871 5800 An-

2286 5816 2554 5872 tichristus
2579 5821 2820 5872 universa
2853 5818 3047 5886 ubique
3064 5817 3353 5879 contineat,
3373 5826 3434 5886 et
3464 5820 3606 5869 intus
3629 5827 3684 5869 et
3705 5816 3869 5881 foris,

2288 5898 2343 5943 et
2374 5894 2423 5941 In
2450 5890 2662 5943 civitate
2709 5899 2762 5941 et
2805 5890 2855 5941 in
2884 5884 3135 5941 deserto?
3163 5886 3268 5940 Sed
3297 5884 3419 5939 vide
3456 5887 3712 5953 quoniam
3746 5888 3873 5941 ἱνα-ο

2289 5958 2471 6014 dicens
2499 5958 2751 6027 ostendit,
2794 5960 2918 6029 quia
2946 5966 3071 6014 tunc
3106 5956 3292 6013 ﬁdeles
3335 5956 3560 6012 latentes
3601 5967 3763 6012 erunt
3806 5959 3871 6013 in
