4128 6472
258 320 368 376 917

250 422 385 475 locis
420 415 735 487 quihusdam
782 413 1181 487 secretioribus,
1216 412 1324 467 Deo
1348 427 1443 466 eos
1471 412 1826 487 abscondente

252 484 623 561 potitts'quatn
668 490 785 561 loco
807 526 822 550 ,
843 485 999 561 sicut
1044 486 1296 561 scriptum
1326 493 1438 561 est:
1464 484 1742 561 dbscondes
1780 484 1831 537 in

254 552 549 613 obscondito
592 559 753 608 vultus
783 556 854 607 tui
891 570 922 606 a
947 555 1320 606 conturbatione
1346 554 1619 606 hominum.
1651 552 1831 605 Prote-

256 648 342 700 ges
369 646 451 681 eos
487 629 538 700 in
572 626 889 700 tabernaculo
928 635 1040 687 tuo,
1069 641 1101 675 a
1127 622 1830 700 contradictione_lingttarum

260 691 432 769 {l’saL
462 698 547 751 30.
576 698 687 761 21).
723 696 1019 769 Prtemonet
1061 708 1189 769 ergo
1230 708 1361 769 eos,
1406 707 1471 769 ne
1522 691 1657 744 forte
1707 701 1833 747 tunc

256 762 442 822 audito
470 769 669 819 Christi
697 768 948 824 adventu,
979 778 1074 831 per
1101 763 1343 815 homines
1369 762 1677 815 seductores
1705 777 1827 829 pro-

256 840 453 893 cedant
482 838 545 889 ad
570 836 765 905 palam.
794 844 848 886 et
875 844 962 905 aut
985 835 1035 885 in
1077 834 1293 905 deserto
1318 831 1833 905 comprehendantur

259 909 485 976 egressi,
518 900 608 957 aut
639 908 688 957 in
725 904 969 976 domibus
1007 902 1391 976 concludantur
1421 900 1667 976 ingressi.
1697 900 1830 976 Quid

258 970 405 1032 enim
441 978 599 1029 faciat
630 976 680 1027 itt
704 973 990 1027 solitudine
1024 972 1221 1025 Christi
1250 971 1549 1024 adventus?
1578 970 1831 1038 numquid

258 1050 430 1116 magis
456 1056 596 1098 amat
616 1044 928 1116 Solitudines
946 1044 1199 1116 locorum,
1224 1055 1380 1116 quam
1398 1040 1832 1116 congregatio-nes

260 1109 560 1170 hominum?
574 1124 662 1167 aut
680 1112 930 1179 numquid
949 1112 1187 1164 homines
1211 1113 1378 1173 timet,
1403 1120 1458 1162 ut
1478 1110 1529 1163 iu
1551 1109 1833 1163 solitudine

258 1187 455 1243 lateat?
480 1187 533 1238 Si
561 1187 703 1238 enim
729 1182 941 1251 quando
974 1195 1225 1251 passurus
1250 1180 1484 1251 advenit,
1533 1193 1635 1232 non
1662 1180 1834 1251 timuit

259 1272 416 1327 reges
443 1265 532 1327 aut
556 1248 781 1322 judiees,
813 1252 905 1305 sed
938 1252 1073 1303 inter
1105 1250 1295 1327 impios
1325 1250 1547 1327 papulas
1573 1248 1833 1327 przedica-

255 1318 571 1397 vifpietatis
592 1336 892 1397 sermonem
922 1338 934 1371 :
968 1319 1245 1397 quomodo
1279 1329 1402 1397 tunc
1443 1318 1681 1397 timebit...
1710 1333 1830 1397 cum

256 1388 468 1452 venerit
518 1395 760 1461 judicare
800 1390 1143 1461 peccatores?
1183 1388 1406 1461 S_i_quis
1444 1388 1578 1461 vobis
1629 1388 1829 1461 dixerit,

258 1468 393 1519 Ecce
417 1468 467 1519 in
496 1456 743 1527 domibus,
774 1456 928 1513 nolite
953 1460 1170 1512 credere.
1204 1458 1451 1526 lnjuriam
1490 1458 1632 1511 enim
1654 1456 1832 1527 facitis

259 1537 553 1598 Divinitati,
579 1535 622 1585 si
656 1536 706 1584 in
738 1530 989 1585 domibus
1032 1529 1175 1581 illam
1200 1528 1438 1595 qtneritis
1461 1568 1477 1591 ,
1505 1542 1623 1593 quae
1650 1526 1835 1598 implet

255 1608 449 1659 ezelum
475 1596 752 1658 et‘terram
786 1619 797 1653 :
828 1609 917 1651 aut
955 1598 997 1649 si
1039 1599 1202 1651 latere
1228 1598 1421 1665 putatis
1457 1598 1544 1665 qui
1570 1596 1717 1650 venit
1745 1610 1834 1649 su-

256 1677 437 1743 perbis
468 1675 745 1743 resistere,
760 1679 815 1724 et
836 1669 1060 1743 humiles
1089 1666 1345 1721 exaltare.
1380 1666 1436 1719 In
1480 1667 1651 1743 primo
1688 1665 1831 1743 enim

254 1733 494 1799 adventu
520 1744 640 1796 ideo
667 1742 877 1794 celatus
908 1737 1053 1790 venit
1074 1752 1320 1805 corpore,
1348 1745 1405 1788 ut
1430 1736 1678 1805 probaret
1704 1733 1834 1787 lide-

256 1818 336 1868 lcs
368 1830 381 1865 :
414 1816 465 1866 in
497 1811 733 1866 secundo
772 1820 947 1861 autem
976 1803 1202 1860 adventu
1227 1807 1400 1858 veniet
1444 1803 1751 1857 manifestus
1782 1805 1833 1857 in

253 1886 448 1953 gloria,
479 1893 537 1936 ut
585 1889 887 1934 remuneret
921 1876 1077 1929 [idem
1109 1891 1312 1929 eorum.
1347 1874 1468 1927 ldco
1493 1887 1616 1927 tunc
1647 1887 1832 1953 ncces-f

255 1950 459 2007 aurium
495 1961 612 2004 erat
660 1961 718 2002 ut
770 1955 1139 2015 misereretur:
1177 1960 1314 1997 nunc
1346 1955 1546 2015 autem
1602 1950 1837 2015 nonest

255 2022 581 2091 quaerendus
631 2031 682 2091 ut
733 2013 1004 2091 credatur,
1050 2015 1143 2069 sed
1192 2013 1382 2091 quarrit
1412 2013 1835 2091 ipse_a.quibus

255 2082 491 2145 creditus
522 2098 619 2143 est.
654 2088 1007 2154 Spiritualiter
1036 2082 1219 2137 autem
1251 2085 1316 2136 de
1356 2082 1652 2154 novissimis
1698 2092 1837 2135 tem-

258 2163 479 2231 porilms
509 2161 621 2212 hme
655 2153 724 2211 ita
754 2168 874 2231 sunt
900 2156 1231 2231 exponenda.
1251 2153 1400 2231 _Sunt
1426 2153 1653 2205 haereses
1666 2192 1690 2231 .,
1718 2165 1836 2231 quas

257 2220 532 2285 inendacia
578 2242 670 2279 sua
715 2220 1103 2294 quodammodo
1150 2220 1837 2294 Scripturarutn_colorant

256 2298 660 2353 auctoritatibus
686 2314 697 2347 :
719 2291 956 2363 qntetlatn
976 2305 1172 2356 autem,
1195 2307 1311 2360 qua:
1330 2293 1545 2363 omnino
1564 2291 1632 2342 ita
1652 2301 1835 2363 contra

259 2370 563 2437 Scripturas
612 2360 870 2437 habentur
895 2378 1003 2437 ,_n_e
1043 2362 1289 2437 cplorare
1312 2361 1515 2413 valeant
1559 2360 1832 2437 mendacia

258 2454 358 2492 sua
387 2429 473 2490 'de
497 2436 781 2502 Scriptnris
820 2433 1031 2487 divinis.
1071 2431 1391 2502 Solitudines
1434 2444 1563 2502 ergo
1603 2429 1835 2496 appellat

260 2509 497 2561 ltmreses
524 2500 677 2567 illas,
706 2518 925 2571 quarum
953 2503 1193 2571 dogmata
1224 2501 1439 2552 omnino
1455 2500 1679 2571 deserta
1714 2507 1837 2550 sunt

258 2576 608 2643 aScripturis.
632 2567 825 2626 Domus
850 2567 1045 2633 autem,
1071 2571 1297 2625 luereses
1318 2584 1433 2643 qua:
1450 2567 1835 2643 Scripturarum

259 2639 568 2700 colorantur
592 2644 849 2709 exemplis
874 2682 889 2703 ,
921 2642 1159 2709 quamvis
1187 2656 1289 2693 non
1318 2642 1423 2692 sint
1446 2639 1632 2709 domus
1658 2650 1831 2709 verte,

260 2727 436 2768 tamen
460 2715 539 2767 vel
562 2705 821 2765 videntur.
846 2705 951 2764 Aut
970 2712 1037 2763 ita
1056 2727 1069 2762 :
1085 2711 1278 2763 Domus
1297 2708 1423 2761 dicit
1445 2706 1690 2769 hmreses,
1710 2705 1838 2759 soli-

263 2786 499 2839 tudinem
528 2791 702 2835 autem
732 2781 988 2844 Judmam,
1016 2780 1302 2833 secundum
1327 2776 1464 2845 quod
1488 2776 1736 2843 scriptum
1760 2783 1841 2829 est

262 2856 334 2908 de
366 2856 488 2907 illa:
524 2852 653 2904 Ecce
691 2850 994 2917 relinquetur
1036 2849 1173 2901 vobis
1212 2849 1387 2899 domus
1440 2855 1599 2917 vestro
1648 2846 1840 2897 deserta

264 2926 283 2995 ί
311 2924 496 2976 Matth.
543 2923 634 2995 25.
657 2922 751 2995 _58
774 2915 1063 2995 )._Aut_ita
1094 2937 1106 2972 :
1135 2917 1456 2995 S_o|ilttdines
1499 2915 1627 2995 dicit
1656 2928 1841 2995 omnes

263 2983 498 3047 hzereses
525 2983 790 3045 desolatas
819 3005 847 3041 a
874 2990 1120 3049 veritate,
1146 2990 1332 3040 donius
1364 2993 1536 3037 autem
1574 2983 1839 3037 Ecelesias

261 3064 459 3117 Christi
492 3080 501 3114 :
531 3076 593 3114 ac
614 3061 656 3112 si
682 3060 823 3111 dicat
851 3076 863 3111 :
889 3057 1000 3110 Non
1028 3058 1168 3119 dico,
1199 3057 1240 3108 si
1266 3055 1495 3108 dixerint
1515 3054 1679 3105 vobis.
1708 3052 1841 3105 Ecce

262 3136 319 3187 in
345 3133 608 3185 luereticis
627 3128 874 3182 Ecclesiis
894 3127 1115 3199 illis,_vel_
1132 3126 1308 3199 iniliis
1324 3122 1563 3199 apparuit
1579 3121 1838 3199 Christus,

261 3202 359 3257 sed
383 3201 587 3256 etiamsi
614 3201 663 3252 in
692 3199 818 3267 ipsis
836 3197 973 3250 veris
997 3196 1411 3267 Eccltfsiis,_qu:e
1432 3202 1486 3245 et
1512 3192 1602 3244 Dei
1626 3201 1765 3267 sunt,
1792 3191 1841 3243 id

261 3272 562 3334 cst,domus
586 3264 791 3331 vestrm,
816 3267 1044 3319 dixerint
1066 3266 1212 3318 vobis
1228 3264 1490 3318 Christum
1512 3264 1837 3329 apparuisse,

262 3343 430 3395 nolite
456 3343 534 3394 eis
560 3339 781 3393 credere
807 3336 1105 3389 dicentibus
1135 3337 1231 3387 ista
1260 3334 1325 3387 de
1354 3347 1458 3396 me,
1490 3334 1609 3400 quia
1638 3344 1737 3383 non
1760 3338 1844 3382 est

265 3412 424 3478 digna
446 3408 731 3463 divinitatis
754 3407 1092 3478 tnetenotitia
1117 3404 1259 3478 hare:
1286 3402 1569 3478 ostendens
1593 3416 1683 3469 per
1706 3400 1838 3478 inec,

264 3472 534 3549 quomodo
578 3493 643 3531 ex
690 3478 815 3543 ipsis
860 3475 1113 3549 Eeclesiis
1138 3475 1274 3549 veris
1314 3472 1844 3549 frequenterexeunt

264 3538 579 3603 seductores
604 3587 617 3608 ,
660 3538 1064 3613 propterearttec
1096 3545 1223 3611 ipsis
1264 3538 1479 3595 omnino
1522 3538 1841 3613 credendum

264 3630 371 3683 est,
400 3620 496 3671 nisi
524 3632 584 3670 ea
610 3610 787 3669 dicant
817 3614 897 3666 vel
930 3610 1143 3673 faciant,
1174 3627 1292 3679 qua:
1321 3610 1688 3683 convenientia
1719 3616 1844 3683 sunt

271 3677 583 3757 Scripturis.
618 3685 723 3738 Vos
743 3699 869 3751 ergo
901 3677 1444 3757 nolite_ex_ire,_nolite
1464 3677 1841 3757 c_retlere.'i‘10n

266 3747 490 3813 mandat
517 3758 639 3819 illis,
672 3764 728 3806 ut
755 3747 1028 3807 neexeant
1047 3752 1113 3804 de
1133 3750 1399 3812 domibus,
1424 3747 1840 3819 velcivitatibus.

269 3828 383 3883 Nec
414 3829 465 3881 in
491 3818 649 3880 domo
670 3824 834 3887 enim,
864 3832 954 3874 aut
982 3821 1265 3874 incivitate
1299 3818 1603 3871 sedentibus
1626 3818 1839 3879 sanctis,

268 3899 369 3954 ista
394 3898 611 3951 dicenda
632 3904 752 3947 sunt
775 3910 787 3945 :
812 3892 926 3957 sed,
947 3892 1115 3963 Nolite
1136 3890 1281 3963 exire
1305 3889 1371 3941 de
1390 3888 1564 3963 regula
1588 3888 1842 3963 veritatis,

268 3984 428 4037 quam
458 3966 645 4020 tradidi
675 3963 837 4037 vobis
847 3979 863 4037 _:
894 3962 1054 4015 nolite
1082 3960 1305 4037 credere
1332 3976 1345 4011 :
1370 3961 1490 4025 quia
1513 3958 1648 4009 sicut
1668 3957 1843 4037 fumus

269 4029 397 4091 ante
434 4038 607 4103 ignem
636 4033 885 4103 prmcedit
908 4072 923 4097 ,
963 4040 1084 4084 ante
1122 4029 1396 4103 victoriam
1434 4040 1656 4103 pugni:
1690 4029 1764 4103 sie
1794 4033 1847 4077 et

271 4117 401 4161 ante
440 4094 661 4174 gloriam
692 4103 885 4174 Christi
908 4094 929 4174 ,_
955 4100 1174 4154 tentatio
1205 4095 1657 4174 Antichristi.
1701 4094 1847 4174 tSicut

270 4178 406 4230 cnim
428 4164 603 4245 fulgur
626 4175 725 4227 exit
746 4173 807 4245 ab
840 4164 1133 4245 Orriertie,‘_et
1156 4178 1295 4245 paret
1324 4184 1477 4245 usque
1502 4164 1846 4245 att-Occidens

273 4257 374 4298 tem
399 4236 528 4309 ,ἶιαν
561 4245 652 4297 erit
696 4243 938 4312 adventus
968 4238 1100 4312 _Fi_lii
1151 4238 1384 4312 hominis.
1432 4236 1761 4312 Manifestum
1795 4242 1849 4312 et

275 4303 515 4367 velocem
544 4314 827 4365 adventum
857 4309 1052 4363 Christi
1077 4307 1360 4359 ostendere
1390 4306 1593 4364 volens,
1628 4303 1848 4371 fulguris

272 4384 669 4440 similitudinem
690 4378 1145 4433 introdttxit.Sicut
1161 4379 1299 4430 enim
1318 4391 1433 4428 cum
1453 4373 1638 4426 exierit
1654 4375 1845 4438 fulgur,

275 4470 383 4508 non
410 4454 577 4505 solum
600 4451 805 4505 videtur
825 4450 891 4501 ab
915 4448 1230 4506 hominibus,
1254 4445 1345 4498 sed
1366 4444 1534 4496 adhuc
1560 4442 1847 4495 secundum

274 4524 585 4593 qualitatem
613 4520 831 4593 fulgoris
853 4518 930 4571 sui
956 4534 1059 4593 non
1083 4516 1237 4584 digne
1258 4516 1509 4582 aspicitur
1531 4530 1543 4565 :
1566 4513 1709 4590 sicel
1730 4526 1849 4593 cum

278 4588 484 4647 venerit
507 4588 747 4645 Christus
774 4630 790 4655 ,
822 4604 926 4641 non
970 4588 1140 4640 Solum
1171 4598 1509 4655 eutnomnes
1554 4588 1807 4649 aSpicient
1832 4621 1847 4646 ,

274 4665 371 4717 sed
401 4662 689 4715 secundum
721 4672 1020 4712 mensuram
1047 4656 1230 4729 gloria:
1268 4654 1381 4721 ejus
1409 4666 1577 4729 neque
1608 4662 1852 4729 poterunt

276 4749 400 4787 eum
438 4731 761 4784 sufﬁcienter
801 4721 1073 4799 aSpice_re.'_
1094 4726 1159 4778 Et
1197 4739 1301 4799 non
1339 4722 1518 4799 solum
1549 4721 1851 4799 magnitudo

277 4804 396 4869 ejus
421 4816 631 4853 omnem
660 4802 831 4853 locum
862 4791 1135 4869 implebit,
1168 4793 1267 4847 sed
1290 4793 1463 4869 adhuc
1491 4791 1852 4869 magnitudine

277 4859 397 4941 cius
444 4870 653 4923 deliciet
681 4869 853 4941 omnis
883 4859 1068 4941 locus)
1097 4865 1242 4941 sicut.
1263 4863 1515 4941 scriptum
1538 4870 1641 4940 .est.
1663 4859 1853 4941 {Ignis

275 4930 396 4995 a'nte
420 4941 583 5008 ipsum
605 4939 865 5007 praecedet,
893 4946 938 4988 et
964 4932 1293 5008 inﬂantmabit
1320 4934 1370 4984 in
1397 4931 1603 5008 circuitu
1628 4930 1853 4985 inimicos

277 5014 411 5080 ejus.
440 5001 969 5080 hliuméruntjulgurq
994 5001 1243 5080 εἷκε-φώς
1256 5013 1435 5063 terrm;
1460 5001 1575 5052 vidit
1599 5041 1612 5062 ,
1643 5010 1686 5052 et
1714 5017 1851 5052 cout-

276 5074 418 5135 mota
441 5091 513 5132 est
539 5090 669 5131 terra
691 5081 707 5145 (
734 5074 876 5131 Psal.
901 5076 989 5129 96.
1012 5076 1064 5128 5.
1090 5075 1123 5127 4
1144 5075 1183 5143 ).
1209 5074 1375 5145 Quem
1402 5085 1528 5138 ergo
1550 5082 1853 5145 peccatores

281 5150 578 5212 videbunt,
629 5140 790 5201 etiam
829 5148 1067 5200 nolentes
1097 5161 1108 5196 :
1138 5140 1404 5213 quomodo
1448 5156 1552 5192 non
1602 5140 1855 5213 videbunt

276 5236 401 5276 eum
433 5209 597 5272 sancti
627 5215 1029 5287 desiderantes?
1059 5209 1277 5287 Et_sieut
1307 5213 1359 5287 in
1382 5210 1489 5287 ictu
1516 5211 1651 5262 oculi
1684 5209 1855 5287 lulgur

279 5291 533 5344 universa
567 5289 847 5359 pertransit
874 5326 889 5350 ,
916 5286 991 5359 sic
1019 5295 1072 5337 et
1095 5282 1274 5359 filius
1306 5282 1438 5359 Dei,
1487 5294 1591 5359 non
1638 5282 1854 5359 veniens

280 5362 480 5423 adhuc,
506 5349 599 5411 sed
630 5358 788 5409 etiam
819 5349 1028 5409 venisse
1058 5351 1339 5406 videbitur.
1364 5349 1418 5403 Si
1449 5349 1587 5402 enim
1617 5349 1738 5423 sol,
1764 5350 1853 5423 qui

280 5432 348 5485 ad
394 5418 745 5483 ministerium
792 5434 1025 5479 nostrum
1054 5432 1263 5476 creatus
1291 5428 1403 5483 est,
1448 5427 1646 5470 tantam
1696 5418 1855 5485 habet

283 5484 583 5568 splendoris
614 5496 881 5555 virtutem,
914 5502 971 5546 ut
995 5494 1044 5545 in
1076 5504 1403 5568 quacumque
1428 5498 1574 5555 parte
1594 5487 1716 5568 caeli
1741 5484 1855 5565 fue-

282 5564 389 5634 rit,
419 5570 907 5636 ubiqueappareat
946 5564 1093 5631 quasi
1140 5574 1417 5636 praesens;
1448 5566 1643 5635 quanto
1666 5564 1854 5636 _tt_iagis

283 5625 388 5697 Sol,
404 5625 977 5705 spiritualis'Christus,
998 5646 1118 5705 cum
1139 5625 1358 5705 venerit,
1385 5629 1435 5705 in
1455 5625 1575 5705 icto
1594 5625 1855 5705 videbitur

286 5695 517 5777 mundo,
543 5708 711 5778 magis
737 5714 916 5762 autem
956 5695 1182 5759 mundus
1212 5701 1264 5755 in
1292 5714 1357 5757 eo
1382 5695 1683 5755 videbitur?
1707 5697 1850 5765 Apo-

1407 300 1470 355 lN
1510 299 1937 359 ΜΑΤἸῚΙΑΞΒΜ.
1981 304 2209 361 ιιωιιι..
2253 306 2433 365 XLIX.

3419 326 3532 383 918

1942 417 2109 491 stolus
2126 429 2299 472 autem
2322 421 2394 472 ait
2422 436 2433 471 :
2462 419 2638 491 Quemi
2635 422 2736 473 suis
2756 424 3057 491 temporibus
3083 423 3516 488 ostcndetbcatus,

1942 488 2247 562 et_soltts,Ael
2278 500 2450 557 potens
2477 490 2566 562 (_l.
2600 490 2730 543 Tim.
2755 492 2809 545 6.
2839 488 2903 546 l5
2934 494 2952 562 )
2980 514 2992 547 :
3028 508 3130 546 non
3158 494 3311 553 dixit.
3347 497 3518 560 Quen.

1942 557 2139 633 mittet:
2163 556 2405 633 Christus
2431 559 2609 633 enim,
2642 575 2761 613 cum
2792 562 2859 614 sit
2884 556 3073 633 ubique
3098 604 3110 625 ,
3145 579 3247 616 non
3283 556 3425 618 venit
3450 568 3519 617 ah

1942 625 2057 701 loco
2077 626 2142 679 ad
2172 626 2493 701 loctttaned
2513 630 2704 701 ubique
2729 625 3041 691 ostenditur.
3075 634 3161 701 qui
3183 643 3297 687 erat
3317 633 3518 689 celatus

1942 695 2152 771 ubique.
2187 697 2291 771 “€28.
2345 695 2441 771 Ubi
2467 695 2629 771 fuerit
2664 716 2882 771 corpus,
2938 702 3041 753 illic
3084 695 3519 771 congregnbuntur

1939 766 2140 839 aquilae.
2187 766 2603 839 De_vultnribusA
2641 769 2781 839 enim
2826 769 2953 822 dicit
2990 766 3339 833 Scripttira'in
3366 772 3467 826 Job
3498 814 3516 839 ,

1943 836 2189 904 quoniam
2238 834 2553 905 ubicumque
2582 834 2740 905 fuerit
2776 852 2967 905 corpus
2991 881 3004 902 ,
3050 840 3157 893 illic
3184 834 3518 895 invenientur

1942 906 2207 957 vulturum
2242 904 2363 975 pulli
2415 904 2556 973 (Job
2581 904 2670 958 39.
2702 905 2771 960 30
2796 910 2837 975 ).
2872 904 2976 960 lloe
3008 910 3147 963 enim
3178 912 3412 963 naturale
3433 922 3517 965 est

1946 974 2236 1037 vulturum,
2265 974 2395 1026 sicut
2426 975 2607 1027 dicunt
2633 975 2866 1042 quidam,
2893 987 2947 1029 ut
2974 980 3132 1031 etiam
3162 980 3510 1033 transmarina

1939 1045 2197 1116 cadavera
2239 1043 2784 1116 sentiant._Quoniant
2831 1062 2956 1115 ergo
3006 1057 3183 1116 turpes
3228 1064 3358 1102 aves
3391 1058 3515 1103 sunt

1940 1114 2173 1185 vultures
2203 1152 2217 1174 .
2265 1112 2383 1185 ideo
2431 1113 2710 1185 vulturinis
2755 1112 2965 1182 quidem
3025 1112 3257 1171 moribus
3306 1121 3501 1185 aptavit

1941 1184 2151 1235 nomina
2177 1183 2501 1251 aquilarum,
2532 1192 2586 1253 ut
2617 1183 2667 1234 in
2701 1185 2932 1237 moribus
2964 1187 3174 1253 quidem
3206 1183 3471 1241 vulturum
3494 1227 3514 1253 ,

1938 1262 2240 1307 sanctorum
2284 1252 2621 1320 congregatio
2658 1252 3062 1307 ostendaturad
3089 1255 3284 1310 Christi
3311 1252 3513 1310 adven;

1941 1331 2047 1393 tum
2074 1362 2087 1384 ,
2120 1322 2170 1374 in
2208 1320 2397 1393 aquilis
2422 1331 2607 1393 autem
2639 1322 2903 1389 regalibus
2931 1364 2943 1386 ,
2988 1326 3178 1393 regalis
3207 1334 3511 1379 sanctorum

1939 1391 2171 1463 dignitas
2196 1388 2678 1463 osten_datnr.__ldeo
2697 1388 2843 1463 enim
2870 1388 3257 1463 sancti'aquilis
3298 1396 3512 1448 assimi-

1940 1460 2282 1532 lantur,’quia
2311 1459 2447 1512 sicut
2477 1459 2567 1511 lilii
2589 1460 2879 1528 aquilarum
2911 1462 2975 1515 ad
3001 1459 3167 1516 soloin
3196 1465 3508 1532 probantur,

1941 1540 1996 1582 ut
2023 1530 2283 1599 siquidem
2312 1540 2457 1599 recto
2484 1540 2701 1595 aspectu
2727 1532 2997 1584 intendere
3027 1530 3293 1599 potuerint
3325 1530 3510 1588 contra

1938 1599 2113 1653 radios
2140 1597 2287 1661 solis,
2320 1598 2672 1665 intelligantur
2697 1614 2813 1651 esse
2844 1597 3057 1667 legitimi
3090 1617 3105 1664 ;
3133 1602 3177 1655 si
3201 1612 3375 1655 autem
3401 1617 3509 1657 non

1940 1669 2246 1737 potuerint,
2291 1678 2682 1737 cegnoscantur
2720 1669 3043 1723 adulterini:
3075 1671 3152 1723 sic
3192 1681 3245 1726 et
3278 1672 3367 1724 lilii
3414 1672 3509 1727 Dei

1938 1737 2005 1789 ad
2060 1736 2255 1809 Christi
2291 1736 2548 1809 justitiam
2578 1738 3029 1809 comprobantur:
3059 1740 3105 1792 si
3151 1741 3291 1794 enim
3321 1750 3507 1809 potue-

1940 1809 2048 1860 rint
2091 1808 2247 1874 pleno
2294 1806 2472 1876 corde
2492 1805 2710 1874 justitiue
2750 1807 2908 1860 verba
2958 1809 3260 1876 suscipere,
3311 1805 3511 1865 intelli-

1939 1887 2130 1944 guntur
2168 1890 2285 1929 esse
2308 1874 2586 1947 _legitimi;
2618 1876 2660 1927 si
2707 1886 2880 1930 autem
2906 1892 3029 1947 enen
3062 1874 3326 1947 potuerint
3354 1920 3369 1943 ,
3411 1894 3511 1935 co-

1938 1952 2261 2012 gnoscuntur
2290 1945 2357 1998 de
2405 1944 2614 1997 diabolo
2642 1959 2761 1999 eSse
2809 1946 2936 1999 nati.
2986 1944 3078 2001 29:
3112 1949 3297 2001 Statim
3335 1959 3505 2002 autem

1939 2025 2050 2083 post
2100 2014 2469 2067 tribulationem
2532 2014 2723 2066 dierum
2766 2016 2966 2067 illorum
3010 2021 3084 2069 sol
3125 2020 3505 2083 obscurubitur,

1941 2095 1987 2136 et
2034 2089 2154 2138 luna
2203 2100 2302 2136 non
2336 2083 2471 2135 dabit
2511 2083 2677 2135 luuteu
2725 2101 2891 2150 suum,
2937 2095 2983 2137 et
3029 2087 3184 2139 stellte
3222 2087 3399 2140 cadent
3443 2090 3506 2141 de

1939 2155 2080 2224 creto.
2116 2154 2493 2224 Patrefamilias
2540 2152 2801 2224 moriente
2825 2195 2838 2216 ,
2878 2166 2985 2208 tota
3014 2154 3201 2209 donms
3227 2157 3344 2224 ejus
3387 2166 3504 2210 tur-

1941 2222 2113 2285 batur,
2138 2224 2310 2275 omnis
2335 2222 2524 2274 tantilla
2550 2222 2763 2290 plangit.
2789 2233 2839 2276 ct
2860 2226 3139 2279 conscissis
3162 2222 3348 2279 tunicis
3368 2227 3503 2293 suis,

1944 2294 2107 2361 nigris
2157 2306 2215 2345 se
2269 2293 2578 2360 eooperiunt
2641 2294 2967 2346 vestimentis
3002 2312 3013 2346 :
3047 2296 3124 2348 sic
3169 2304 3224 2347 et
3270 2295 3503 2349 humano

1939 2376 2134 2429 genere
2161 2402 2175 2425 ,
2205 2373 2415 2429 propter
2459 2363 2594 2428 quod
2646 2362 2851 2416 fuerant
2892 2365 3064 2417 omnia
3106 2372 3281 2418 creata
3308 2405 3322 2428 ,
3364 2366 3506 2419 circa

1940 2433 2137 2485 exitum
2158 2440 2459 2493 constituto,
2482 2440 2617 2485 totus
2637 2434 2974 2486 contristatur
2994 2435 3236 2495 mundus.
3263 2435 3500 2488 universa

1942 2503 2054 2553 caeli
2106 2502 2394 2571 ministeria
2445 2502 2661 2567 lugent,
2710 2512 2764 2554 et
2802 2503 3031 2556 candore
3078 2502 3359 2570 deposito,
3411 2520 3505 2571 pro

1943 2571 2175 2624 vestibus
2218 2570 2466 2623 luctuosis
2513 2572 2743 2625 tenebris
2779 2573 3086 2625 vestientur.
3114 2573 3245 2626 Nam
3287 2572 3381 2627 Sol
3410 2570 3501 2625 ab-

1942 2640 2240 2711 scurabitur,
2270 2650 2314 2691 et
2340 2641 2459 2691 luna
2488 2657 2585 2692 non
2610 2640 2744 2693 dabit
2772 2641 2937 2694 lumen
2965 2659 3108 2694 suum
3133 2657 3150 2694 :
3176 2651 3265 2695 aut
3292 2650 3507 2711 prOpter

1943 2709 2207 2777 indignam
2259 2712 2710 2777 persequutionent
2752 2720 3050 2765 sanctorum
3100 2709 3337 2766 dolentes
3366 2709 3507 2775 ,attt

1943 2792 2102 2845 super
2154 2779 2431 2845 itnpiortun
2483 2781 2706 2846 pessima
2761 2795 2921 2847 opera
2982 2781 3355 2849 indignantes,
3410 2789 3503 2835 aut

1945 2848 2282 2902 novissimam
2339 2850 2388 2901 in
2432 2850 2509 2903 eis
2555 2850 2646 2903 Dei
2690 2850 3011 2903 iracundiam
3060 2848 3504 2915 demonstrantes,

1946 2926 2003 2970 ut
2055 2918 2225 2987 adhuc
2274 2918 2569 2971 viventibus
2636 2919 2807 2985 impiis
2869 2935 3028 2985 super
3091 2930 3328 2985 terram,
3393 2919 3505 2987 jam

1946 2997 2131 3055 gustus
2157 2986 2311 3040 detur
2338 2988 2671 3041 infernalium
2715 2988 3065 3041 tenebrarum.
3097 2988 3218 3042 Sive
3246 2988 3365 3051 hoc,
3393 2986 3507 3042 Sive

1946 3057 2034 3109 illo
2054 3057 2232 3121 modo,
2253 3058 2442 3111 merito
2464 3073 2565 3111 nox
2589 3059 2941 3110 interveniens
2963 3058 3098 3110 inter
3113 3058 3252 3111 diem
3274 3068 3324 3111 et
3341 3059 3505 3122 diem,

1945 3126 2215 3193 przedicet,
2243 3127 2361 3193 quia
2385 3140 2499 3195 post
2522 3127 2783 3179 modicum
2804 3140 2939 3179 nova
2966 3127 3079 3180 dies
3104 3128 3509 3181 resurrectionis

1946 3205 2028 3248 est
2048 3198 2332 3247 nascitura.
2360 3197 2631 3249 Dividctor
2651 3198 2812 3259 enim,
2833 3212 2897 3250 ne
2921 3198 3068 3250 istius
3094 3198 3269 3250 saeculi
3289 3206 3342 3249 et
3366 3197 3508 3250 illius

1946 3280 2047 3317 una
2078 3266 2315 3317 videatur
2340 3281 2456 3319 esse
2487 3276 2689 3319 natura.
2722 3267 2869 3320 Sicut
2896 3267 3034 3319 enim
3065 3280 3246 3320 onmes
3268 3266 3507 3319 carnales

1946 3334 2219 3395 morimur,
2250 3343 2305 3386 ut
2334 3338 2630 3403 spirituales
2659 3352 2932 3404 surgamus
2962 3353 2975 3389 :
3005 3336 3081 3389 sic
3106 3347 3158 3388 et
3180 3337 3266 3389 illa
3286 3334 3397 3389 dies
3420 3344 3503 3389 te-

1947 3404 2125 3456 nebris
2179 3404 2509 3458 interciditur
2558 3408 2701 3473 quasi
2751 3407 2976 3473 quadam
3031 3416 3219 3470 morte,
3273 3416 3324 3458 ut
3373 3420 3509 3458 nova

1946 3473 2137 3526 iterum
2169 3484 2495 3527 renascatur.
2526 3476 2630 3527 Ant
2650 3484 2792 3527 certe
2819 3478 2937 3542 quia
2956 3476 3293 3543 spiritualiter
3321 3474 3511 3543 iniqui-

1948 3490 2137 3526 nerutn
2169 3490 2495 3527 renascatur.
2526 3490 2630 3527 Atil.
2650 3490 2792 3527 certe
2819 3492 2937 3542 quia
2956 3492 2979 3527 s
3025 3490 3293 3529 irttuanter
3321 3490 3511 3543 unqui-

1948 3551 2029 3595 tas
2067 3557 2167 3595 nox
2194 3544 2517 3611 intelligitur,
2544 3545 2743 3611 justitia
2770 3557 2942 3596 autem
2974 3490 3105 3599 dies.
3142 3544 3216 3599 Ex
3243 3546 3511 3598 nativitate

1946 3621 2124 3666 autem
2150 3611 2345 3665 Christi
2376 3616 2459 3667 lux
2493 3625 2602 3666 orta
2631 3626 2731 3676 est,
2761 3614 2969 3667 dicente
2996 3616 3246 3682 propheta
3272 3632 3285 3667 :
3319 3613 3395 3665 Ad
3425 3629 3511 3665 ve-

1946 3697 2149 3746 sperum
2200 3683 2535 3733 demorabitur
2585 3685 2752 3746 fletus,
2792 3692 2835 3735 et
2880 3684 2945 3733 ad
2992 3686 3284 3735 matutinum
3339 3683 3513 3735 lwtitia

1948 3750 2119 3817 (Psal.
2145 3751 2233 3804 29.
2258 3753 2335 3819 6).
2365 3752 2513 3803 Mane
2539 3750 2732 3804 Christi
2765 3763 2968 3819 tempus
2994 3764 3226 3805 vocatur.
3254 3753 3377 3806 llaec
3396 3753 3511 3804 dies

1942 3820 2159 3889 justitia:
2191 3822 2241 3873 itt
2287 3822 2427 3872 exitu
2460 3822 2637 3873 tnundi
2684 3822 2879 3881 linitur,
2911 3822 3237 3887 iniquitatum
3268 3831 3322 3874 ct
3363 3835 3513 3874 erro-

1950 3906 2064 3942 rtttn
2098 3890 2327 3942 tenebris
2360 3891 2654 3942 obscurata.
2687 3891 2759 3943 De
2785 3906 2884 3956 qua
2926 3900 2978 3943 et
3011 3892 3257 3943 Dominus
3286 3890 3350 3943 ad
3378 3906 3511 3959 apo-

1949 3961 2113 4013 stolos
2154 3959 2276 4012 dicit
2302 3976 2315 4010 :
2347 3959 2608 4012 Ambulate
2634 3960 2749 4011 dum
2788 3962 2951 4011 lumen
2998 3959 3202 4022 habetis,
3232 3976 3291 4012 ne
3315 3976 3404 4013 vos
3443 3971 3515 4013 te-

1950 4029 2114 4081 nebrw
2139 4028 2556 4096 comprehendunt
2588 4029 2761 4097 (Joan.
2786 4029 2870 4080 l9...
2902 4029 3013 4096 55).
3036 4028 3128 4081 Sol
3148 4030 3512 4095 obscurabitur,

1951 4099 2001 4151 id
2044 4109 2144 4160 est,
2177 4100 2358 4151 notitia
2391 4098 2582 4151 Christi
2612 4099 2800 4152 silebit.
2847 4097 2991 4149 Luna
3032 4114 3130 4150 non
3172 4099 3306 4150 dabit
3349 4102 3514 4153 lumen

1950 4184 2115 4232 suum,
2147 4169 2195 4220 id
2227 4178 2324 4230 est,
2363 4168 2596 4221 ECCiealil
2622 4169 2912 4221 sanctitatis
2951 4182 3058 4220 sua:
3083 4168 3377 4222 claritatem
3409 4185 3515 4223 non

1951 4238 2351 4291 demonstrabit.
2401 4238 2575 4290 Stellae
2617 4238 2795 4289 cadent
2838 4238 2900 4288 de
2942 4239 3082 4299 caelo,
3113 4238 3164 4290 id
3190 4249 3290 4300 est,
3317 4239 3405 4304 qui
3434 4240 3515 4289 vi-

1952 4308 2141 4359 detttnr
2183 4310 2347 4358 sancti
2380 4306 2847 4373 transgredientttr,
2876 4316 2931 4358 ct
2955 4307 3145 4359 cadent
3172 4307 3238 4358 de
3263 4308 3518 4373 dignitate

1952 4376 2167 4428 crelesti.
2202 4376 2329 4427 Nam
2378 4376 2516 4443 quod
2552 4376 2617 4427 de
2642 4375 2850 4427 diabolo
2875 4376 3070 4427 dictum
3118 4386 3217 4437 est,
3254 4379 3519 4437 Quomodo

1952 4445 2127 4496 cecidit
2156 4443 2355 4512 Lucifer
2389 4448 2449 4495 de
2484 4445 2625 4507 caelo,
2657 4446 2740 4511 qui
2768 4460 2911 4495 mune
2946 4444 3193 4496 oriebatur
3240 4443 3389 4514 (lsui.
3428 4449 3515 4499 Η.

1954 4514 2087 4579 12)?
2131 4519 2206 4565 sic
2258 4515 2667 4581 interpretantur
2697 4514 2940 4580 apostoli,
2967 4514 3046 4566 vel
3098 4522 3284 4574 sancti,
3315 4530 3419 4567 non
3452 4519 3516 4569 de

1952 4584 2228 4636 altitudine
2255 4586 2368 4636 carli
2400 4583 2465 4635 ad
2513 4592 2725 4646 teriam,
2757 4582 2847 4635 sed
2895 4583 2960 4635 de
2989 4584 3222 4651 angelica
3264 4583 3518 4651 dignitate

1954 4653 2019 4705 ad
2074 4654 2411 4721 ignominiam
2445 4654 2795 4706 tenebrarum.
2826 4652 3098 4718 Quomodo
3142 4660 3316 4705 autem
3368 4654 3549 4705 mulli

1958 4724 2407 4787 transgredientur
2435 4721 2876 4783 Christianorum,
2907 4724 3167 4789 signiﬁcat
3205 4723 3417 4775 Daniel:
3451 4722 3517 4773 Et

1956 4792 2017 4843 de
2044 4791 2273 4855 eruditis,
2302 4792 2487 4861 inquit,
2519 4792 2693 4845 cadent
2724 4792 2865 4843 multi
2912 4794 3068 4858 (Uan.
3116 4792 3200 4845 ll.
3227 4792 3339 4859 35).
3370 4791 3519 4845 Sient

1955 4876 2082 4929 ergo
2112 4870 2394 4928 tempestas
2421 4866 2639 4915 suscitat
2681 4862 2876 4925 nubila,
2906 4862 3080 4916 nubila
3105 4872 3279 4916 autem
3320 4876 3515 4928 coepe-

1956 4933 2096 4985 riunt
2141 4930 2352 4984 solem:
2406 4934 2482 4985 sic
2534 4932 2810 4997 impiorum
2871 4934 3205 5000 persequutio
3245 4931 3518 4985 suscitabit

1959 5002 2450 5069 transgressionem,
2506 5001 2851 5067 transgressio
2893 5010 3069 5055 autent
3109 5001 3517 5055 Christianitatis

1957 5071 2255 5123 obscurabit
2305 5071 2612 5123 candorem.
2667 5070 2814 5122 L'nde
2866 5075 3117 5139 propheta
3170 5071 3295 5123 dicit
3335 5072 3381 5121 in
3412 5069 3517 5121 alio

1958 5140 2104 5193 loco:
2132 5140 2224 5192 Sol
2253 5150 2555 5191 convertetur
2582 5140 2633 5208 in
2660 5140 2900 5205 tenebras,
2925 5152 2968 5193 et
2998 5142 3118 5194 luna
3144 5141 3195 5191 in
3223 5140 3518 5208 sanguinem

1962 5210 1979 5276 (
2005 5208 2118 5261 Joel
2145 5209 2198 5261 2.
2246 5210 2331 5276 51)
2359 5226 2371 5259 :
2406 5209 2455 5260 id
2486 5216 2582 5269 est,
2620 5207 2872 5273 Ecclesia,
2900 5220 2988 5263 aut
3016 5218 3227 5277 propter
3252 5207 3545 5263 assiduam-

1957 5281 2273 5332 occisionem
2300 5288 2621 5339 sanctorum,
2646 5288 2735 5329 aut
2761 5281 2879 5346 quia
2904 5281 2999 5346 ipsi
3028 5279 3308 5332 Christiani
3334 5288 3519 5333 contra

1953 5347 2209 5414 justitiam
2236 5347 2641 5399 Christianitatis
2670 5348 2805 5400 inter
2844 5350 3045 5415 seipsos
3076 5346 3309 5401 furentes
3349 5349 3517 5401 bella-

1959 5419 2105 5470 bunt.
2138 5416 2247 5468 lloc
2282 5427 2335 5469 et
2364 5417 2405 5467 si
2435 5416 2499 5467 de
2530 5427 2765 5479 tempore
2808 5418 3024 5469 lneresis
3070 5417 3225 5485 hujus
3266 5420 3519 5485 scriptum

1958 5485 2296 5589 intelligatur,
2324 5488 2703 5552 expositionem
2745 5487 2898 5537 habet
2925 5491 3343 5541 convenientem.
3373 5489 3519 5554 Quo-

1959 5554 2115 5589 onmln
2203 5554 2270 5589 In"
2306 5568 2409 5589 mm
2439 5555 2654 5589 nlitinnit
2701 5554 2912 5589 lia-nni:
2947 5558 3038 5589 iul!)
3071 5567 3305 5589 ειηιιιιιηη
3339 5559 3519 5589 L‘nnln-

1958 5554 2155 5607 modo?
2201 5554 2275 5605 Ex
2306 5568 2409 5622 quo
2439 5555 2661 5607 obtinuit
2701 5554 2914 5607 lia-resis
2946 5558 3039 5608 ista
3071 5567 3306 5610 Sanctum
3339 5559 3522 5610 Eccle-

1958 5624 2049 5677 sia:
2080 5624 2272 5687 locum,
2313 5624 2459 5690 quasi
2503 5623 2817 5675 abominatio
2858 5623 3216 5690 desolationis,
3266 5636 3320 5680 et
3363 5628 3523 5680 Atili.-

1959 5692 2153 5748 Cltristi
2182 5695 2443 5748 exercitus
2489 5694 2790 5758 constituta,
2820 5692 3014 5749 Christi
3050 5696 3177 5752 solis
3215 5699 3406 5752 veritas
3435 5702 3520 5752 est
