4128 6512
605 365 717 422 919

604 467 917 521 obscurata:
949 464 1179 520 Ecclesia
1208 463 1325 519 ﬁdei
1367 477 1475 518 sua:
1504 464 1837 531 Splendorcm
1878 478 1981 517 non
2009 464 2179 533 potuit

609 541 741 592 dare
782 536 1017 599 clarum,
1058 546 1111 588 et
1152 535 1445 604 Christiani
1474 534 1656 599 multi,
1689 535 1780 604 qui
1819 545 1969 587 erant
2013 534 2181 587 stellte

612 606 975 667 rationabiles,
1006 605 1308 658 ceciderunt
1352 620 1381 658 a
1425 603 1760 659 ﬁrmamento
1790 605 2180 669 Scripturarum

610 685 934 731 sanctarum.
969 674 1053 729 50.
1095 673 1239 728 Tunc
1275 676 1535 741 apparebit
1586 675 1781 744 signum
1817 674 1935 727 Filii
1972 675 2186 744 hominis

611 750 668 800 in
698 747 840 800 creto.
870 744 1091 811 Quidam
1135 755 1317 813 putant
1345 759 1555 798 crucem
1582 743 1775 799 Christi
1803 743 2183 798 ostendendam

613 831 737 872 esse
781 816 831 869 itt
860 815 991 867 caelo
1022 816 1248 883 :vcrius
1293 824 1467 867 autem
1498 824 1596 877 est,
1626 816 1793 883 ipsum
1834 814 2100 868 Christum
2133 814 2184 866 in

614 900 838 953 corpore
864 899 959 937 suo
987 882 1265 937 habentem
1309 886 1605 938 testimonia
1650 882 1946 953 passionis:
2001 883 2053 937 id
2082 893 2185 953 est,

615 951 836 1009 vulnera
869 954 1066 1007 lancem
1090 965 1142 1007 et
1169 955 1471 1016 clavorum;
1508 963 1563 1007 ut
1591 951 1869 1022 impleatur
1898 954 2025 1008 illud
2048 951 2186 1022 quod

617 1024 817 1079 dictum
844 1032 946 1089 est,
982 1022 1046 1076 Et
1090 1024 1318 1094 videbunt
1343 1025 1394 1076 in
1423 1040 1565 1093 quem
1594 1034 1913 1094 pupugerunt
1953 1023 2185 1093 (Apocal.

620 1096 672 1148 1.
703 1096 778 1161 7).
802 1094 1033 1161 Denique
1063 1096 1113 1145 In
1142 1108 1244 1161 quo
1272 1093 1647 1215 loco‘prtesens
1670 1095 1992 1164 evangelista
2018 1094 2186 1161 ponit,

620 1165 843 1215 dicens:
876 1163 1144 1215 Apparebit
1169 1164 1365 1215 sianum
1444 1165 1518 1215 ilii
1544 1164 1757 1215 hominis
1784 1180 1802 1215 :
1843 1164 1929 1215 alii
1960 1178 2186 1215 evanue-

620 1165 843 1233 dicens:
876 1163 1144 1233 Apparebit
1169 1164 1365 1232 signum
1396 1163 1518 1217 Filii
1544 1164 1757 1217 hominis
1784 1163 1929 1233 {alii
1960 1178 2191 1231 evange-

619 1235 757 1288 lista:
788 1232 887 1287 hoc
906 1231 1075 1286 selum
1096 1231 1343 1287 dixerunt
1369 1249 1382 1285 :
1411 1233 1474 1286 Et
1502 1234 1731 1286 videbunt
1764 1231 1954 1286 Filium
1976 1234 2190 1286 hominis

622 1302 897 1373 venientem
941 1300 1373 1373 (Marc.1@_26.
1420 1312 1465 1356 et
1510 1303 1636 1356 Luc.
1669 1303 1909 1373 21.27):
1952 1304 2190 1373 videlicet

617 1370 962 1427 ostendentes
984 1372 1189 1441 signum
1210 1370 1404 1426 Christi
1427 1387 1545 1427 esse
1568 1374 1737 1441 ipsum
1763 1370 1955 1441 corpus
1970 1372 2189 1434 Christi,

618 1444 710 1510 qui
740 1444 792 1512 in
820 1442 971 1512 signo
997 1441 1236 1512 corporis
1262 1443 1342 1496 sui
1372 1443 1770 1512 cognoscendus
1799 1452 1900 1507 est,
1932 1459 1960 1497 a
2002 1442 2192 1511 quibus

619 1510 906 1566 cruciﬁxus
930 1519 1030 1581 est.
1060 1510 1212 1581 Unde
1252 1511 1303 1564 in
1331 1510 1553 1567 Actibus
1581 1512 1644 1565 ad
1674 1512 1943 1581 apostolos
1970 1510 2191 1581 angelus

620 1583 698 1635 sic
724 1582 852 1635 dicit
877 1598 889 1634 :
920 1579 1216 1644 Hic'Jesus,
1241 1582 1325 1649 qui
1356 1591 1578 1649 receptus
1602 1592 1673 1635 est
1702 1579 1733 1635 a
1760 1582 1914 1647 vobis,
1938 1584 2010 1635 sic
2036 1579 2194 1635 ueniet

620 1652 824 1721 iterum,
857 1651 1274 1721 quemadmodum
1305 1652 1497 1705 vidistis
1533 1668 1645 1704 eum
1692 1662 1890 1706 euntem
1935 1653 1988 1704 in
2015 1652 2193 1706 ca’lum

623 1721 760 1787 (Act.
807 1719 876 1773 i.’
907 1719 1018 1787 Η).
1063 1719 1177 1774 Non
1223 1720 1300 1774 sic
1348 1730 1583 1789 portatus
1630 1723 1680 1774 in
1730 1722 1817 1775 tali
1872 1721 2051 1775 nube:
2096 1737 2193 1776 nec

623 1791 766 1843 enim
787 1804 906 1843 cum
940 1790 1216 1860 taligloria
1246 1790 1502 1854 ascendit,
1534 1805 1650 1843 cum
1674 1792 1812 1860 quali
1838 1799 2089 1846 venturus
2112 1802 2192 1844 est

617 1860 861 1927 judicare
904 1877 918 1913 :
962 1858 1176 1924 sed,Sic
1205 1860 1359 1912 veniet
1380 1902 1394 1924 ,
1426 1860 1525 1913 hoc
1549 1868 1647 1924 est,
1677 1858 1916 1915 similiter
1944 1875 2063 1914 cum
2093 1860 2193 1915 hoc

623 1943 848 1997 corpore
868 1968 887 1999 ,
939 1942 1060 1982 cum
1089 1943 1192 1991 quo
1222 1929 1477 1983 ascendit.
1524 1928 1683 1983 Vides
1710 1946 1860 1999 ergo,
1894 1931 2015 1998 quia
2045 1931 2194 1999 quasi

619 2000 829 2068 signum
849 1998 1005 2068 datur
1024 1999 1275 2065 apostolis
1290 2013 1480 2068 corpus
1500 2000 1635 2067 ejus,
1662 1998 1845 2055 dicens
1869 2018 1880 2052 :
1904 2001 1991 2054 Sic
2014 1998 2189 2053 veniet.

709 2067 928 2120 Vulnera
966 2066 1193 2121 Christus
1213 2084 1368 2136 quare
1387 2066 1622 2122 servavit.
1645 2098 1713 2108 —
1739 2070 1827 2124 Vis
1855 2080 2029 2124 autem
2060 2071 2195 2124 scire

628 2137 749 2206 quia
794 2138 860 2190 ad
892 2138 1096 2207 signum
1148 2136 1407 2207 passionis
1442 2154 1551 2192 sum
1592 2138 1806 2194 vulnera
1835 2140 2073 2207 corporis
2114 2140 2193 2193 stti

623 2208 891 2260 servavit?
945 2206 1079 2275 Audi
1150 2206 1269 2275 post
1322 2209 1762 2262 resurrectionem
1814 2209 2078 2263 dicentem
2128 2210 2193 2263 ad

629 2276 888 2330 Thomam
924 2293 938 2328 :
972 2274 1128 2347 Iit/er
1154 2274 1383 2347 tdigitum
1429 2286 1568 2330 tuum
1618 2279 1728 2341 huc,
1774 2290 1820 2331 et
1862 2280 1974 2331 vide
2018 2295 2195 2333 manus

625 2362 762 2399 meas
790 2361 810 2398 :
835 2354 881 2397 et
922 2344 1279 2409 aﬂ'er‘ntnnuiu
1305 2356 1463 2410 tuam,
1505 2357 1551 2399 et
1576 2348 1712 2401 mitte
1738 2349 1791 2401 in
1838 2349 1967 2401 latus
2008 2364 2191 2414 meum,

628 2425 672 2466 et
700 2415 805 2468 noli
828 2430 932 2468 esse
967 2415 1274 2478 incredulus,
1303 2416 1390 2469 sed
1414 2416 1581 2487 ﬁdelis
1619 2417 1794 2487 (Joan.
1836 2418 1923 2473 90.
1954 2419 2065 2486 37).
2095 2417 2193 2483 Qui

627 2494 1117 2556 mortunmcorpus
1147 2500 1298 2539 suum
1326 2486 1618 2550 suscitavit,
1652 2490 1737 2556 qui
1770 2487 1885 2541 tulit
1904 2497 2102 2542 costam
2127 2488 2195 2543 de

632 2555 795 2605 latere
843 2553 990 2625 Adre,
1028 2564 1081 2608 et
1113 2555 1375 2623 supplevit
1424 2553 1681 2611 carnemi
1729 2558 1980 2625 numquid
2035 2559 2192 2611 etiam

631 2639 735 2675 non
766 2624 935 2695 potuit
964 2638 1154 2693 corpus
1184 2638 1335 2695 suum
1386 2640 1593 2691 sanare,
1622 2634 1675 2679 et
1719 2624 1979 2695 integrum
2023 2629 2196 2681 susci-

632 2639 735 2675 non
765 2638 935 2742 potuit
964 2638 1154 2693 corpus
1184 2638 1335 2677 suum
1386 2640 1593 2691 sanare,
1622 2638 1675 2679 et
1719 2638 1979 2695 ttttegrum
2023 2638 2194 2681 susci-

632 2703 746 2746 tare
816 2692 917 2745 Sed
949 2706 1139 2761 corpus
1164 2694 1371 2761 quidem
1414 2695 1703 2757 suscitavit,
1748 2698 1967 2750 vulnera
2018 2707 2194 2751 autem

633 2762 748 2829 ejus
778 2762 1030 2823 servavit,
1056 2771 1113 2815 ut
1139 2761 1189 2814 in
1214 2763 1301 2816 die
1325 2762 1504 2830 judicii
1530 2763 1838 2831 proﬁcerent
1868 2765 1931 2818 ad
1962 2768 2198 2820 tesﬁmo—

630 2832 774 2884 nium
808 2831 1094 2904 passionis
1111 2840 1291 2904 contra
1319 2832 1562 2904 dudmos,
1596 2843 1651 2887 et
1682 2849 1885 2897 omnes,
1915 2836 2001 2904 qui
2030 2835 2195 2889 dene-

629 2908 815 2971 gantes
848 2899 1034 2952 Filium
1069 2901 1157 2954 Dei
1187 2901 1500 2954 cruciﬁxum
1534 2903 1584 2956 in
1629 2918 1873 2970 corpore,
1904 2899 2193 2971 judaizant.

634 2970 918 3040 l‘rOpterea
950 2970 1098 3039 quasi
1116 2971 1427 3040 mmanifesto
1468 2972 1619 3040 signo
1649 2970 2023 3027 convenienter
2068 2976 2194 3027 sub-

629 3041 818 3108 jungit,
848 3039 1030 3092 dicens
1060 3056 1073 3091 :
1110 3039 1248 3092 Tunc
1278 3039 1536 3107 plangent’
1556 3058 1610 3095 se
1634 3059 1803 3095 omnes
1846 3043 2000 3096 tribus
2027 3052 2191 3098 terra.

636 3109 899 3176 l‘langent
921 3109 1060 3162 enim
1089 3122 1147 3164 se
1175 3109 1361 3171 Judaei,
1387 3111 1626 3165 videntes
1654 3112 1914 3166 viventem
1943 3123 1995 3167 et
2022 3112 2195 3166 viviﬁ-

633 3186 864 3249 cantem,
889 3192 1042 3246 quem
1072 3180 1219 3247 quasi
1249 3178 1514 3233 hominem
1544 3190 1807 3237 mortuum
1839 3182 2192 3249 azstimabant,

634 3259 689 3299 et
715 3247 1090 3302 convincentes
1134 3262 1191 3301 se
1218 3263 1442 3316 corpore
1490 3251 1782 3315 vulnerato,
1825 3253 1998 3305 scelus
2041 3247 2192 3305 suum

632 3316 1027 3389 denegaregnon
1056 3317 1613 3389 poterunt._Plangent
1652 3334 1710 3374 se
1743 3329 1790 3374 et
1820 3322 2063 3389 gentiles,
2104 3321 2193 3389 qni

634 3385 1265 3458 vanisphilosophorum
1312 3385 1752 3455 disputationibus
1779 3385 2006 3458 decepti,
2058 3385 2194 3443 irra-

636 3454 936 3509 tionabilem
966 3456 1235 3508 stultitiam
1265 3454 1576 3523 putarerunt
1617 3473 1770 3523 esse,
1818 3454 1981 3513 Deum
2019 3459 2194 3514 colere

632 3523 962 3595 cruciﬁxum,
982 3534 1035 3595 et
1054 3524 1355 3595 detulerunt
1379 3536 1633 3580 creatura:
1660 3528 1879 3595 gloriam
1906 3528 2191 3584 Creatoris.

635 3594 840 3660 Lugent
888 3592 1256 3665 et_Christiani
1306 3606 1627 3665 peccatores,
1658 3592 1746 3665 qui
1780 3596 1945 3663 magis
1988 3596 2197 3651 dilexe-

634 3670 759 3715 runt
807 3662 1079 3725 mundum,
1114 3676 1268 3729 quam
1300 3663 1581 3728 Christum,
1617 3662 1734 3719 cu'tn
1775 3662 2035 3720 audierint
2074 3680 2192 3720 emn

636 3731 749 3805 haec
776 3731 935 3786 verba
966 3730 1225 3805 dicentem
1250 3732 1315 3785 ad
1361 3745 1419 3787 se
1450 3752 1463 3787 ε
1490 3734 1618 3805 ΔΒεζο
1660 3744 1884 3805 prOpter
1912 3749 2006 3805 vos
2036 3734 2194 3790 homo

635 3800 806 3854 factus
852 3815 989 3854 sum.
1040 3801 1262 3872 PrOpter
1310 3800 1713 3872 vos_allig‘atu’s,
1759 3800 1812 3859 et
1857 3804 2092 3865 delusus,
2140 3814 2194 3859 ct

632 3883 824 3933 caesus,
854 3878 907 3923 et
932 3869 1215 3925 cruciﬁxus
1241 3885 1377 3924 sum.
1410 3870 1507 3926 Ubi
1539 3869 1618 3926 est
1649 3882 1912 3928 tantarum
1956 3890 2190 3930 mearum

634 3938 948 4012 injttriarum
999 3939 1235 4012 fructus?
1284 3940 1421 4012 Ecce
1480 3943 1703 4009 pretium
1748 3944 2017 4012 sanguinis
2065 3945 2187 4008 mei,

672 4023 790 4061 nem
834 4007 953 4062 dedi
999 4024 1093 4074 pro
1140 4007 1499 4077 redemptione
1544 4007 2189 4066 animarum'vestrarnm.

672 4024 790 4061 nem
834 4024 953 4062 aeut
999 4024 1093 4074 pro
1140 4024 1499 4077 redemptione
1544 4026 1835 4065 animarum
1878 4024 2189 4066 vestrarum.

632 4024 733 4131 ὒὺί
762 4087 843 4130 est
870 4079 1095 4148 servitus
1127 4088 1317 4148 vestra,
1352 4094 1505 4146 quam
1551 4079 1676 4132 tnihi
1723 4096 1817 4147 pro
1862 4082 2031 4148 pretio
2073 4094 2195 4135 san-

632 4147 806 4217 guinis
845 4147 945 4200 mei
988 4146 1240 4217 debetis?
1287 4147 1393 4215 Ego
1420 4162 1577 4213 super
1618 4146 1834 4217 gloriam
1862 4146 2055 4202 meam
2100 4165 2193 4204 vos

636 4215 812 4278 habui,
844 4231 964 4269 cum
992 4231 1162 4269 essem
1196 4216 1349 4278 Deus,
1379 4215 1641 4283 apparens
1667 4217 1845 4278 homo,
1877 4227 1929 4272 et
1955 4218 2189 4273 viliorem

636 4298 721 4337 me
744 4285 987 4339 omnibus
1009 4285 1166 4339 rebus
1191 4286 1378 4339 vestris
1420 4285 1636 4339 fecistis.
1681 4286 1811 4340 Nam
1840 4302 2051 4340 omnem
2079 4304 2191 4341 rem

632 4353 941 4425 vilissimam
970 4363 1145 4425 terra;
1165 4355 1389 4422 amplius
1431 4354 1705 4425 dilexistis,
1738 4371 1895 4425 qttam
1935 4356 2189 4424 justitiam

635 4437 807 4502 meam
836 4432 889 4476 et
919 4423 1093 4506 ﬁdem.
1127 4422 1375 4506 Plangeut
1400 4439 1457 4506 se
1486 4422 1855 4506 htereti'c_i,‘qui
1882 4422 2071 4506 purum
2096 4426 2190 4480 ho-

634 4492 833 4563 minem
859 4491 1163 4546 cruciﬁxum
1188 4491 1452 4557 diserunt,
1475 4508 1591 4547 cum
1622 4491 1851 4548 viderint
1881 4491 2049 4563 ipsum
2072 4510 2190 4551 esse

630 4559 882 4628 judlcem,
915 4564 965 4615 in
1017 4576 1172 4632 quem
1224 4573 1639 4629 compunxerunt
1687 4559 2189 4632 JudmifQuomodo

632 4633 991 4699 enimiarguat
1032 4629 1242 4684 Judceos
1261 4632 1409 4699 quasi
1452 4632 1813 4688 interfectores
1851 4629 1967 4690 Filii
2003 4635 2113 4699 Dei,
2142 4635 2187 4689 si

632 4713 737 4752 non
764 4698 928 4753 Filius
956 4700 1069 4763 Dei,
1098 4700 1190 4753 sed
1236 4698 1396 4769 purus
1426 4701 1582 4755 homo
1626 4713 1706 4757 est
1751 4703 2071 4757 cruciﬁxus?
2103 4698 2188 4756 ’Et

631 4778 748 4841 tunc
770 4770 1003 4838 plangent
1023 4786 1075 4821 se
1100 4785 1267 4823 omnes
1288 4772 1445 4841 tribus
1471 4782 1630 4838 terrm,
1646 4774 1765 4841 quia
1797 4788 1891 4827 nec
1910 4773 2185 4826 resistendi

628 4838 800 4910 virtus
826 4848 906 4910 est
929 4848 1108 4892 contra
1134 4854 1279 4902 eum,
1302 4848 1355 4893 et
1383 4839 1610 4910 fugiendi
1653 4838 1790 4896 nulla
1824 4842 2041 4895 facultas
2065 4851 2187 4895 ante

631 4905 821 4979 faciem
848 4908 982 4973 ejus,
1010 4922 1106 4979 nec
1145 4905 1468 4975 pmnitentité
1494 4910 1638 4964 locus
1668 4928 1679 4963 :
1712 4926 1775 4964 ex
1802 4911 2043 4979 angustia
2066 4923 2184 4962 om-

630 4976 775 5047 nium
814 4990 993 5030 rerum
1019 4977 1143 5030 nihil
1165 4981 1241 5033 eis
1269 4988 1505 5033 remanet
1533 4988 1722 5047 praeter
1759 4976 1973 5032 luctum.
2001 4978 2186 5032 Merito

631 5046 883 5116 plangent
913 5060 990 5116 se,
1025 5048 1143 5113 quia
1172 5058 1293 5100 tunc
1318 5063 1487 5116 neque
1515 5049 1750 5116 pecunia:
1778 5048 2025 5101 divitibus
2058 5062 2181 5114 pro-

633 5124 760 5185 sunt
809 5114 875 5168 ad
923 5115 1308 5185 eleemosynam
1361 5114 1667 5181 faciendam,
1722 5131 1892 5185 neque
1940 5124 2184 5185 parentes

626 5183 767 5255 justi?
806 5199 902 5252 pro
950 5183 1250 5255 parentibus
1273 5184 1619 5255 intercedunt,
1652 5183 1823 5255 neque
1869 5183 1965 5253 ipsi
2008 5185 2181 5254 angeli

631 5252 727 5321 pro
758 5254 1077 5316 hominibus,
1102 5252 1519 5323 sicutisolebant,
1549 5252 1749 5308 faciunt
1778 5252 1992 5309 verbum
2019 5270 2033 5308 :
2060 5252 2179 5323 quia

630 5338 735 5375 non
786 5323 973 5388 recipit
1015 5331 1196 5376 natura
1232 5322 1413 5388 judicii
1457 5324 1885 5387 misericordiam,
1911 5325 2045 5378 sicut
2079 5322 2181 5379 nec

632 5402 841 5461 tempus
886 5391 1591 5461 misericordiaejudicium,
1635 5393 1840 5447 dicente
1889 5392 2175 5461 prOpheta:

632 5460 1029 5529 Misericordiam
1056 5473 1104 5515 et
1121 5460 1371 5529 judicium
1398 5460 1603 5512 cantabo
1630 5462 1733 5525 tibi,
1761 5461 1974 5514 Domine
2005 5461 2174 5528 (Psal.

632 5528 1216 5597 100.1).Misericordia
1242 5529 1291 5582 in
1316 5529 1471 5597 priori
1490 5529 1995 5595 adventu,judicium
2020 5532 2069 5582 in
2092 5543 2177 5583 se-

632 5597 828 5652 cundo.
856 5596 906 5649 lu
939 5599 1095 5666 priori
1120 5601 1366 5662 adventu,
1399 5597 1689 5666 volentibus
1717 5600 1966 5666 apostolis
2004 5598 2174 5666 ignem

627 5666 695 5735 de
721 5668 851 5721 ctelo
872 5664 1154 5735 deponere,
1184 5667 1313 5720 dixit
1344 5684 1359 5719 :
1401 5664 1618 5719 Nescitis
1643 5664 1788 5735 cujus
1813 5668 2013 5735 spiritus
2030 5664 2172 5721 estis.

634 5734 681 5796 Γ
684 5738 799 5794 ilius
837 5737 965 5794 enim
997 5736 1207 5795 hominis
1253 5752 1351 5789 non
1392 5734 1765 5807 unitjttdicarc
1805 5734 2062 5802 mundum,
2086 5736 2175 5790 sed

1832 347 2005 404 Ol’US
2042 343 2525 403 IMPERFECTUM

3754 377 3871 430 920

2294 456 2667 529 salvarelLuc.
2700 459 2752 513 9.
2784 459 2872 515 55.
2901 458 3012 529 56).
3044 460 3117 516 Dc
3155 463 3388 518 secundo
3407 474 3581 517 autem
3608 465 3685 519 sic
3706 464 3838 521 dicit
3866 484 3881 520 :

2295 528 2433 582 Nam
2478 527 2643 603 Filius
2686 530 2900 603 hominis
2939 527 3175 603 venietin
3217 535 3479 603 majestate
3510 533 3679 588 Patris
3704 539 3808 603 sui,
3840 546 3889 590 et

2292 608 2413 673 tunc
2441 598 2612 673 reddet
2638 600 2904 673 unicuique
2932 600 3207 673 secundum
3249 598 3403 669 opera
3445 605 3574 673 ejus.
3629 605 3693 658 Et
3734 598 3885 661 vitle-

2292 668 2412 721 bunt
2458 667 2647 721 Filium
2698 667 2917 723 hominis
2965 671 3236 724 venientem
3276 667 3329 725 in
3378 667 3590 728 nubibus
3620 678 3731 729 corlt
3764 694 3884 730 cum

2292 740 2473 812 virtute
2500 748 2546 791 et
2575 740 2739 808 gloria
2776 741 2934 792 multa
2962 740 3172 808 (Matth.
3203 742 3289 797 16.
3319 743 3433 812 27).
3479 745 3565 798 31.
3610 743 3678 797 Et
3719 749 3883 801 mittet

2292 809 2498 885 angelos
2527 825 2641 885 suos
2669 825 2781 862 cum
2809 812 2928 862 tuba
2963 821 3008 863 et
3032 827 3147 885 voce
3164 829 3375 885 magna,
3398 809 3463 885 vet
3502 820 3882 885 cougregobunt

2293 880 2474 932 electos
2499 880 2608 947 ejus
2648 896 2699 951 an
2720 890 2933 947 quatuor
2961 882 3137 934 uentis.
3158 882 3214 936 Si
3256 880 3470 951 quando
3511 880 3879 942 rex'lerrenus

2296 962 2611 1026 processum
2636 949 2862 1018 aliquem
2906 959 2998 1004 aut
3024 949 3417 1019 expeditiunem
3448 954 3663 1026 mandat
3693 957 3747 1010 in
3778 972 3881 1026 po-

2298 1018 2439 1087 pulo,
2472 1017 2754 1087 dignitates
2783 1035 2969 1073 omnes
2996 1017 3296 1085 moventur,
3325 1036 3379 1077 et
3405 1025 3671 1077 exercitus
3714 1017 3881 1081 es'er-

2295 1089 2506 1163 _cita_tur,
2538 1099 2643 1142 tota
2684 1089 3085 1163 civitas_fervet
3113 1108 3131 1163 τί
3153 1101 3352 1160 quanto
3399 1092 3566 1160 magis
3596 1094 3739 1163 Rege
3772 1112 3883 1151 ca:-

2296 1156 2416 1211 lesti
2446 1169 2765 1227 exsurgente
2806 1158 3047 1226 judicare
3087 1156 3233 1215 vivos
3275 1171 3329 1215 et
3357 1156 3616 1228 mortuos,
3653 1156 3885 1220 virtutes

2296 1227 2549 1295 angelicae
2588 1231 3029 1283 commoventur?
3074 1230 3359 1286 Terribiles
3404 1227 3630 1287 ministri
3666 1238 3885 1289 terribi-

2299 1296 2482 1368 liorem
2518 1297 2795 1351 Dominum
2844 1299 3191 1368 procedentes
3224 1319 3236 1355 :
3268 1301 3553 1357 Cherubim
3603 1312 3658 1358 et
3707 1306 3881 1359 Sera-

2297 1366 2441 1435 phim
2495 1366 2861 1435 praeparentur
2902 1370 2966 1421 ad
3013 1370 3191 1425 sedem
3236 1373 3412 1435 unius,
3439 1382 3493 1427 et
3544 1374 3883 1430 rationabilis

2299 1435 2521 1489 thronus
2571 1437 2741 1490 vivam
2808 1440 3117 1506 sapientiam
3177 1450 3501 1509 portaturus.
3562 1442 3672 1497 Nec
3732 1447 3882 1498 enim

2298 1514 2474 1587 potest
2518 1520 2638 1560 esse
2685 1520 3047 1587 re_s_mo_rtu_a,
3078 1526 3198 1579 quas
3234 1511 3453 1587 _hajulat
3498 1512 3684 1587 vitam.
3738 1517 3885 1570 Ante

2298 1578 2467 1653 ipsum
2491 1590 2591 1653 pro
2619 1578 2950 1653 candelabris
2977 1578 3327 1653 htlguraviva
3346 1582 3668 1649 prmeedeut,
3694 1592 3751 1637 et
3782 1600 3883 1653 pro

2300 1645 2441 1721 tubis
2487 1648 2748 1721 horrentia
2795 1645 3255 1721 tonitrtta.'Qttalis
3296 1645 3409 1714 rex,
3440 1653 3558 1705 talis
3587 1661 3641 1705 et
3674 1645 3885 1721 praeba-

2300 1716 2437 1787 ratio
2462 1715 2623 1787 regis.
2654 1715 2789 1771 Vere
2819 1733 3007 1787 magna
3050 1715 3150 1772 vox
3183 1720 3321 1774 tubre
3343 1721 3612 1783 terribilis,
3639 1715 3723 1774 citi
3754 1715 3883 1776 0-m-

2299 1784 2383 1836 nia
2424 1785 2710 1858 obaudiunt
2738 1784 3021 1853 elementa,
3047 1803 3165 1857 qua:
3209 1798 3386 1858 petras
3431 1792 3642 1849 scindit.
3673 1793 3881 1846 inferos

2299 1855 2781 1930 aperit,_clansnras
2808 1855 3142 1930 tenebrarum
3169 1855 3475 1927 pertransit,
3498 1871 3677 1930 portas
3704 1878 3881 1917 aireaS

2298 1925 2545 2002 conterit,
2595 1925 3194 2002 vec_tes__adamantino§_
3212 1938 3265 1984 et
3308 1925 3513 2002 ferreus
3552 1933 3876 2002 confringet,

2299 1994 2508 2069 vincula
2549 1996 2734 2049 mortis
2772 1996 3055 2069 dirumpet,
3086 2008 3139 2051 et
3165 1998 3231 2053 de
3264 1998 3525 2066 profundo
3555 2000 3731 2069 abyssi
3762 1994 3880 2054 ani;

2300 2076 2413 2142 mas
2456 2062 2702 2119 liberatas
2746 2062 3054 2142 corporibus
3078 2069 3188 2121 suis
3215 2062 3465 2142 assignat.
3519 2062 3644 2123 time
3694 2073 3879 2125 omnia

2299 2138 2457 2186 citius
2483 2144 2759 2206 consumet
2804 2138 2852 2189 itt
2902 2151 3082 2204 opere,
3132 2152 3288 2204 quam
3336 2139 3524 2206 sagina
3580 2144 3771 2193 transit
3822 2142 3877 2193 iu

2299 2215 2443 2273 aere,
2474 2202 2683 2273 dicente
2698 2202 2951 2273 Apostolo
2980 2223 2992 2258 :
3024 2206 3089 2259 In
3118 2202 3466 2271 niomeutofin
3509 2209 3609 2260 ictu
3641 2211 3795 2269 oculi.
3822 2211 3881 2262 in

2300 2271 2757 2348 novissimatubai
2784 2274 2928 2348 Tuba
2952 2278 3084 2348 enim
3127 2287 3363 2348 constet
3401 2279 3585 2329 mortui
3613 2290 3879 2348 resurgens

2298 2340 2577 2415 incorrupti
2616 2343 2692 2411 (i.
2718 2343 2836 2399 Cor.
2870 2346 2950 2400 i5.
2984 2346 3099 2415 52).
3155 2346 3209 2399 In
3264 2346 3349 2399 illa
3382 2362 3509 2400 voce
3542 2350 3712 2415 pulvis
3757 2340 3875 2415 Iam

2298 2408 2583 2466 dissolutus
2626 2408 2914 2478 corporum
2961 2408 3286 2469 mortuorum
3341 2417 3391 2468 iu
3444 2408 3577 2469 nov'a
3630 2408 3873 2471 membra

2298 2483 2705 2554 constringitur._
2722 2482 2775 2537 In
2806 2485 2892 2538 illa
2918 2500 3047 2539 voce
3073 2487 3219 2554 quasi
3252 2501 3351 2537 una
3385 2502 3607 2553 persttna
3637 2488 3879 2542 obnoxia

2300 2556 2469 2623 totum
2500 2567 2645 2623 mare
2674 2552 2973 2618 discutitur,
3000 2566 3054 2607 ut
3084 2552 3125 2608 si
3166 2555 3288 2623 quid
3317 2552 3451 2622 apud
3493 2569 3552 2609 se
3578 2557 3771 2610 retinet
3802 2559 3873 2610 de

2303 2617 2544 2673 Immanis
2595 2623 2823 2685 ossibus,
2878 2624 2993 2678 sine
3034 2617 3451 2678 centradictione
3498 2626 3761 2679 restituat.
3813 2628 3875 2680 In

2300 2687 2387 2739 illa
2413 2704 2542 2743 voce
2570 2706 2599 2764 a_
2632 2702 2863 2759 quatuor
2890 2694 3123 2760 partibus
3153 2694 3332 2747 mundi
3382 2694 3599 2760 Spiritus
3640 2710 3873 2764 Congre-

2299 2768 2472 2829 gatur,
2513 2761 2601 2827 qni
2652 2764 2930 2815 resuscitet
2970 2764 3217 2829 populum
3261 2764 3639 2818 dormientem.
3681 2761 3773 2819 32:
3824 2768 3876 2820 Α

2339 2837 2593 2900 σημαιιιεηι
2629 2830 2803 2883 discite
2828 2830 3138 2900 parabolam.
3179 2833 3354 2898 Quare
3396 2848 3500 2889 non
3537 2849 3599 2886 ex
3631 2836 3750 2888 aliis
3775 2850 3869 2888 ar-

2320 2896 2533 2967 toribus,
2553 2900 2646 2952 sed
2674 2896 2843 2967 potius
2870 2901 2936 2955 de
2963 2903 3060 2955 ﬁcu
3091 2896 3251 2956 sumit
3277 2902 3675 2957 similitudinem
3705 2916 3871 2957 uasta-

2305 2965 2418 3043 tis?
2466 2966 2593 3033 Quia
2624 2965 2899 3043 pOSIquam
2930 2971 3295 3043 alia:_arbores
3334 2987 3555 3026 vernare
3582 2976 3869 3043 coeperint,

2300 3033 2598 3109 frequenter
2626 3033 2797 3092 evenit
2823 3049 2878 3093 ut
2907 3040 3165 3095 accedens
3210 3042 3370 3109 frigus
3412 3033 3868 3109 praecidut‘mstai

2300 3113 2427 3165 tem,
2472 3115 2524 3159 ct
2570 3108 2756 3161 iterum
2802 3111 3022 3165 arbores
3068 3108 3449 3164 indurescunt:
3480 3110 3608 3164 ﬁcus
3660 3122 3869 3171 autem,

2297 3175 2417 3246 quia
2459 3190 2590 3242 pene
2635 3188 2750 3245 post
2791 3194 2975 3232 omnes
3001 3179 3220 3233 arbores
3250 3189 3453 3242 vernat,
3484 3180 3698 3233 difﬁcile
3748 3190 3870 3246 post

2300 3242 2452 3317 ticum
2485 3242 2646 3317 frigus
2691 3249 2987 3302 intervenit.
3027 3249 3148 3302 Ideo
3178 3264 3303 3317 ergo
3329 3252 3406 3303 sic
3434 3242 3760 3311 comparata
3782 3259 3870 3304 est

2298 3312 2569 3386 Ecclesia‘
2599 3316 2671 3369 illi
2742 3318 2999 3386 tempori,
3059 3312 3271 3386 propter
3315 3317 3713 3373 indubitabilem
3762 3334 3867 3369 sm-

2298 3382 2400 3456 culi
2431 3385 2548 3437 novi
2573 3382 2876 3456 adventum.
2907 3382 3273 3456 Sed-qnm'est
3298 3388 3393 3442 ista
3418 3388 3734 3440 assimilatio
3765 3389 3870 3449 rei.

2297 3452 2585 3524 videamus.
2624 3454 2778 3508 Ficus
2810 3457 2946 3509 hono
2975 3452 3118 3510 verni
3150 3458 3403 3524 temporis
3444 3467 3867 3524 temperamento

2296 3520 2555 3597 mollescit
2594 3523 2841 3597 atl__folia,
2873 3526 3107 3597 Ecclesia
3138 3520 3310 3597 autem
3358 3520 3643 3582 miserabili
3677 3543 3867 3597 perse-

2298 3588 2546 3673 quutiolne
2584 3592 2774 3673 amicta
2804 3596 3222 3673 contpclliturad
3268 3606 3513 3673 mortem.
3543 3597 3653 3673 Sed
3678 3588 3866 3651 Domi-

2297 3671 2401 3735 nus
2426 3655 2605 3735 “hanc
2666 3655 3098 3735 assimilationem
3141 3663 3485 3735 iucunditatis
3514 3682 3577 3720 ex
3625 3666 3726 3720 ﬁcu
3755 3682 3865 3721 non

2295 3728 2359 3803 ad
2389 3726 2718 3803 amictionem
2749 3734 3082 3800 corporalem
3126 3726 3323 3801 retulit,
3356 3736 3448 3790 sed
3493 3736 3559 3788 ad
3605 3738 3865 3803 spiritua-

2296 3796 2717 3872 lemprofcctum
2750 3796 3061 3858 animarum.
3110 3805 3237 3858 Nam
3270 3796 3479 3872 quando
3498 3796 3731 3859 carnalia
3762 3808 3865 3858 ho-

2296 3868 2449 3943 minis
2476 3869 2791 3943 amiguntur,
2823 3884 2945 3927 tunc
2987 3868 3297 3943 spiritualia'
3320 3875 3435 3943 ejus
3482 3875 3692 3938 ﬁorent,
3720 3876 3864 3928 sicut

2294 3936 2701 4011 ait‘Apostolus:
2728 3936 2793 3994 Et
2823 3958 2906 3995 vos
2945 3936 3227 4011 suscepistis
3256 3936 3453 3996 verbum
3487 3943 3576 3995 Dei
3600 3936 3864 4011 intribu-

2298 4003 2479 4082 fatiolte
2507 4009 2682 4082 multa,
2706 4027 2817 4062 cum
2842 4012 3026 4082 gaudio
3056 4003 3277 4079 Spiritus
3302 4015 3459 4065 sancti
3486 4014 3559 4082 (Ι.
3594 4010 3772 4066 Thess.
3808 4014 3860 4065 l.

2296 4075 2373 4136 6).
2403 4074 2547 4130 Sicut
2571 4081 2710 4133 enim
2742 4074 2938 4132 vernali
2968 4074 3341 4135 ﬁalu'arbores
3368 4074 3608 4135 laxantur
3638 4083 3685 4134 in
3731 4084 3859 4135 folia

2295 4154 2346 4218 et
2375 4141 2573 4199 fruetus
2596 4164 2610 4218 ς
2635 4149 2712 4218 sic
2739 4150 3231 4218 pcrseqnutionibus
3252 4152 3547 4204 excitantur
3570 4152 3764 4203 anima:
3790 4152 3860 4205 ad

2294 4214 2559 4287 virtutem.
2593 4215 2712 4271 ideo
2738 4214 2922 4271 autem
2955 4233 3163 4287 semper
3190 4219 3317 4273 ﬁcus
3359 4221 3603 4273 Ecclesia:
3648 4221 3860 4273 simila-

2298 4291 2421 4358 _tur:
2461 4286 2577 4358 quia
2605 4287 2733 4358 sicut
2767 4289 2900 4358 licus
2938 4288 3034 4341 sub
3063 4286 3166 4341 uno
3190 4290 3385 4343 cortice
3423 4289 3647 4358 plurima
3688 4304 3860 4358 grana

2295 4352 2426 4427 intra
2459 4352 2652 4427 viscera
2692 4356 2982 4410 dulcedinis
3028 4358 3225 4427 inclusa
3253 4352 3605 4427 constringit).
3638 4352 3717 4412 sic
3746 4360 3862 4413 Ec-

2293 4423 2451 4476 clesia
2466 4424 2559 4495 sub
2579 4441 2682 4477 uno
2702 4441 2924 4495 corpore
2946 4428 3135 4480 multos
3151 4426 3478 4481 Christianos
3491 4423 3628 4480 intra
3648 4429 3858 4485 viscera

2294 4505 2399 4564 sme-
2421 4494 2652 4547 caritatis
2675 4494 3017 4564 congregatos
3046 4498 3427 4564 complectitur.
3451 4498 3645 4551 Deinde
3668 4508 3724 4550 et
3750 4500 3857 4553 alia

2293 4562 2515 4615 ratione.
2544 4564 2723 4617 Omnis
2749 4562 2909 4618 arbor
2951 4581 3084 4631 pene
3122 4562 3306 4619 inuno
3337 4578 3572 4633 tempore
3620 4567 3854 4623 fructum

2294 4632 2490 4702 pntibet
2518 4649 2531 4684 :
2563 4647 2681 4686 nam
2725 4635 2858 4687 intra
2901 4649 3091 4702 paucos
3114 4635 3227 4688 dies
3268 4646 3319 4688 et
3368 4632 3754 4700 maturescunt,
3798 4649 3856 4693 et

2291 4701 2689 4773 cadunt;_ti_cus
2713 4701 2976 4773 autem’ex
3008 4718 3112 4773 quo
3138 4705 3355 4773 cmperit
3399 4706 3599 4758 fructus
3629 4706 3852 4773 afferre,

2291 4784 2455 4835 usque
2481 4769 2544 4821 ad
2587 4768 2807 4825 hiemem
2837 4768 3151 4825 fructiﬁcare
3190 4768 3292 4826 non
3322 4784 3495 4827 cessat
3536 4791 3549 4827 :
3603 4790 3725 4828 nam
3759 4768 3853 4831 alii

2291 4839 2605 4911 colliguntur
2648 4841 2856 4901 maturi,
2886 4850 2939 4894 et
2978 4841 3068 4893 alii
3118 4842 3239 4896 hinc
3270 4843 3579 4911 procedunt.
3608 4844 3697 4898 Sic
3745 4845 3853 4900 Ec-

2290 4908 2537 4981 clesiaex
2567 4922 2669 4975 quo
2688 4911 2907 4981 emperit
2927 4920 3142 4981 sanctos
3170 4908 3379 4976 otTe'rre,
3401 4928 3566 4981 usque
3592 4914 3657 4967 ad
3680 4913 3848 4969 ﬁnem

2288 4977 2465 5050 S_.'I'C|li_i
2495 4991 2594 5028 non
2632 4980 2873 5050 cessabit.
2926 4978 3055 5032 Nam
3103 4995 3196 5048 per
3242 4981 3445 5049 singula
3482 4977 3724 5050 tempora
3753 4985 3847 5039 alii

2288 5045 2571 5109 donniunt,
2604 5046 2690 5099 alii
2730 5058 2905 5101 autem
2948 5045 3255 5103 nascuntur.
3291 5045 3360 5102 De
3388 5050 3486 5103 hac
3513 5045 3687 5105 autem
3739 5055 3847 5108 ﬁcu

2287 5115 2385 5166 sub
2422 5115 2520 5166 alia
2556 5116 2731 5188 specie
2761 5118 3241 5188 interpretationem
3272 5115 3492 5172 fecimus
3528 5122 3662 5188 apud
3694 5121 3845 5175 Mar-

2286 5196 2426 5246 cum,
2456 5185 2773 5239 :estimantes
2798 5188 2987 5254 ubique
3025 5186 3164 5254 quod
3193 5202 3373 5241 verum
3404 5198 3503 5252 est,
3546 5185 3649 5243 non
3686 5192 3843 5244 sitir-

2286 5262 2489 5326 tnantes
2513 5270 2533 5326 _:
2565 5262 2620 5304 ut
2646 5256 2930 5326 secundum
2959 5255 3094 5326 quod
3138 5258 3309 5326 visum
3349 5256 3503 5310 fuerit
3532 5259 3842 5326 unicuique,

2284 5320 2386 5375 hoc
2414 5322 2679 5397 probetur.
2704 5324 2794 5397 βά.
2825 5320 3118 5397 Αιηεηξάίερ
3148 5325 3302 5397 υσενὶῇ
3332 5320 3844 5397 ηοηᾼργωιεήὺὶίροέ-

2283 5393 2475 5464 neratio
2520 5392 2643 5464 lucc,
2678 5391 2833 5445 donec
2858 5394 3024 5464 omnia
3072 5392 3211 5464 fiant.
3263 5393 3370 5448 Res
3414 5391 3569 5464 dubia
3624 5391 3843 5464 semper

2283 5458 2407 5513 facit
2446 5461 2708 5515 hominem
2759 5458 3123 5530 negligentem.
3156 5460 3284 5516 Nam
3328 5463 3467 5530 quod
3516 5466 3631 5519 sine
3673 5458 3841 5519 dubio

2281 5538 2557 5601 venturum
2586 5530 2737 5601 nobis
2763 5546 2881 5601 esse
2901 5531 3284 5601 cognoscimus.
3307 5534 3371 5585 ad
3403 5534 3451 5587 id
3480 5535 3839 5601 nosmetipsos

2282 5599 2681 5719 magnanimiter
2718 5598 3091 5653 confortamus.
3132 5599 3209 5654 Ne
3232 5615 3359 5669 ergo
3386 5602 3660 5654 audientes
3699 5598 3833 5669 apo-

2282 5678 2420 5719 stat.
2458 5676 2657 5719 certum
2704 5668 2991 5719 periculum
3042 5682 3133 5719 oro
3179 5669 3380 5719 incerto
3423 5670 3733 5719 suseiniant.
3772 5681 3830 5719 es

2280 5668 2420 5737 stoli.
2458 5676 2657 5737 certum
2704 5668 2991 5737 periculum
3041 5682 3133 5737 pro
3179 5668 3380 5722 incerto
3423 5668 3745 5735 suscipiant,
3772 5681 3830 5728 et

2277 5735 2577 5796 dubitantes
2605 5735 2669 5789 de
2697 5734 2810 5806 ejus
2836 5734 3079 5805 adventu,
3096 5736 3408 5809 semetipsos
3434 5737 3485 5792 in
3512 5739 3831 5813 negligentia
