4128 6470
275 384 391 440 921

275 482 503 543 ponant,
534 473 653 525 ideo
683 485 980 543 sermonem
1022 483 1174 521 suum
1203 466 1507 543 juratnento
1543 463 1865 543 confirmans

272 535 412 597 dicit
440 565 453 599 :
483 543 637 596 Arnen
682 543 793 593 dico
837 541 989 602 vobis,
1019 554 1116 591 non
1157 536 1385 589 transibit
1430 537 1683 603 generatio
1731 535 1860 591 lucc,

272 618 439 667 donec
475 615 643 665 omnia
690 613 829 679 ﬁant.
860 611 990 675 Quia
1040 616 1225 679 contra
1273 621 1521 672 maguum
1575 606 1863 673 periculum

273 700 475 752 magna
507 678 818 757 prteparatio
840 690 919 757 est
946 678 1242 757 necfssaria
1268 695 1282 729 :
1310 690 1495 756 magna
1523 685 1696 729 autem
1732 692 1865 757 pro)-

275 748 487 827 paratio
509 748 783 806 assiduam
816 748 1229 804 admonitionem
1276 748 1519 871 reginirit,
1550 756 1601 799 et
1629 754 1858 799 caulam.

275 830 344 871 Iit
375 825 646 871 sciendum
670 834 769 871 est-
790 823 909 871 ttttia
935 837 1036 871 non
1070 818 1195 871 IIIlId
1218 818 1328 871 vult
1390 816 1585 869 hrtstus
1612 815 1858 871 aliOSluIIS

275 815 344 877 iit
375 825 646 878 sciendum
670 834 769 883 est,
790 823 909 890 quia
935 837 1036 873 non
1070 818 1195 872 Illud
1218 815 1585 890 vulthristus
1612 815 1861 882 apostohs

272 896 395 947 Suis
446 894 748 953 ostendere,
780 885 899 961 quia
952 892 1058 957 jam
1115 890 1164 961 in
1211 886 1503 961 continenti
1560 885 1730 961 fultura
1781 896 1862 938 est

274 966 505 1017 tentatio
537 965 649 1022 illa,
683 964 774 1016 sed
801 956 963 1031 'quia’
987 960 1205 1013 omnino
1234 958 1406 1010 futura
1450 967 1551 1031 est.
1585 956 1724 1023 Ergo
1756 972 1858 1031 non

272 1035 401 1087 illos
431 1034 669 1086 homines
707 1027 855 1093 dicit;
882 1033 967 1098 qui
1008 1032 1097 1082 illo
1128 1031 1177 1081 in
1220 1040 1459 1095 tempore
1490 1027 1698 1098 fuerant
1728 1027 1856 1086 nati,

270 1107 373 1157 sed
404 1106 651 1155 familiam
682 1104 852 1171 gemis
886 1096 1065 1176 ipsius.
1100 1098 1367 1154 Generatio
1397 1098 1535 1176 istd:
1563 1096 1611 1175 id
1639 1105 1739 1159 est,
1768 1106 1861 1149 aut

273 1176 585 1227 lacientinm
637 1175 769 1226 banc
815 1172 1198 1234 lentalionent,
1251 1179 1340 1221 aut
1396 1172 1737 1235 patientium,
1770 1176 1860 1219 aut

271 1254 614 1311 peccatorum
656 1244 949 1306 hominum,
977 1249 1067 1294 aut
1095 1242 1421 1311 tlazmonum,
1453 1238 1547 1311 qui
1569 1248 1858 1311 operantur

276 1307 335 1367 in
385 1314 480 1367 eis.
515 1313 642 1367 Nam
677 1314 882 1381 utrique
912 1328 1014 1367 non
1043 1310 1329 1381 cessabunt
1354 1323 1488 1381 esse
1538 1307 1596 1381 i_n
1639 1308 1855 1381 s;r_eu|o,

266 1385 450 1438 donec
490 1375 876 1437 consummatio
914 1383 1022 1445 fiat,
1071 1391 1126 1433 ut
1165 1380 1305 1433 dicat
1352 1379 1475 1438 illis,
1530 1375 1781 1429 Discedite
1827 1394 1856 1426 ιι

269 1470 379 1516 me,
410 1454 680 1513 maledicti,
714 1455 764 1505 in
796 1455 959 1521 ignem
1002 1461 1263 1521 internum,
1297 1450 1396 1521 qui
1426 1456 1743 1521 prteparatus
1785 1456 1857 1498 est

266 1526 480 1577 diabolo
523 1534 569 1576 et
613 1518 940 1591 angelis-ejus
968 1520 1176 1590 (Matth.
1210 1519 1299 1573 25.
1343 1520 1457 1591 4i).
1504 1518 1731 1570 Necesse
1777 1526 1856 1569 e-t

266 1595 439 1658 enim,
472 1605 525 1645 ιιι
557 1588 805 1662 quamdiu
838 1588 1247 1653 Iides'teutatur,
1282 1588 1498 1662 tentatio
1517 1596 1853 1662 reservetur.

264 1665 383 1719 Aut
424 1656 1020 1717 certe-Christianorum
1074 1660 1467 1727 generationem
1496 1657 1641 1719 dicit,
1674 1656 1722 1709 id
1751 1667 1850 1717 est,

267 1734 563 1789 Generatio
594 1734 692 1787 ista
725 1732 966 1786 mortalis
992 1746 1094 1783 non
1120 1729 1363 1783 transibit
1391 1728 1455 1780 ad
1484 1727 1855 1779 innnortalita-

266 1812 383 1857 tetn
415 1821 427 1856 :
462 1803 652 1867 Donec,
686 1803 733 1856 id
760 1812 861 1865 est,
896 1802 992 1854 nisi
1021 1801 1132 1854 haec
1161 1799 1351 1853 fuerint
1381 1807 1771 1867 consummata,
1801 1803 1856 1848 ιιι

263 1883 457 1943 postea
504 1866 817 1927 immertalis
845 1882 897 1925 et
930 1871 1269 1939 impassibilis
1298 1868 1407 1922 fiat.
1455 1866 1541 1921 55.
1589 1866 1777 1943 Cwlttm
1808 1876 1853 1917 et

265 1938 408 1997 ἱέντα
453 1946 752 2008 transibunt,
798 1943 943 1995 verba
991 1938 1158 1993 autem
1202 1956 1311 1991 mea
1361 1955 1459 1990 non
1508 1938 1847 2005 pi'teteribunt.

261 2014 405 2079 Quia
432 2013 622 2065 cmlum
660 2024 713 2066 et
741 2025 875 2067 terra
905 2012 968 2065 ad
1012 2011 1365 2064 ministerium
1407 2018 1640 2060 vestrum
1674 2017 1850 2061 creata

263 2093 416 2147 sunt,
447 2085 605 2135 verba
638 2094 812 2135 autem
861 2099 974 2135 mea
1020 2082 1084 2134 ad
1135 2080 1570 2149 gubernationem
1621 2086 1851 2149 vestram

263 2151 547 2220 disposita.
597 2153 795 2205 Ca-lutn
821 2163 873 2205 et
898 2164 1033 2205 terra
1066 2147 1281 2204 vanitati
1324 2149 1559 2216 subjecta
1589 2156 1732 2220 sunt,
1767 2147 1851 2200 di—

263 2217 431 2290 cente
459 2220 753 2290 Apostolo:
797 2221 1017 2274 Vanitati
1069 2223 1197 2275 enim
1251 2229 1480 2290 creatura
1528 2217 1751 2290 subjecta
1781 2225 1854 2271 est

263 2289 448 2363 (Boni.
474 2288 526 2346 8.
551 2293 663 2363 ΞΟ).
694 2292 1019 2363 Naturaliter
1045 2301 1220 2363 autem
1260 2289 1455 2343 veritas
1491 2288 1665 2341 nescit
1696 2303 1849 2342 men-

263 2362 377 2428 tiri,
416 2377 511 2415 nec
543 2372 715 2430 potest
740 2362 1021 2428 aliquando
1051 2362 1240 2428 perire.

694 2431 917 2484 Hontilia
944 2432 980 2483 ι.
1010 2448 1071 2483 ex
1095 2433 1257 2499 capite
1282 2429 1419 2482 xxiv.

338 2499 427 2554 36.
470 2499 544 2553 De
592 2502 673 2553 die
718 2514 882 2554 autent
932 2503 1022 2553 illa
1068 2510 1112 2553 et
1166 2501 1290 2552 hora
1342 2514 1486 2551 nemo
1531 2498 1643 2561 scit,
1694 2514 1851 2562 neque

260 2572 435 2638 angeli
464 2573 721 2637 calorum,
749 2588 903 2636 neque
926 2571 1111 2635 Filius,
1132 2571 1227 2623 nisi
1248 2570 1383 2623 solus
1408 2566 1584 2621 Pater.
1614 2568 1701 2623 57.
1734 2569 1849 2621 Sie-

262 2650 319 2692 ut
352 2640 485 2693 enim
515 2642 565 2692 in
590 2643 760 2694 diebus
794 2641 905 2693 Noe
926 2684 937 2700 ,
966 2643 1035 2693 ita
1060 2643 1151 2693 erit
1179 2651 1224 2693 et
1250 2640 1489 2691 adventus
1520 2638 1644 2690 Filii
1688 2639 1849 2690 hanti«

263 2712 366 2762 stis.
399 2711 484 2764 58.
517 2711 661 2764 Sicut
691 2714 819 2763 enim
848 2722 985 2763 erant
1014 2714 1064 2762 in
1102 2712 1273 2763 diebus
1302 2719 1418 2761 ante
1446 2709 1689 2760 diluvium
1714 2724 1850 2761 cont-

259 2780 463 2834 cdentes
484 2790 527 2831 et
550 2782 780 2842 bibentes,
806 2783 1039 2833 nubentes
1056 2792 1095 2832 et
1115 2781 1289 2847 nuptui
1313 2779 1583 2843 tradentes,
1609 2795 1762 2848 usque
1781 2779 1848 2831 ad

260 2866 377 2919 eum
404 2851 531 2902 diem
552 2868 647 2919 quo
669 2852 869 2903 intravit
901 2850 1013 2903 Noe
1040 2852 1090 2903 in
1119 2868 1322 2913 arcam,
1356 2850 1440 2903 39.
1466 2859 1511 2901 et
1539 2865 1637 2900 non
1664 2866 1849 2919 cogno-

260 2918 440 2972 verunt
480 2918 635 2972 donec
664 2922 793 2973 venit
819 2922 1092 2985 diluvium,
1126 2931 1170 2973 et
1209 2922 1319 2972 tulit
1349 2936 1517 2974 omnes
1549 2935 1567 2971 :
1587 2921 1658 2970 ita
1683 2918 1773 2971 erit
1801 2930 1845 2971 et

259 2990 505 3042 adventus
557 2989 681 3042 Filii
730 2992 963 3043 hominis.
1013 2990 1187 3057 Usque
1232 3006 1371 3043 nunc
1411 2989 1656 3059 exposuit
1699 2990 1843 3058 signa

259 3061 754 3120 consummationis,
781 3060 1127 3128 pra'cedemia
1155 3072 1275 3112 ante
1294 3059 1803 3113 consummationem
1830 3078 1842 3112 :

260 3144 405 3181 hunc
430 3130 603 3192 ducet,
634 3133 752 3194 quia
780 3132 987 3183 subitus
1012 3131 1181 3182 veniet
1212 3132 1528 3181 novissimus
1554 3130 1733 3181 mundi
1768 3131 1845 3181 in-

259 3202 451 3253 teritus
482 3200 779 3252 bomimbus
803 3200 929 3253 nihil
960 3200 1134 3252 adlmc
1162 3200 1265 3253 tale
1294 3200 1406 3252 fieri
1432 3200 1841 3265 suspicantibus,

258 3269 557 3322 secundum
590 3273 725 3337 quod
754 3270 881 3323 dicit
905 3280 959 3325 et
979 3270 1261 3336 Apostolus
1293 3287 1305 3321 :
1340 3270 1462 3322 Cum
1491 3271 1708 3321 dixerint
1744 3287 1845 3336 pax

258 3348 307 3390 et
349 3341 607 3408 securitas,
642 3351 758 3391 tunc
798 3352 1082 3408 repentinus
1122 3340 1223 3392 illis
1266 3340 1573 3405 superveniet
1612 3339 1843 3392 interitus

258 3410 275 3472 (
310 3408 354 3459 I.
403 3407 573 3461 Thess.
609 3411 659 3461 5.
693 3408 782 3478 5).
824 3407 889 3462 Et
916 3410 983 3462 de
1012 3410 1095 3463 die
1130 3409 1217 3461 illo
1246 3412 1449 3462 incerto
1477 3410 1540 3461 ad
1572 3411 1839 3461 cumulum

256 3480 422 3529 ctiaut
454 3480 683 3545 St-ipsutu
717 3482 862 3547 ponit
887 3481 1068 3532 dicens
1102 3497 1113 3531 :
1147 3478 1223 3531 De
1243 3480 1324 3531 die
1348 3488 1513 3529 autem
1541 3478 1628 3529 illa
1648 3480 1695 3529 et
1717 3481 1841 3530 hora

258 3562 408 3597 nemo
436 3550 543 3598 scit.
596 3549 644 3601 Id
681 3561 800 3613 est,
848 3564 950 3601 non
992 3552 1163 3601 solum
1193 3550 1380 3617 aliquis
1410 3549 1677 3600 hominum
1700 3589 1714 3611 ,
1747 3548 1839 3602 sed

260 3630 435 3685 neque
460 3620 765 3681 angelorum
793 3620 1091 3685 quisquam,
1137 3636 1222 3672 nec
1250 3622 1361 3685 ipse
1382 3617 1564 3679 Filius,
1590 3619 1685 3670 nisi
1706 3620 1840 3671 solus

258 3684 421 3737 Pater
452 3701 469 3737 .·
497 3698 549 3739 ιιι
577 3702 731 3739 nemo
758 3684 891 3740 ferat
919 3684 1140 3741 moleste
1165 3730 1177 3749 ,
1208 3684 1326 3757 quia
1353 3689 1491 3740 diem
1528 3690 1669 3740 illum
1704 3690 1841 3742 Dens

259 3756 436 3825 posuit
484 3758 532 3807 in
577 3758 815 3819 incerto,
859 3772 977 3809 cum
1020 3758 1085 3810 de
1127 3756 1238 3825 ipso
1274 3758 1338 3810 sit
1382 3758 1547 3810 Filius
1588 3759 1837 3812 lIICt'l‘IUS.

259 3824 447 3878 Simile
472 3827 665 3894 aliquid
689 3829 940 3894 scriptmn
964 3838 1043 3879 est
1063 3838 1117 3880 et
1138 3824 1187 3880 in
1214 3828 1431 3881 Actibus
1457 3830 1837 3895 apostolorum.

260 3895 394 3947 Nam
423 3911 541 3948 cum
576 3898 987 3965 interrogassent
1013 3913 1132 3950 eum
1165 3898 1403 3964 discipuli
1437 3900 1571 3964 ejus,
1604 3896 1837 3961 Domine,

261 3965 307 4015 si
331 3966 383 4016 in
408 3976 626 4031 tempore
654 3968 747 4018 hoc
774 3969 998 4020 restitues
1023 3984 1230 4035 regnum
1258 3966 1421 4020 Israel
1448 3968 1578 4035 (Act.
1606 3968 1727 4020 1.6.
1751 3967 1841 4036 7)?

262 4037 535 4101 respmtdit
566 4038 642 4089 eis
671 4055 681 4089 :
715 4036 835 4089 Non
866 4047 934 4089 est
962 4047 1173 4089 vestrum
1208 4053 1351 4090 nosse
1383 4048 1607 4105 tempora
1631 4040 1705 4091 vel
1735 4055 1843 4090 nta-

262 4115 432 4177 rneuta
456 4122 567 4173 qua:
595 4105 747 4159 Pater
771 4108 935 4175 posuit
959 4108 1009 4159 in
1030 4124 1122 4159 sua
1148 4116 1407 4177 potestate.
1440 4109 1749 4175 Opportune
1774 4124 1840 4161 cx

262 4172 365 4226 hoc
414 4172 525 4227 IOCI)
566 4172 811 4230 convenit
852 4172 1172 4240 admouere,
1219 4192 1338 4229 cum
1376 4172 1539 4233 multi
1576 4177 1837 4242 homines,

262 4245 496 4297 maxime
525 4246 610 4313 qui
647 4248 887 4300 videntur
925 4248 1062 4299 docti
1087 4287 1101 4307 ,
1135 4263 1252 4301 cum
1297 4247 1601 4314 interrogati
1645 4247 1841 4300 fuerint

260 4316 494 4386 aliquant
518 4320 879 4382 quarstionem,
906 4318 946 4367 si
971 4320 1293 4385 contingeret
1317 4332 1410 4370 eos
1434 4318 1675 4385 ignorare
1698 4318 1839 4386 quod

260 4385 519 4450 qua-ritur
548 4402 561 4437 :
588 4388 959 4440 erubescentes
978 4403 1039 4437 ne
1060 4388 1333 4439 videantur
1353 4386 1547 4453 aliquid
1575 4385 1837 4455 ignorare,

260 4455 385 4525 quia
432 4463 595 4507 totmn
636 4456 771 4510 seire
816 4466 1093 4523 putantur,
1125 4458 1365 4508 colorant
1394 4456 1522 4509 falsa
1556 4472 1648 4525 pro
1677 4458 1836 4520 veris,

261 4533 318 4575 ct
348 4522 530 4575 dicunt
558 4526 675 4578 aliis
696 4568 707 4586 ,
748 4522 884 4593 quad
925 4541 1026 4577 non
1072 4526 1348 4579 audierunt
1373 4542 1400 4578 a
1428 4522 1659 4581 Christo.
1704 4527 1834 4579 Pro-

261 4604 445 4658 pterea
475 4596 866 4649 considerantes
896 4600 1031 4649 bone
1060 4598 1267 4660 locutu,
1300 4612 1401 4649 non
1434 4596 1687 4651 deberent
1712 4612 1837 4650 ern-

262 4662 485 4735 bescore
516 4666 707 4732 aliquid
752 4667 1121 4735 mysteriorum
1171 4666 1261 4719 Dei
1303 4681 1360 4718 se
1407 4667 1682 4733 ignorare,
1716 4682 1834 4720 cum

262 4731 439 4799 legant
473 4773 487 4796 ,
539 4736 707 4801 ipsum
761 4731 881 4787 Citii
918 4746 1024 4786 ttttn
1077 4752 1180 4788 non
1236 4731 1635 4790 erubescentem
1688 4753 1835 4790 snam

262 4801 615 4874 ignorantiam
657 4808 891 4858 coutiteri
918 4806 980 4858 ad
1013 4806 1437 4874 respondendum
1460 4850 1472 4868 ,
1508 4809 1626 4874 quia
1658 4806 1730 4859 De
1759 4808 1839 4860 die

261 4872 355 4922 illa
392 4883 448 4945 _et
488 4874 611 4924 hora
651 4891 792 4928 nemo
826 4878 936 4936 scit,
978 4872 1133 4944 neque
1177 4877 1378 4944 angeli,
1427 4872 1582 4945 neque
1628 4875 1791 4930 Filius
1820 4893 1839 4931 :

262 4942 492 4993 maxime
513 4957 631 4995 cum
663 4947 729 4996 sit
761 4942 1127 5015 mysteriorum
1164 4942 1259 4999 Dei
1282 4947 1441 4997 multa
1477 4942 1834 5013 profunditas:

263 5026 366 5062 nec
391 5020 562 5084 tamen
592 5015 860 5077 mentitur,
894 5016 1101 5084 quando
1133 5016 1301 5082 ipsum
1329 5018 1465 5082 quod
1497 5019 1612 5079 scit,
1632 5034 1660 5069 a
1688 5018 1839 5071 Patre

263 5081 490 5153 accepit.
520 5082 705 5135 Merito
732 5102 879 5138 suam
905 5081 1175 5139 scientiam
1211 5081 1469 5151 denegat,
1498 5102 1613 5153 qua-
1642 5103 1743 5139 non
1773 5104 1836 5140 cx

262 5164 330 5202 eo
366 5167 377 5200 :
412 5150 546 5203 sicut
576 5164 631 5206 ct
658 5154 780 5207 alibi
808 5171 923 5208 cum
956 5168 1095 5208 esset
1122 5157 1288 5207 bonus
1316 5197 1326 5213 ,
1358 5150 1555 5207 bonum
1588 5172 1645 5209 se
1672 5158 1835 5210 dene-

262 5220 441 5293 gavit,
476 5223 593 5285 quia
626 5224 828 5276 bonitas
859 5226 974 5292 ejtts
1000 5236 1110 5278 erat
1140 5241 1201 5277 cx
1233 5226 1404 5277 I’atrc.
1440 5225 1500 5277 Et
1530 5241 1593 5279 ne
1626 5238 1838 5293 propter

265 5292 713 5363 dispensationem
745 5295 1024 5347 humanam
1055 5296 1341 5348 aestimetur
1359 5294 1494 5347 scire
1518 5310 1573 5347 se
1598 5292 1833 5363 negasse,

268 5375 374 5412 tum
405 5359 563 5422 dixit,
598 5360 773 5429 Neque
806 5365 967 5417 Filius
996 5366 1221 5417 hominis
1247 5382 1259 5416 :
1284 5364 1403 5430 quia
1435 5359 1721 5417 secundum
1754 5367 1835 5418 di-

269 5430 543 5481 vinitatem
572 5431 805 5491 dixisset,
828 5450 931 5485 non
954 5435 1241 5486 secundum
1266 5433 1548 5487 humanam
1572 5445 1833 5488 naturain.

268 5498 399 5551 Nam
429 5500 561 5551 inter
586 5499 771 5552 Filium
797 5504 883 5555 Dei
907 5515 957 5557 et
980 5504 1167 5557 Filium
1190 5503 1416 5556 hominis
1440 5506 1567 5557 nihil
1598 5507 1833 5558 interest.

270 5568 410 5621 Ecce
431 5572 711 5641 senectutis
738 5573 882 5639 signa
915 5577 1279 5641 cognoscimus
1300 5614 1313 5635 ,
1343 5574 1483 5627 diem
1507 5584 1681 5628 autem
1712 5576 1837 5627 ulti-

270 5654 415 5711 suum
448 5639 746 5706 ignoramus
776 5659 787 5692 :
812 5644 888 5694 sic
915 5653 965 5695 et
988 5639 1213 5697 labentis
1238 5644 1383 5711 signa
1412 5644 1607 5698 scimus
1628 5687 1641 5708 ,
1677 5646 1836 5701 tinem

271 5707 539 5781 ejusrnuu
584 5712 933 5777 agtmscitnus.
980 5712 1125 5765 Sicut
1162 5707 1308 5767 enini
1342 5713 1553 5781 quando
1598 5715 1836 5771 videmus

277 5778 545 5835 hominem
566 5794 767 5849 senem,
784 5781 975 5838 sciurus
1000 5783 1118 5852 quia
1146 5778 1525 5854 propemodum
1550 5788 1832 5844 tuatitm'us

1456 353 1521 411 IN
1564 347 1993 410 ιιΑτιιιΑςυιι.
2036 346 2269 404 ιιοιιιιι.
2315 346 2374 401 ι.

1976 468 2079 524 est,
2110 460 2322 541 quando
2346 463 2814 541 anteumnescimos
2849 478 2861 516 :
2888 462 2964 517 sic
2988 472 3041 518 et
3070 468 3326 525 umudom
3354 478 3569 541 quando

1980 532 2347 605 perturbatum
2391 532 2653 605 videmus,
2695 549 2941 587 casnrntn
2992 532 3384 605 cognoscimus:
3422 546 3568 603 diem

1970 611 2143 680 autem
2159 604 2485 680 ignoramus.
2516 602 2929 680 Mysterium‘Dei
2952 602 3089 680 seire
3112 612 3327 677 expedit
3348 602 3562 680 quidem

1969 672 2294 747 hominibus.
2334 672 2463 726 Nam
2504 672 2576 726 eti
2598 689 2784 747 servus
2816 675 2968 728 Iidior
2995 676 3050 729 fit
3076 672 3217 733 circa
3245 672 3559 747 obsequium

1972 744 2171 795 domini
2203 744 2304 802 sui,
2329 758 2446 796 cum
2475 746 2693 809 emperit
2720 755 2923 798 secreta
2953 762 3045 800 sna
3067 744 3423 805 eotmnittere.
3456 753 3563 811 Sed

1969 812 2095 866 illud
2123 813 2257 866 scire
2286 813 2477 866 bonum
2509 825 2606 876 est,
2643 814 2784 881 quod
2819 816 3026 882 proficit
3056 819 3120 871 ad
3149 820 3558 880 aedificationem

1967 883 2193 961 scienti:
2228 882 2329 937 hoc
2354 894 2531 937 autem
2564 885 2702 961 scire
2723 925 2734 936 .
2778 886 2917 953 quod
2953 888 3087 961 pibil
3121 890 3273 945 nobis
3303 894 3520 957 prodest
3542 938 3559 961 ,

1968 954 2135 1029 magis
2162 962 2316 1006 nocet
2342 995 2355 1016 ,
2382 966 2439 1029 Aet
2464 954 2924 1029 superﬂtntmhest.
2953 958 3091 1010 Deus
3119 976 3266 1026 ergo,
3298 954 3418 1029 quia
3450 954 3557 1019 noti

1965 1025 2143 1075 omnia
2174 1026 2425 1092 mysteria
2446 1024 2574 1079 dicit
2600 1026 2926 1090 hominibus,
2958 1044 3061 1081 non
3094 1024 3290 1084 invidet
3316 1024 3559 1090 scientia:

1966 1105 2161 1147 nostra:
2194 1112 2205 1145 :
2250 1094 2340 1146 sed
2375 1095 2493 1160 quia
2526 1110 2629 1148 non
2657 1097 2895 1149 omnittm
2929 1101 3303 1160 mysteriorum
3336 1104 3557 1159 scientia

1965 1164 2117 1217 nobis
2146 1158 2557 1232 prodesthicut
2582 1166 2711 1218 enim
2739 1167 2789 1218 in
2821 1158 2999 1220 diebus
3021 1168 3149 1231 Noe,
3176 1172 3247 1223 sic
3276 1173 3367 1222 erit
3388 1185 3433 1226 et
3461 1158 3557 1227 ad;

1963 1244 2135 1286 ventus
2164 1234 2285 1286 Filii
2306 1234 2538 1287 hominis.
2567 1235 2711 1289 Sicut
2737 1246 2876 1288 erant
2900 1238 2951 1290 in
2978 1240 3149 1292 diebus
3168 1250 3283 1292 ante
3308 1242 3556 1298 diluvium

1962 1306 2388 1377 ιιιαιιᾴιιςιιιιιινελᾳι
2412 1305 2649 1377 bibentes,
2670 1316 2715 1359 et
2736 1307 2993 1377 nubentes,
3012 1320 3056 1361 et
3074 1311 3255 1377 nuptui
3274 1312 3549 1370 tradentes.

1962 1373 2111 1438 Quod
2142 1374 2289 1439 dicit,
2321 1373 2467 1427 Sicut
2495 1375 2588 1427 fuit
2618 1377 2666 1429 in
2694 1376 2883 1429 diebus
2906 1377 3048 1441 Noe,
3080 1373 3469 1437 mandneabant
3497 1394 3553 1439 et

1965 1443 2253 1509 bibebant,
2301 1445 2570 1497 nubebaut
2609 1456 2661 1498 et
2700 1448 2884 1513 nuptui
2919 1449 3196 1502 tradebant
3225 1467 3239 1507 :
3274 1466 3377 1503 non
3406 1463 3553 1508 vetat

1961 1513 2302 1577 manducare,
2333 1524 2423 1566 aut
2449 1515 2651 1577 bibere,
2685 1527 2768 1568 aut
2806 1518 3023 1572 nubere.
3060 1519 3167 1573 Nec
3193 1523 3335 1574 enim
3361 1523 3437 1576 fas
3465 1533 3552 1579 est

1960 1592 2018 1635 ut
2058 1583 2617 1657 d_estt'uat_qttod_ipse
2656 1588 2934 1641 constituit
2966 1605 2979 1643 :
3013 1590 3105 1643 sed
3139 1590 3288 1657 jubet
3320 1606 3450 1657 nos,
3492 1602 3551 1648 ut

1960 1654 2101 1729 quod
2144 1654 2430 1729 carnaliter
2473 1655 2694 1709 facimus
2719 1697 2733 1720 ,
2766 1657 2830 1709 ad
2866 1659 2954 1729 Dei
2986 1654 3208 1727 gloriam
3250 1654 3507 1718 facientes
3529 1706 3545 1729 ,

1959 1723 2306 1800 spiritualiter
2330 1723 2615 1800 faciamus,
2639 1738 2692 1800 ut
2718 1728 2949 1800 cat-italia
2984 1723 3164 1782 nostra
3199 1744 3414 1799 prOpter
3438 1737 3519 1800 siti

1961 1794 2151 1869 rituale
2178 1794 2505 1869 propositum
2537 1796 2829 1869 spiritantia
2867 1797 3010 1869 liam.
3058 1794 3330 1866 Quis-esi,
3360 1804 3447 1869 qui
3472 1794 3545 1858 ad

1959 1863 2180 1935 gloriam
2213 1864 2302 1917 Dei
2340 1866 2622 1919 manducat
2647 1876 2701 1920 et
2730 1866 2891 1920 bibit?
2919 1868 3017 1935 Qui
3048 1863 3111 1922 de
3141 1886 3297 1923 manu
3328 1863 3422 1926 Dei
3448 1888 3540 1927 ac-

1957 1934 2163 2007 cepisse
2202 1937 2431 2007 arstimat
2463 1936 2603 2005 quod
2644 1938 2924 1991 toanducat
2948 1934 3001 1992 et
3033 1940 3181 1993 bibit.
3210 1940 3339 2007 Quis
3366 1951 3543 1997 autem

1957 2003 2023 2080 de
2052 2019 2211 2080 manu
2244 2004 2332 2080 Dei
2363 2019 2421 2057 se
2446 2003 3032 2080 accepisseuarstimatt
3058 2010 3156 2075 Qui
3186 2003 3438 2078 operatur
3460 2014 3547 2080 ju-

1957 2073 2178 2135 5titiam,
2209 2084 2259 2127 et
2298 2075 2460 2127 Deum
2492 2078 2643 2130 timet
2667 2077 2957 2132 offendere.
2990 2073 3121 2133 Nam
3150 2073 3424 2135 et'servus
3453 2073 3545 2137 ille

1957 2144 2106 2215 quasi
2134 2158 2324 2215 servus
2350 2144 2519 2198 fidelis
2541 2147 2827 2200 manducat
2849 2148 2899 2200 in
2926 2149 3105 2212 domo,
3128 2151 3215 2215 qui
3238 2152 3545 2208 considerat

1958 2211 2078 2289 ideo
2102 2214 2374 2289 accepisse
2400 2228 2429 2265 a
2458 2215 2704 2289 domino,
2746 2226 2800 2269 ιιι
2827 2234 2982 2289 “opus
3022 2211 3221 2272 domini
3265 2232 3540 2289 operetur.

1954 2280 2085 2334 Nam
2118 2285 2205 2351 qtti
2246 2284 2408 2337 Deum
2448 2299 2553 2337 non
2595 2288 2745 2340 timet
2782 2280 3086 2354 oﬂ‘endere,
3122 2290 3208 2343 ille
3237 2280 3352 2343 sine
3377 2292 3543 2347 dubio

1954 2367 2061 2405 non
2094 2354 2321 2429 mstittiat
2353 2369 2379 2405 a
2411 2354 2520 2407 Deo
2546 2370 2605 2429 se
2631 2361 2903 2425 accepisse
2928 2361 3068 2427 quod
3100 2359 3257 2419 bibit;
3287 2360 3381 2414 sed
3419 2377 3543 2429 pro-

1954 2433 2074 2491 pter
2098 2422 2200 2477 hoe
2226 2426 2394 2496 solum
2413 2427 2712 2496 manducat
2732 2468 2744 2489 ,
2764 2422 2895 2496 'quia
2922 2422 3047 2481 caro
3074 2439 3172 2483 est.
3205 2430 3334 2495 Quis
3361 2422 3539 2487 autem

1954 2501 2064 2570 est,
2088 2497 2181 2570 qui
2201 2494 2265 2547 ad
2289 2494 2511 2570 gloriam
2542 2494 2853 2570 Deipubii?
2895 2500 2991 2562 Qui
3028 2500 3177 2552 nubit
3205 2494 3293 2552 aut
3324 2513 3544 2570 prepter

1953 2562 2275 2637 desiderium
2298 2562 2569 2637 honorum
2602 2566 2850 2629 ﬁliorum,
2895 2578 2983 2620 aut
3016 2562 3538 2637 perieulum'pec'cati

1955 2634 2179 2705 timens-
2217 2635 2346 2699 Quis
2388 2645 2501 2696 est,
2535 2637 2621 2705 qui
2654 2648 2867 2705 propter
2905 2634 3225 2692 desiderium
3274 2634 3537 2696 bonorum

1954 2702 2181 2776 filiorum
2211 2705 2412 2776 nubit?
2459 2702 2564 2769 Qui
2601 2702 2878 2776 postquam
2912 2707 3157 2761 habuerit
3195 2710 3329 2761 filios
3352 2751 3365 2772 ,
3394 2713 3534 2767 circa

1954 2772 2421 2847 Deidisciplinam
2452 2772 2689 2847 continet
2717 2772 2829 2847 eos.
2875 2778 3121 2846 Alioquin
3153 2779 3242 2847 qui
3275 2779 3413 2833 filios
3442 2797 3539 2835 ne-

1951 2843 2120 2915 gligit,
2143 2844 2229 2897 ille
2257 2860 2361 2897 non
2389 2844 2706 2900 desideravit
2736 2846 2845 2899 Deo
2875 2843 3147 2915 generare,
3173 2843 3270 2902 sed
3296 2850 3532 2906 diabolo.

1953 2914 2083 2980 Quis
2114 2922 2230 2977 est,
2268 2916 2354 2981 qui
2394 2926 2612 2984 propter
2650 2914 2939 2984 periculum
2978 2920 3176 2985 peccati
3221 2919 3404 2973 nubit?
3433 2922 3535 2986 Qui

1952 2994 2229 3052 postquam
2276 2988 2546 3052 nupserit,
2590 2986 2987 3040 matrimonium
3040 3001 3184 3042 caste
3228 3002 3530 3044 conservat.

1950 3054 2047 3120 Qui
2071 3064 2246 3107 autem
2274 3064 2486 3123 propter
2508 3058 2897 3109 matritnonimn
2925 3058 3283 3112 indifferenter
3298 3059 3536 3115 abutitur

1950 3125 2220 3197 amoribus
2246 3127 2375 3197 suis,
2398 3126 2494 3197 ille?
2512 3142 2614 3177 non
2640 3136 2857 3197 propter
2875 3130 3091 3180 tutelam
3113 3130 3306 3181 animze
3332 3132 3530 3197 nupsit,

1950 3194 2045 3268 sed
2080 3206 2296 3268 propter
2323 3195 2681 3268 abundantem
2724 3194 2995 3250 lasriviam
3031 3199 3229 3252 carnis.
3273 3199 3371 3263 Qui
3404 3194 3533 3268 ergo

1949 3264 2027 3318 sic
2068 3265 2345 3317 mamlucat
2378 3275 2429 3319 et
2456 3266 2581 3319 bibit
2606 3307 2620 3331 ,
2651 3281 2754 3319 non
2786 3276 2986 3319 tantum
3021 3268 3342 3322 manducare
3370 3279 3421 3323 et
3445 3264 3529 3324 bi-

1948 3333 2074 3407 bere
2104 3337 2327 3407 videtur,
2351 3344 2611 3407 quitntum
2642 3336 2733 3389 Dei
2759 3338 2977 3407 gloriam
3008 3338 3215 3405 operari
3242 3356 3254 3390 :
3279 3340 3398 3407 quia
3423 3354 3530 3395 non

1948 3403 2045 3475 sibi
2078 3406 2261 3475 servit,
2294 3405 2385 3457 sed
2419 3405 2541 3457 Deo.
2578 3406 2641 3458 Et
2670 3403 2865 3475 qni'sic
2893 3403 3060 3467 nubit,
3095 3423 3197 3459 non
3230 3403 3429 3462 tantum
3454 3411 3532 3463 vi-

1946 3472 2326 3546 deturnubere
2348 3515 2374 3546 ,_
2393 3484 2644 3546 quantum
2674 3472 2764 3528 Dei
2796 3476 3017 3545 gloriam
3050 3478 3257 3544 operari
3283 3496 3295 3529 ε
3319 3480 3532 3546 quando

1947 3558 2051 3596 non
2079 3544 2199 3615 sibi,
2229 3544 2319 3597 sed
2356 3544 2462 3615 Deo
2492 3545 2824 3615 multiplicat,
2848 3556 2898 3598 et
2927 3548 3040 3600 sine
3068 3559 3284 3615 peccato
3313 3544 3533 3603 conser-

1947 3622 2053 3683 vat.
2084 3612 2191 3666 Iloc
2217 3630 2343 3683 ergo
2373 3614 2549 3668 dit-ere
2577 3612 2703 3669 vult.
2735 3617 2880 3670 Sicut
2913 3626 3034 3671 ante
3063 3612 3314 3671 diluvium
3336 3660 3351 3681 ,
3381 3634 3534 3673 rece-

1946 3681 2105 3738 dente
2127 3684 2193 3736 ab
2218 3681 2521 3737 hominibus
2550 3685 2639 3738 Dei
2666 3687 2875 3749 timore,
2905 3686 3032 3739 nihil
3064 3688 3326 3741 faciebant
3352 3689 3530 3742 homi-

1948 3769 2042 3807 nes
2066 3755 2127 3807 ad
2150 3754 2371 3822 gloriam
2400 3756 2509 3817 Dei,
2532 3755 2623 3809 sed
2646 3758 2820 3811 omnia
2849 3768 3062 3824 propter
3082 3759 3252 3811 solam
3273 3773 3488 3813 carnem
3513 3778 3527 3813 :

1944 3825 2057 3896 sive
2087 3827 2226 3896 enim
2254 3824 2641 3896 tttanduc;tbant
2662 3837 2760 3896 aut
2789 3826 3055 3891 bibebant,
3082 3842 3184 3880 non
3213 3829 3277 3880 ad
3306 3829 3531 3896 gloriam

1949 3894 2036 3966 Dei
2071 3894 2460 3966 manducabant
2486 3904 2575 3947 aut
2602 3895 2882 3957 bibebant,
2910 3900 3047 3953 sicut
3068 3902 3283 3954 mandat
3304 3894 3531 3966 Ᾱροειοτ

1946 3964 2026 4016 Ius
2057 3964 2130 4036 (I7.
2157 3964 2274 4016 Cor.
2312 3964 2395 4036 10.
2431 3965 2483 4036 5.
2512 3966 2583 4036 47)
2609 4006 2621 4026 ,
2652 3968 2743 4019 sed
2769 3976 2985 4033 propter
3004 3968 3170 4019 solam
3202 3964 3529 4036 voluptatem

1945 4035 2210 4087 carnalem
2241 4050 2253 4085 :
2290 4033 2366 4087 sie
2392 4035 2489 4085 erit
2515 4035 2654 4087 circa
2682 4036 2859 4089 srcculi
2894 4036 3073 4091 linem.
3099 4038 3245 4091 Sicut
3267 4033 3407 4091 enim
3432 4039 3529 4091 ho-

1944 4106 2134 4167 mines,
2165 4104 2250 4172 qui
2284 4103 2333 4156 in
2364 4112 2529 4157 totum
2559 4106 2704 4157 carni
2738 4107 2959 4171 subjecti
2991 4117 3133 4172 sunt,
3165 4110 3407 4175 quamvis
3437 4108 3531 4160 ha-

1948 4175 2104 4227 beant
2147 4176 2401 4234 animam;
2443 4183 2615 4228 tamen
2656 4176 2991 4228 solunnnodo
3028 4192 3217 4230 carnes
3256 4180 3526 4241 dicuntur,

1947 4254 2172 4298 testante
2201 4243 2473 4309 Scriptura
2511 4262 2521 4295 :
2558 4243 2678 4297 Non
2712 4246 3017 4313 permanebit
3055 4248 3261 4315 spiritus
3301 4265 3438 4299 meus
3474 4249 3529 4300 in

1945 4315 2225 4367 hominibus
2254 4316 2363 4366 istis
2388 4356 2402 4379 ,
2435 4316 2671 4382 quoniam
2701 4326 2819 4367 sunt
2847 4333 3019 4368 carnes
3057 4318 3073 4385 (
3098 4315 3223 4369 Cen.
3250 4317 3300 4369 6.
3338 4318 3431 4382 5).
3472 4317 3527 4369 Ιιι

1944 4385 2133 4452 quibus
2154 4395 2328 4436 autem
2352 4399 2473 4453 pars
2494 4386 2685 4436 anima:
2713 4386 2981 4453 prmvalet,
3015 4387 3257 4452 quamvis
3280 4388 3384 4438 sint
3404 4401 3528 4438 car-

1945 4454 2110 4518 nales,
2142 4454 2443 4521 spirituales
2474 4454 2739 4513 dicuntur,
2763 4456 2899 4509 sicut
2921 4456 3046 4510 dicit
3070 4457 3390 4521 Apostolus:
3429 4454 3528 4509 Vos

1942 4534 2106 4594 autem
2135 4541 2232 4576 non
2262 4525 2375 4576 estis
2403 4524 2455 4575 in
2484 4539 2649 4587 carne,
2681 4526 2770 4576 sed
2796 4526 2847 4575 in
2878 4524 3077 4592 spiritu,
3111 4526 3151 4577 si
3186 4536 3349 4578 tamen
3377 4527 3537 4594 spiri-

1944 4601 2021 4645 tus
2046 4592 2139 4645 Dei
2166 4594 2347 4646 habitet
2374 4594 2426 4644 in
2454 4594 2587 4647 vobis
2617 4596 2635 4662 (
2662 4594 2807 4646 llam.
2842 4595 2893 4647 8.
2918 4594 2951 4647 9
2976 4596 3012 4661 ).
3048 4595 3135 4647 Sic
3158 4610 3318 4663 opera
3350 4592 3527 4648 homi-

1944 4678 2089 4726 num,
2119 4663 2359 4731 quamvis
2390 4664 2496 4716 sint
2525 4665 2840 4731 spiritualia,
2866 4666 2908 4717 si
2936 4664 3067 4716 facta
3097 4667 3285 4718 fuerint
3309 4674 3525 4733 propter

1942 4748 2154 4786 causam
2186 4734 2359 4787 carnis
2380 4775 2394 4797 ,
2431 4743 2613 4800 ntputa
2636 4776 2649 4796 ,
2692 4735 2733 4787 si
2764 4736 2881 4803 quis
2918 4750 3053 4801 opus
3082 4736 3274 4786 bonum
3307 4745 3527 4803 prepter

1944 4804 2185 4857 homines
2217 4804 2373 4857 faciat
2397 4846 2411 4871 ,
2453 4806 2719 4857 invenitur
2746 4821 2862 4857 eSse
2897 4806 3149 4857 carnale:
3184 4813 3237 4857 et
3279 4808 3528 4870 quamvis

1942 4876 2011 4927 sit
2048 4875 2259 4929 carnale
2280 4916 2293 4937 ,
2334 4876 2376 4927 si
2411 4884 2626 4942 propter
2658 4889 2867 4926 causam
2901 4874 3229 4941 spiritualem
3260 4874 3417 4928 fuerit
3445 4875 3524 4928 fa-

1942 4954 2106 5009 ctum,
2136 4944 2185 4999 id
2214 4955 2313 5009 est,
2339 4954 2557 5017 pmpter
2576 4945 2797 5017 gloriam
2818 4944 2935 5017 Dei,
2961 4945 3229 5017 invenitur
3249 4946 3525 5011 Spirituale

1943 5030 2060 5068 esse
2091 5027 2306 5084 propter
2346 5014 2558 5067 causam
2592 5014 2941 5080 spiritualem.
2976 5014 3118 5067 Sicut
3150 5016 3245 5084 fuit
3271 5018 3322 5067 in
3350 5017 3522 5067 diebus

1945 5085 2058 5155 Noe
2084 5086 2231 5155 (Cen.
2268 5086 2343 5153 7).
2378 5085 2432 5138 Id
2463 5093 2563 5147 est,
2598 5087 2673 5135 sic
2703 5086 2803 5155 erit
2833 5085 3373 5155 generalisinteritus
3395 5126 3407 5148 ,
3445 5086 3523 5138 sie

1942 5154 2269 5210 subitaneus.
2302 5156 2446 5209 Sicut
2472 5164 2594 5206 tunc
2623 5154 2795 5206 omnis
2822 5165 3063 5207 creatura
3087 5154 3258 5208 deleta
3282 5166 3382 5219 est,
3408 5156 3523 5207 sola

1944 5236 2116 5277 autem
2149 5241 2267 5279 arca
2302 5225 2498 5288 evasit,
2534 5224 2599 5276 de
2630 5224 2865 5277 trabibus
2895 5225 3165 5292 quadratis
3196 5224 3328 5276 facta
3356 5265 3369 5286 ,
3400 5233 3521 5277 octo

1942 5297 2146 5347 animas
2193 5296 2431 5362 bajulans
2476 5312 2487 5345 :
2532 5294 2601 5346 ita
2645 5305 2698 5347 et
2738 5294 2789 5347 in
2830 5296 3289 5347 consummatione
3330 5308 3521 5348 omnes

1944 5366 2173 5418 hrcreses
2206 5366 2510 5429 interibunt,
2533 5380 2632 5417 una
2665 5364 3026 5417 tantummodo
3051 5378 3170 5416 arca
3201 5364 3514 5425 salvabitur,

1945 5436 1993 5488 id
2008 5446 2105 5497 est,
2125 5436 2356 5489 Ecclesia
2379 5435 2595 5493 Christi,
2613 5434 2679 5488 de
2694 5435 2848 5502 justis
2865 5434 3162 5486 hominibus
3180 5444 3520 5503 congregata.

1942 5505 2088 5558 Sicut
2120 5517 2242 5557 tunc
2272 5504 2523 5573 quicquid
2549 5504 2642 5557 fuit
2672 5515 2817 5557 extra
2845 5518 3041 5564 arcam,
3071 5504 3248 5569 periit,
3277 5506 3352 5556 sic
3378 5515 3431 5557 et
3459 5507 3511 5559 in

1943 5575 2047 5628 fine
2071 5576 2389 5643 quicumque
2418 5576 2571 5630 fuerit
2600 5585 2745 5628 extra
2766 5588 2923 5626 unam
2951 5573 3238 5627 Ecclesiam
3259 5575 3517 5638 veritatis,

1941 5646 2149 5713 peribit.
2184 5647 2312 5711 Qua:
2355 5645 2593 5699 Ecclesia
2641 5644 2799 5697 habet
2840 5654 2961 5713 oetp
3004 5653 3269 5707 rectores,
3311 5653 3515 5709 septem

1942 5702 2341 5784 spirittis,qitos
2382 5723 2660 5784 enumerat
2704 5714 2863 5766 Isaias
2896 5702 3043 5781 (Cap.
3067 5715 3152 5784 HA.
3178 5730 3223 5764 υ.
3256 5702 3427 5784 ἰδ’),
3457 5725 3521 5784 et-

1947 5782 2243 5856 unigeuitus
2272 5788 2409 5840 Deus
2431 5805 2441 5839 :
2463 5788 2536 5841 sic
2562 5793 2613 5839 ct
2642 5783 2891 5838 Salomon
2923 5784 3047 5838 dicit
3072 5782 3547 5852 :Sapientiaa‘diz»
