4128 6514
587 410 700 466 923

588 511 756 578 [ienuit
783 509 877 563 sibi
903 507 1143 578 domum,
1171 503 1465 578 aguﬁfulsit
1487 503 1939 578 eoluninis_s_e_ptem
1967 503 2155 574 (Prov.

587 575 641 635 9.
670 582 723 648 1,)
758 597 780 633 ι
804 589 859 634 et
896 578 1008 645 ipse
1033 576 1121 646 qui
1151 575 1377 648 sull'ulsit
1396 615 1410 635 ,
1441 583 1681 648 octavus.
1704 575 2043 648 _Subitaneiis
2068 588 2166 648 ai_i-

588 643 717 714 tem,
765 665 874 704 non
913 643 1366 708 aute'nuutiatus,
1402 653 1514 699 sive
1556 643 1624 697 ab
1664 644 1773 699 ullo
1815 644 2067 714 creditus.
2102 643 2168 698 Et

586 713 719 787 quid
758 721 988 782 mirum,
1023 716 1067 771 si
1107 714 1399 787 periturum
1442 715 1694 769 mundum
1733 713 1953 787 audiunt
1983 723 2166 787 etnon

586 783 848 845 credunt?
898 787 1036 842 ECee
1082 783 1369 853 morituros
1408 799 1468 837 se
1510 799 1629 838 esse
1672 785 1910 853 quotidie
1947 784 2170 838 audiunt

591 860 856 921 homines,
879 854 1117 924 quotidie
1139 852 1543 924 aliosiinortuos
1565 852 1763 915 vident.
1788 863 1840 908 et
1862 865 2035 909 tamen
2061 868 2165 907 non

591 931 815 984 credunt
840 922 910 981 se
927 925 1233 978 morituros.
1265 922 1318 978 Si
1347 934 1520 979 autem
1549 938 1606 977 se
1630 924 1912 980 crederent
1939 925 2166 977 moritu-

587 1014 714 1062 ros,
745 1011 850 1051 non
890 995 1128 1048 facerent
1155 1009 1216 1048 ea
1250 1007 1345 1060 pro
1373 993 1561 1063 quibus
1602 995 1932 1059 moriuntur,
1967 994 2016 1048 id
2046 1002 2161 1056 est,

589 1077 762 1121 morte
787 1067 942 1135 digna
970 1078 1071 1135 non
1103 1063 1354 1135 facerent.
1398 1064 1452 1118 Si
1480 1079 1607 1133 ergo
1633 1063 1757 1118 illud
1779 1105 1792 1128 ,
1820 1065 1958 1134 quod
1985 1065 2164 1133 quoti-

586 1136 675 1192 die
709 1137 823 1191 ﬁeri
848 1133 1026 1189 vident
1056 1134 1108 1187 iu
1135 1133 1278 1194 aliis,
1311 1133 1377 1188 de
1406 1147 1464 1188 se
1495 1135 1724 1187 futurum
1761 1133 1880 1189 esse
1914 1149 2018 1188 non
2043 1147 2163 1186 cre-

586 1215 719 1259 ouiit
739 1245 755 1268 ,
783 1205 1050 1274 quomodo
1094 1202 1221 1256 illtid
1248 1204 1483 1274 credent
1520 1203 1753 1258 futurum
1777 1244 1791 1266 ,
1823 1203 1962 1272 quod
1989 1201 2164 1255 adhuc

587 1272 874 1344 numquam
918 1273 1110 1327 factum
1153 1272 1267 1330 est?
1314 1274 1398 1328 40.
1443 1273 1583 1326 Tunc
1616 1275 1717 1344 duo
1755 1283 1900 1344 erunt
1925 1274 1977 1324 in
2003 1287 2160 1344 agro;

584 1359 719 1397 unus
736 1342 1042 1407 _assuntetur,
1067 1352 1113 1396 et
1139 1344 1268 1396 alter
1292 1343 1616 1412 relinquetur.
1639 1342 1865 1396 Aistimo
1893 1343 2158 1412 neminem

585 1413 830 1469 dubitare
875 1423 1144 1468 sensatum
1166 1452 1182 1476 ,
1226 1412 1338 1468 hanc
1379 1411 1639 1480 prtecipue
1669 1413 1719 1466 in
1751 1411 2015 1480 parabolis
2041 1423 2160 1480 esse

583 1483 746 1548 dicta,
777 1493 827 1538 et
865 1483 1212 1552 Spiritualiter
1245 1497 1307 1536 ea
1345 1479 1564 1550 intelligi
1593 1479 1862 1552 oportere.
1897 1481 1961 1534 Et
1991 1479 2158 1552 prima

583 1553 796 1620 quidem
828 1551 1074 1622 parabola
1103 1555 1270 1622 posita
1297 1560 1379 1622 est
1398 1552 1482 1622 de
1520 1551 1860 1619 popularibus
1883 1551 2037 1622 justis
2057 1588 2088 1622 ,Α
2106 1559 2161 1602 et

583 1619 970 1690 peccatoribus.
1010 1619 1252 1677 Secunda
1279 1621 1344 1674 de
1374 1621 1679 1676 doctoribus
1718 1621 1816 1689 piis
1854 1631 1909 1675 et
1947 1619 2156 1690 impiis,

582 1688 795 1760 quando
815 1706 1001 1746 omnes
1031 1693 1274 1745 homines
1311 1700 1402 1745 aut
1441 1688 1728 1745 discentes
1753 1699 1896 1755 sunt,
1936 1688 2161 1760 autdo-

583 1759 788 1830 centes.
823 1763 888 1816 Et
908 1762 1077 1816 Lucas
1102 1760 1316 1830 quidem
1342 1761 1662 1830 evangelista
1693 1762 1909 1829 exponit
1935 1759 2158 1813 deduo-

582 1829 682 1884 bus
708 1833 759 1886 in
787 1833 944 1896 lecto,
969 1840 1023 1886 et
1050 1829 1347 1886 de’duohus
1375 1831 1440 1884 ad
1465 1829 1658 1886 molam
1684 1847 1696 1882 :
1722 1845 1954 1896 prsesens
1981 1838 2157 1883 autem

583 1900 870 1958 Matutinus
887 1903 955 1958 de
975 1902 1180 1955 duobus
1206 1901 1256 1955 in
1283 1914 1428 1965 agro,
1451 1909 1506 1953 et
1529 1902 1594 1954 de
1615 1897 1821 1954 duobus
1843 1899 1908 1953 ad
1939 1897 2156 1959 molam,

714 1973 853 2025 enim
882 1971 1052 2026 Lucas
1102 1970 1254 2051 (Cap.
1281 1971 1366 2049 i7:
1396 1986 1442 2022 υ.
1474 1968 1572 2038 54)
1606 1970 1780 2092 ἕειιὶι
1803 1968 1908 2049 duo
1937 1967 1987 2019 iu
2015 1966 2158 2045 lecto

586 2039 656 2092 ibi
686 2040 964 2092 Matthmus
995 2050 1168 2092 posuit
1207 2039 1394 2092 duom
1419 2053 1564 2092 agro.
1665 2054 1693 2091 ι
1731 2052 1836 2092 auo
1863 2035 2157 2092 intelligere

582 2039 656 2094 ibi
686 2040 964 2095 Matthteus
995 2035 1168 2108 posuit
1202 2035 1315 2092 duo
1342 2039 1394 2090 in
1419 2035 1564 2106 agro.
1608 2035 1693 2092 Ex
1731 2052 1843 2108 quo,
1863 2035 2157 2103 intelligere

580 2109 738 2163 nobis
758 2110 932 2174 datur,
963 2107 1210 2177 quoniam
1240 2109 1431 2162 lectum
1454 2119 1509 2161 et
1528 2122 1715 2176 agrum
1743 2107 1901 2162 ambo
1928 2120 2154 2177 evange-

580 2178 718 2231 listae
747 2178 799 2231 id
831 2175 1001 2247 ipsum
1039 2177 1335 2248 intelligere
1360 2175 1642 2248 voluerunt
1668 2193 1682 2232 ε
1715 2177 1962 2248 quoniam
1986 2179 2073 2245 qui
2103 2175 2154 2248 iu

581 2261 805 2314 corpore
835 2258 981 2308 sunt,
1021 2256 1074 2301 et
1116 2247 1167 2301 in
1208 2247 1408 2301 mundo
1454 2257 1617 2301 smit:
1650 2255 1703 2302 et
1730 2247 1829 2316 qui
1870 2248 1921 2299 in
1959 2247 2156 2299 mundo

580 2326 722 2379 sunt,
758 2318 809 2371 in
840 2332 1063 2385 corpore
1086 2327 1228 2371 sunt.
1261 2316 1487 2371 Mundus
1507 2317 1648 2370 enim
1670 2315 1801 2370 nihil
1825 2316 1966 2369 aliud
1999 2315 2154 2369 intel-

579 2385 793 2455 ligitur,
841 2387 938 2440 nisi
983 2386 1180 2457 homo;
1229 2396 1444 2457 propter
1468 2385 1608 2454 quod
1637 2401 1823 2457 agrum
1866 2385 2156 2452 intelligere

579 2458 826 2509 convenit
850 2457 1102 2510 mundum
1133 2455 1304 2520 hunc,
1332 2455 1469 2508 sicut
1499 2455 1750 2509 Dominus
1779 2455 2156 2523 interpretatus

580 2535 660 2578 est
689 2541 843 2594 supra
873 2527 922 2578 iu
947 2526 1192 2593 parabola
1214 2524 1534 2578 zizaniorum
1557 2526 1935 2579 seminatorum
1956 2525 2006 2578 in
2028 2538 2156 2592 agro

582 2593 791 2664 (Matth.
828 2597 912 2648 13.
948 2595 1060 2664 38).
1093 2595 1204 2648 Duo
1232 2609 1361 2664 ergo
1389 2594 1442 2648 in
1467 2609 1595 2664 agro
1614 2635 1628 2660 ,
1657 2610 1840 2649 omnes
1866 2593 2155 2664 Christiani

582 2663 638 2719 in
668 2665 867 2718 mundo
896 2662 1130 2719 viventes
1154 2662 1363 2730 eodem,
1395 2662 1705 2720 non—tamen
1737 2665 1921 2718 iisdem
1949 2662 2156 2718 actibus

580 2743 976 2788 conversantes.
1006 2736 1069 2788 Et
1087 2734 1215 2803 justi
1235 2734 1447 2804 quidem
1469 2744 1823 2804 assumentur,
1848 2743 2156 2804 peceatores

583 2812 762 2857 autem
787 2801 1465 2872 derelinquenturmenes
1484 2803 1609 2872 justi
1637 2805 1690 2857 in
1720 2818 1827 2858 uno
1851 2801 2064 2857 homine
2089 2803 2154 2856 fi-

581 2881 855 2940 gurantur,
875 2883 930 2928 et
951 2888 1135 2927 omnes
1161 2883 1466 2940 peccatores
1485 2875 1536 2926 in
1565 2887 1689 2926 uno.
1707 2874 1792 2926 41.
1819 2872 2152 2925 υυιειηοιεη-

583 2952 656 2994 tes
684 2943 750 2992 ad
773 2943 989 3004 molunt;
1023 2958 1125 2996 una
1150 2953 1448 3005 assumetur,
1475 2951 1521 2994 et
1546 2957 1646 2994 una
1671 2943 1996 3007 relinquetur.
2024 2941 2152 3005 Qua:

581 3019 706 3064 sunt
727 3012 839 3066 ista:
856 3013 1105 3067 mulieres
1125 3011 1429 3066 moleiites?
1458 3011 1611 3072 Puto,
1636 3011 1906 3074 Ecclesize,
1928 3025 2149 3079 quarum

581 3095 686 3132 una
733 3092 852 3144 est,
895 3082 962 3135 de
1004 3096 1106 3150 qua
1155 3080 1573 3150 Doniinusrdicit
1605 3097 1617 3132 :
1647 3080 1825 3150 Simile
1848 3091 1918 3132 est
1945 3096 2153 3148 regnum

581 3150 816 3220 calorum
838 3149 1098 3220 fermento,
1117 3150 1250 3219 quod
1275 3149 1527 3220 accipiens
1548 3149 1730 3220 mulier
1753 3150 1948 3220 miscuit
1977 3151 2028 3202 in
2057 3151 2151 3202 tri-

580 3218 673 3270 bus
703 3218 930 3289 fernieuti
966 3218 1208 3274 mensuris
1249 3221 1266 3286 (
1294 3218 1478 3273 Matth.
1508 3219 1595 3274 15.
1630 3219 1752 3289 53).
1797 3218 1942 3275 Sicut
1970 3220 2148 3284 enim,

581 3288 821 3355 quamvis
847 3291 993 3343 niulti
1021 3290 1125 3343 sint
1147 3288 1274 3358 justi
1296 3329 1310 3351 ,
1349 3299 1401 3342 et
1442 3288 1745 3356 peccatores
1765 3330 1780 3352 ,
1811 3299 1983 3343 tamen
2015 3304 2151 3358 quo-

581 3359 724 3413 niam
765 3359 1000 3412 omnium
1036 3360 1152 3412 dua:
1182 3367 1304 3412 sunt
1334 3367 1509 3425 partes
1530 3397 1545 3421 ,
1579 3360 1629 3411 in
1658 3359 1860 3412 duabus
1887 3368 2152 3426 ponuntur

583 3429 824 3495 personis
853 3445 866 3482 :
891 3431 967 3482 sic
1005 3438 1059 3482 et
1097 3427 1352 3482 Ecclesia:
1393 3429 1651 3481 liaeresum
1690 3427 1931 3496 quamvis
1969 3429 2150 3484 multa:

583 3497 710 3559 sint,
743 3508 914 3550 tamen
943 3499 1178 3551 omnium
1220 3499 1480 3551 haeresum
1528 3512 1630 3550 una
1670 3496 1904 3552 Ecclesia
1935 3498 2146 3563 dicitur,

583 3576 638 3619 et
670 3583 768 3620 una
803 3567 1240 3621 Christianorum.
1285 3565 1562 3635 Unaergo
1608 3568 1798 3621 mulier
1836 3567 2039 3621 inolens
2067 3579 2151 3623 est

584 3636 820 3690 Ecclesia
845 3638 1060 3691 Christi.
1088 3637 1219 3690 Mula
1250 3644 1330 3689 est
1349 3634 1800 3700 orbis’terrarum,
1831 3647 2044 3705 propter
2066 3654 2152 3691 ro.

585 3708 896 3760 tunditatein
919 3722 1087 3769 suam,
1113 3707 1247 3760 sicut
1268 3706 1519 3769 scriptum
1547 3715 1629 3759 est
1653 3707 1719 3760 de
1745 3722 1806 3760 ea
1832 3724 1845 3758 :
1884 3706 1994 3760 Vox
2022 3707 2152 3760 toni-

587 3778 686 3829 trui‘
714 3778 783 3828 tui
806 3779 857 3828 in
887 3787 996 3828 rota
1029 3775 1193 3844 (Psat.
1223 3776 1308 3844 76.
1336 3775 1444 3844 i9).
1475 3775 1633 3840 Lapis
1662 3776 1902 3842 superior
1927 3786 2008 3830 est
2035 3792 2154 3829 ver-

589 3846 714 3896 butn
747 3845 999 3909 veritatis,
1040 3843 1179 3913 Quod
1225 3843 1500 3897 descendit
1544 3845 1611 3898 de
1653 3846 1803 3908 caelo,
1839 3855 1892 3897 ut
1938 3855 2149 3899 terrena

587 3914 762 3968 omnia
787 3915 1188 3982 complectatur,
1218 3923 1272 3967 et
1301 3921 1538 3982 protegat
1565 3914 1742 3977 simul,
1771 3925 1824 3968 et
1851 3924 2075 3982 premat,
2098 3924 2153 3968 et

587 3984 750 4036 molat
791 4002 802 4035 :
849 3985 1041 4037 dicitur
1087 3992 1264 4036 autem
1308 3983 1480 4050 lapis,
1527 3991 1742 4051 propter
1792 3983 2153 4038 fortitudinem

587 4068 757 4106 suam.
791 4052 1065 4108 Subterinr
1090 4062 1264 4105 autem
1291 4051 1421 4121 lapis
1445 4062 1526 4105 est
1545 4068 1702 4122 omne
1729 4053 1941 4106 verbum
1970 4055 2154 4122 impie-

589 4124 734 4187 tatis,
765 4123 904 4191 quod
931 4123 1063 4190 lapis
1087 4122 1276 4176 dicitur
1297 4131 1510 4190 propter
1528 4121 1773 4191 duritiam
1802 4137 1948 4175 suam
1969 4163 1982 4185 ,
2012 4121 2152 4191 (ιυοά

589 4192 655 4248 de
707 4190 892 4259 Spiritu
938 4193 1115 4244 inundi
1165 4206 1194 4244 a
1245 4191 1489 4243 deorsum
1545 4190 1817 4253 ascendit,
1873 4201 1930 4245 ut
1983 4190 2153 4248 susci-

590 4265 695 4329 piat
728 4264 904 4316 omnia
942 4262 1219 4314 desursum
1252 4261 1512 4313 venientia
1538 4275 1698 4327 grana
1725 4302 1738 4322 ,
1769 4269 1819 4313 et
1847 4262 2156 4316 adversetur

593 4333 756 4384 verbo
783 4333 1035 4385 veritatis.
1080 4331 1204 4383 llaec
1229 4344 1354 4396 ergo
1385 4329 1615 4382 Ecclesia
1657 4329 1896 4395 molens,
1939 4331 1990 4383 id
2035 4342 2153 4395 est,

592 4401 904 4470 pr.i;dieans,
931 4398 1276 4471 circumducit
1299 4398 1862 4471 verbum_veritatis,id
1885 4411 1984 4465 est,
2004 4414 2160 4471 supe-

593 4467 786 4524 riorem
814 4471 1039 4538 lapidein
1062 4468 1327 4538 eaelestem
1359 4484 1373 4524 ;
1403 4477 1457 4520 ct
1483 4467 1827 4521 circumducit
1855 4484 1946 4537 per
1974 4467 2158 4538 orbem

594 4537 892 4605 terrarum,
930 4547 986 4592 et
1025 4537 1369 4591 circumducit
1399 4551 1560 4606 super
1587 4552 1744 4590 omne
1774 4552 1939 4606 genus
1969 4537 2158 4594 buma-

593 4624 741 4672 num,
769 4609 1310 4676 utquotienseumque
1325 4607 1422 4659 sub
1439 4607 1638 4675 gremio
1660 4608 1803 4661 verbi
1821 4607 2049 4673 desuper
2070 4612 2160 4664 nii-

595 4679 724 4730 serit
756 4675 911 4743 Deus,
944 4678 1102 4731 molat
1125 4690 1235 4738 eos,
1271 4677 1322 4729 id
1352 4685 1450 4737 est,
1483 4675 1788 4741 catcchizet,
1820 4687 1872 4730 et
1898 4687 2050 4746 cogat
2070 4694 2161 4733 eos

595 4748 863 4818 deponere
891 4747 1141 4801 corticem
1169 4747 1363 4800 veteris
1393 4745 1618 4818 hominis
1648 4747 1883 4818 inutilem
1909 4745 2160 4818 etinsua-

596 4814 714 4870 vein
742 4835 754 4868 :
783 4828 838 4870 ut
863 4818 1004 4871 exuti
1035 4819 1159 4870 fiant
1190 4830 1314 4883 pura
1344 4814 1573 4868 medulla
1609 4826 1663 4870 et
1701 4817 1936 4884 spiritus,
1967 4817 2015 4870 id
2043 4829 2160 4882 est,

597 4897 655 4940 ut
681 4890 788 4955 jam
830 4903 934 4940 non
969 4887 1073 4939 sint
1101 4901 1224 4938 caro
1247 4926 1262 4947 ,
1301 4884 1391 4938 sed
1434 4884 1648 4952 spiritus
1679 4904 1692 4938 :
1722 4897 1774 4940 et
1802 4887 1890 4938 liat
1925 4886 2164 4955 similago

598 4959 945 5010 mundissima
970 4997 984 5020 ,
1018 4966 1070 5009 et
1094 4955 1249 5021 digna
1273 4957 1335 5007 ad
1359 4955 1676 5008 saeriticium
1716 4955 1839 5017 Dei,
1872 4955 2164 5010 secundum

597 5027 740 5094 quod
770 5026 1089 5079 admonebat
1110 5027 1424 5093 Apostolus,
1453 5024 1639 5094 dicens
1667 5043 1680 5076 :
1710 5023 1894 5076 Exuite
1922 5040 2003 5094 vos
2039 5036 2168 5079 vete-

598 5093 704 5150 rem
725 5096 994 5156 Iioutinem,
1017 5096 1102 5163 qui
1127 5095 1464 5161 corrumpitur
1493 5093 1994 5163 inconcupiscentiis,
2019 5111 2167 5148 rano-

600 5166 785 5218 vamini
815 5175 980 5216 autem
1009 5161 1189 5232 spiritu
1217 5179 1388 5217 sensus
1417 5161 1561 5216 uestri
1591 5161 1804 5232 (Ephes.
1835 5164 1902 5232 4,
1920 5162 2008 5215 22.
2037 5163 2106 5219 23
2126 5169 2164 5231 ).

602 5234 746 5290 Sicut
768 5249 896 5302 ergo
921 5230 1084 5302 grana
1110 5234 1163 5287 in
1191 5235 1411 5290 cortice.
1443 5232 1539 5284 nisi
1566 5233 1746 5284 molita
1776 5230 1990 5294 fuerint,
2010 5244 2064 5286 et
2083 5230 2174 5288 de-

605 5306 877 5372 posuerint
903 5304 1149 5366 cortices,
1179 5313 1234 5372 et
1261 5302 1507 5365 furfures,
1533 5309 1587 5372 et
1610 5302 1962 5368 processerint
1987 5316 2177 5356 secun-

605 5370 734 5428 dum
769 5373 910 5442 quod
949 5383 1074 5426 sunt
1110 5371 1341 5442 abintus,
1369 5370 1607 5436 quamvis
1635 5384 1825 5437 aquam
1851 5374 2172 5438 acceperint,

608 5460 711 5497 non
741 5440 1136 5510 conjunguntur
1164 5440 1230 5495 ad
1251 5441 1562 5494 alterutrum
1587 5479 1602 5502 ,
1632 5448 1687 5493 ut
1715 5442 1804 5493 liat
1831 5455 1898 5493 ex
1928 5443 2175 5494 omnibus

609 5527 742 5565 unus
769 5526 940 5579 panis,
962 5511 1204 5580 quamvis
1231 5519 1285 5580 et
1310 5511 1680 5580 fermentatum
1707 5511 2038 5580 acceperint,
2072 5526 2176 5562 non

611 5576 994 5635 leriuc’iitantur
1023 5598 1035 5632 :
1066 5581 1142 5634 sic
1169 5591 1223 5633 et
1255 5579 1518 5641 homines,
1543 5577 1643 5630 nisi
1669 5577 1833 5632 moliti
1861 5576 2056 5632 fuerint
2081 5580 2180 5633 sub

606 5654 806 5713 νας-ιη).
857 5650 905 5702 id
951 5660 1034 5704 est
1058 5690 1072 5710 ,
1113 5648 1441 5706 catecliizati.
1475 5657 1529 5700 ut
1558 5646 1810 5715 depositis
1838 5648 2178 5717 corporibus,

607 5721 706 5788 Spit
723 5720 909 5772 itnales
931 5719 1229 5788 efficiantur
1249 5759 1263 5782 ,
1291 5717 1532 5788 quamvis
1555 5726 1619 5788 et
1637 5731 1824 5788 aquam
1853 5715 2183 5788 baptismatis

613 5785 935 5862 acceperint,
961 5787 1203 5858 quamvis
1242 5788 1460 5844 verbum
1503 5785 1625 5843 ﬁdei
1664 5785 1826 5843 fuerit
1866 5787 2086 5841 missum
2124 5788 2179 5842 iu

1856 391 2030 450 OPUS
2067 387 2556 446 IMPERFECTUM

3742 414 3861 470 924

2275 519 2402 568 eos,
2445 506 2584 559 sicut
2617 505 2931 559 fermentum
2962 521 2976 558 :
3005 519 3108 559 non
3139 508 3454 564 conveniunt
3501 509 3551 564 in
3598 510 3855 580 idipsum,

2277 592 2374 650 nec
2403 584 2621 650 possunt
2645 588 2830 642 sapere
2853 591 3035 650 unum,
3056 585 3113 629 ut
3135 593 3293 630 unum
3316 593 3504 650 corpus
3524 580 3853 650 efficiantur,

2273 648 2393 720 quia
2441 645 2626 720 moliti
2653 659 2755 696 non
2788 655 2931 720 sunt.
2973 644 3120 700 Sicut
3155 661 3282 715 ergo
3314 644 3450 702 inter
3475 650 3609 705 duos
3643 644 3853 720 lapides

2275 719 2505 770 molares
2531 715 2718 770 teritur
2745 715 2973 767 triticum
2999 755 3014 780 ,
3055 724 3108 784 et
3141 728 3416 782 separatur
3441 735 3469 772 a
3495 735 3552 773 ec
3565 715 3848 784 rtice'suo,

2272 797 2326 840 et
2347 786 2418 860 _l‘it
2445 787 2685 854 similago
2715 783 2908 837 munda
2937 783 3366 860 !_8ic:iiil0l¢5‘lil
3407 791 3581 842 medio
3615 783 3851 860 desuper

2272 856 2482 928 quidem
2513 865 2731 928 urgente
2771 869 2830 928 se
2867 854 3028 928 verbo
3062 854 3150 908 Dei
3179 855 3244 908 ad
3283 855 3437 928 [idem
3473 869 3526 912 et
3557 854 3844 928 justitiam,

2274 925 2394 978 inde
2420 934 2593 978 autem
2623 924 2784 977 verbo
2815 925 2974 991 impio
3002 938 3060 978 se
3089 926 3443 992 conipellente
3466 930 3530 981 ad
3557 924 3848 984 intidelita;

2273 1003 2376 1048 tem
2398 1002 2556 1064 atque
2587 1006 2857 1062 peccatum
2879 1004 3251 1064 conteruntur.
3271 1005 3322 1048 et
3348 1000 3574 1050 carnalia
3601 1015 3692 1053 sua
3723 1004 3847 1054 uni-

2273 1080 2421 1119 versa
2446 1062 2735 1132 deponunt,
2766 1074 2820 1119 et
2847 1064 3146 1132 spirituales
3173 1062 3489 1120 efﬁciuntur.
3533 1068 3638 1123 Sed
3669 1082 3720 1124 et
3748 1074 3841 1125 illa

2269 1137 2460 1188 mulier
2489 1137 2698 1188 videtur
2735 1135 2968 1198 molere,
3009 1143 3064 1189 et
3091 1134 3308 1189 verbum
3351 1137 3608 1192 mendacii
3643 1139 3756 1194 leve
3783 1151 3844 1195 et

2270 1204 2452 1275 fragile
2471 1205 2819 1258 circumducit
2843 1222 2856 1258 :
2880 1216 3157 1275 propterea
3186 1219 3356 1274 neque
3378 1209 3557 1271 molet,
3581 1209 3703 1275 quia
3727 1225 3839 1264 non

2270 1273 2698 1346 liabetvirtutem
2723 1275 2954 1346 divinam
2987 1274 3206 1346 verbum
3233 1273 3437 1346 earum,
3467 1293 3563 1331 nec
3590 1273 3666 1330 est
3700 1279 3842 1346 lapis

2267 1343 2526 1410 superior.
2548 1342 2823 1408 Quomodo
2842 1345 2984 1398 enim
3007 1343 3335 1398 mendacium
3360 1348 3632 1400 mendacio
3647 1342 3841 1402 adver-

2264 1423 2554 1486 satiirLaut
2583 1413 2831 1482 iniquitas
2859 1414 3136 1486 iniquitati,
3159 1425 3214 1467 ut
3235 1416 3668 1486 molaturaliqnis
3695 1421 3841 1473 inter

2266 1482 2395 1562 eas?
2429 1482 2714 1550 Propterea
2739 1485 2960 1562 populiis
2988 1499 3171 1562 eorum
3198 1486 3409 1538 molitus
3432 1503 3533 1539 non
3563 1482 3662 1562 est.
3691 1489 3837 1541 Con-

2265 1551 2437 1606 sidera
2467 1560 2640 1604 antem
2663 1561 2716 1604 et
2742 1551 3021 1620 intelliges.
3053 1553 3108 1606 Si
3132 1554 3401 1620 deponunt
3420 1558 3671 1620 carnalia,
3698 1559 3838 1612 fiunt

2265 1621 2580 1686 spirituales.
2613 1630 2667 1692 et
2693 1621 3030 1692 molitisunt.
3075 1622 3129 1676 Si
3168 1633 3290 1675 sunt
3334 1625 3382 1675 in
3429 1625 3651 1692 iilipsum
3683 1628 3832 1691 fidei,

2265 1706 2450 1746 omnes
2489 1691 2656 1745 moliti
2689 1699 2834 1744 sunt.
2865 1689 2918 1745 Si
2949 1701 3124 1745 autem
3155 1692 3444 1746 secundum
3470 1689 3702 1750 veterem
3728 1689 3837 1752 lio;

2265 1763 2460 1816 minem
2487 1771 2629 1823 sunt,
2657 1761 2700 1814 si
2730 1763 2892 1814 altera
2922 1760 3109 1814 iterum
3141 1762 3386 1828 sapiunt,
3415 1766 3680 1830 quamodo
3715 1783 3840 1821 inoo

2264 1833 2340 1886 liti
2380 1832 2540 1886 sunt?
2588 1832 2820 1898 Desuper
2859 1831 2999 1885 enim
3033 1831 3250 1884 verbum
3285 1831 3520 1887 veritatis
3547 1849 3651 1887 non
3681 1851 3837 1890 coni-

2264 1902 2411 2022 [iellit
2454 1917 2548 1956 eos
2587 1902 2652 1955 ad
2701 1901 2880 1964 fidem,
2921 1901 3071 1968 quasi
3103 1902 3235 1970 lapis
3261 1901 3530 1969 superior;
3563 1919 3658 1956 nec
3683 1907 3835 1961 enim

2283 1971 2460 2022 tabent
2487 1987 2608 2022 eum
2640 1989 2653 2022 :
2678 1970 2934 2022 desubtus
2961 1982 3136 2022 autem
3163 1971 3377 2022 verbum
3411 1973 3692 2022 impietatis
3720 1991 3834 2022 nnn

2283 1971 2460 2042 tabent
2487 1987 2608 2026 eum
2640 1989 2653 2022 :
2678 1970 2934 2042 desubtus
2961 1982 3136 2024 autem
3163 1971 3377 2025 verbum
3411 1973 3692 2042 impietatis
3720 1991 3835 2030 non

2265 2041 2476 2094 tribulat
2514 2056 2640 2106 eos,
2684 2041 2805 2108 quia
2837 2040 3077 2094 volentes
3118 2042 3456 2110 requiescunt
3485 2040 3537 2094 in
3567 2057 3651 2096 eo.
3680 2044 3836 2109 Quo-

2263 2113 2420 2167 modo
2454 2126 2583 2177 ergo
2623 2111 2887 2164 moluntur
2908 2149 2924 2174 ,
2953 2111 3164 2178 quando
3193 2127 3296 2164 non
3328 2113 3536 2179 stringit
3561 2115 3838 2170 subterius

2264 2184 2499 2240 verbum.
2516 2196 2613 2237 nec
2631 2182 2820 2252 premit
2843 2180 3114 2249 superius?
3141 2181 3260 2252 Hinc
3282 2197 3408 2249 ergo
3433 2191 3688 2246 sumetur,
3711 2200 3835 2251 qua:

2263 2264 2318 2307 et
2345 2255 2550 2308 videtur
2576 2251 2814 2307 Ecclesia
2840 2291 2855 2314 ,
2895 2262 2947 2304 et
2990 2259 3072 2304 est
3101 2268 3113 2302 :
3146 2251 3230 2304 illa
3259 2261 3432 2304 autem
3464 2252 3793 2319 relinquetur
3813 2294 3831 2318 ,

2261 2339 2378 2392 quae
2405 2325 2631 2386 videtur,
2659 2331 2710 2375 ct
2740 2335 2842 2372 non
2870 2328 2972 2373 est.
3004 2320 3234 2392 Quidam
3261 2330 3518 2392 autemet
3546 2321 3646 2375 hoc
3668 2324 3835 2376 modo

2261 2388 2496 2462 exponit.
2543 2392 2796 2446 Molentes
2833 2399 2955 2462 sunt
2994 2388 3085 2462 filii
3128 2389 3321 2454 Israel,
3351 2389 3488 2462 mola
3531 2399 3706 2443 autem
3733 2401 3834 2462 gest

2261 2458 2479 2519 verbum
2527 2463 2655 2532 legis
2701 2480 2714 2514 :
2760 2458 2898 2530 quod
2944 2461 3158 2513 volvunt
3185 2467 3248 2532 _c_t
3280 2459 3522 2532 molunt,
3563 2470 3686 2532 sunt
3731 2461 3831 2516 Dei

2261 2535 2506 2588 mandata
2538 2529 2600 2586 iii
2621 2533 2735 2600 lege
2755 2572 2769 2596 ,
2803 2545 2919 2600 qua:
2949 2531 3098 2599 quasi
3134 2529 3290 2582 tritici
3321 2544 3480 2600 grana
3525 2531 3831 2600 minutatim

2260 2601 2473 2674 quidem
2518 2598 2795 2674 inolentes,
2829 2599 2879 2652 id
2908 2598 3009 2665 est,
3040 2608 3292 2667 quantum
3334 2598 3398 2651 ad
3444 2613 3504 2651 se
3543 2599 3834 2674 diligenter

2261 2671 2506 2729 mandata
2538 2673 2626 2726 Dei
2660 2678 2946 2726 tractantes
2970 2710 2985 2732 ,
3025 2684 3306 2738 numquam
3336 2677 3510 2721 tamen
3539 2684 3603 2721 ex
3630 2671 3708 2722 eis
3735 2685 3833 2736 pa-

2259 2759 2379 2800 nem
2402 2743 2736 2798 nutritorium
2759 2739 3107 2810 proierentes.
3141 2739 3301 2810 Panis
3317 2747 3490 2810 autem
3514 2740 3834 2810 nutritorius

2260 2824 2342 2868 est
2372 2815 2669 2882 unigenitus
2706 2806 2849 2882 Deus
2869 2808 3094 2862 Verbum
3118 2849 3139 2882 ,_
3166 2810 3251 2882 qui
3293 2806 3524 2882 inlusio
3565 2808 3832 2862 mandatis

2263 2885 2353 2938 Dei
2395 2877 2618 2937 habetur
2657 2881 2944 2934 secundum
2991 2878 3322 2947 pr0pbetiam
3367 2877 3635 2941 inclusus,
3665 2892 3828 2944 quem

2260 2955 2350 3007 lilii
2379 2951 2543 3006 Israel
2568 2949 2854 3006 carnaliter
2880 2949 3287 3014 interpretantes
3325 2961 3609 3014 numquam
3652 2947 3830 3014 profe-

2257 3023 2445 3077 rebant
2467 3022 2532 3074 ad
2560 3018 2914 3074 manifestum.
2949 3017 3201 3070 Filiorum
3234 3025 3404 3070 autem
3432 3017 3590 3070 Israel
3622 3018 3830 3070 m-Jen-

2260 3095 2408 3157 tium,
2441 3107 2543 3145 una
2574 3091 2781 3144 videtur
2807 3087 3020 3156 quidem
3043 3101 3162 3140 esse
3185 3101 3469 3156 synagoga,
3493 3101 3618 3140 vere
3647 3096 3830 3140 autem

2258 3163 2377 3216 dua“:
2403 3173 2543 3216 sunt.
2573 3159 2688 3216 Una
2719 3157 2932 3226 quidem
2962 3158 3279 3226 iniquorum,
3311 3167 3364 3209 et
3390 3157 3680 3208 secundum
3709 3172 3828 3208 car-

2258 3248 2378 3286 nem
2417 3231 2720 3286 .ludteoruin
2753 3246 2766 3280 :
2794 3229 2957 3281 altera
2990 3238 3164 3280 autem
3194 3235 3518 3288 sanctorum,
3544 3237 3596 3278 et
3628 3240 3827 3277 secun-

2255 3302 2378 3355 dum
2408 3303 2657 3370 spiritum
2689 3297 3013 3370 indagoruni.
3063 3297 3208 3349 Hanc
3249 3309 3374 3362 ergo
3397 3304 3706 3370 sanctorum
3733 3293 3829 3346 Ju-

2255 3364 2487 3425 danoruin
2509 3381 2561 3424 et
2582 3367 2931 3438 spiritualium
2957 3380 3274 3438 synagogam
3307 3364 3625 3438 molentein,
3656 3376 3705 3416 et
3738 3378 3830 3416 su-

2259 3435 2680 3508 pervaeuamfet
2707 3439 2822 3492 sine
2855 3435 3312 3508 profectii_iiiolam
3343 3435 3468 3502 legis
3502 3435 3824 3508 trahentem,

2256 3503 2489 3564 assumet
2517 3511 2654 3562 Deus
2685 3510 2736 3562 in
2768 3503 2870 3560 line
2895 3506 3072 3559 saeculi
3101 3505 3256 3572 hujus
3285 3503 3392 3570 jam
3425 3503 3788 3556 ocennihentis
3811 3543 3828 3567 ,

2255 3591 2308 3633 et
2339 3580 2580 3634 liberabit
2619 3594 2737 3632 eam
2772 3575 2838 3630 de
2877 3575 3014 3628 mola
3048 3592 3059 3626 :
3097 3575 3239 3628 illam
3272 3583 3444 3626 autem
3481 3575 3700 3624 alteram
3739 3585 3829 3623 se-

2255 3651 2484 3703 cundum
2517 3649 2759 3703 meritum
2790 3645 3114 3700 infidelitatis
3141 3653 3193 3698 et
3219 3643 3576 3712 perversitatis
3606 3642 3720 3710 ejus
3745 3656 3834 3694 re-

2257 3721 2472 3789 hnqueL

2679 3807 2900 3862 Homilia
2926 3806 2985 3876 lj.
3011 3823 3074 3861 ea:
3089 3805 3250 3873 capite
3268 3804 3406 3858 xxiv.

2326 3909 2414 3964 42.
2455 3905 2669 3976 Vigilate
2711 3921 2861 3986 ergo,
2892 3901 3233 3986 quialnescitis
3255 3917 3372 3981 .qua
3418 3897 3836 3986 Iisii'd‘D'Qt—tttitigf

2257 3989 2412 4033 vester
2451 3969 2686 4030 venturus
2735 3969 2819 4038 sit,
2865 3969 2970 4028 etc.
3019 3973 3131 4038 Qua
3183 3972 3339 4038 enim,
3375 3970 3578 4023 ratione
3631 3969 3833 4021 homini

2259 4045 2600 4102 absconditus
2625 4055 2704 4098 est
2730 4045 2845 4097 dies
2873 4037 3059 4095 mortis
3080 4042 3272 4108 ipsius?
3301 4037 3579 4101 Videlicet,
3614 4048 3668 4090 ut
3693 4052 3836 4108 scm-

2261 4134 2355 4188 per
2380 4116 2687 4188 benefaciat,
2711 4128 2920 4188 semper
2939 4107 3168 4188 _iiiortein
3194 4125 3340 4188 suain
3367 4122 3605 4188 Speraiis.
3636 4107 3837 4188 Eadem

2264 4176 2470 4242 ratione
2500 4193 2552 4238 ct
2577 4185 2642 4236 ab
2667 4176 2910 4236 Omnibus
2939 4179 3237 4232 hominibus
3262 4176 3602 4230 absconditus
3619 4185 3701 4229 est
3718 4176 3839 4231 dies

2261 4259 2519 4310 adventus
2554 4252 2771 4315 Christi,
2799 4250 3042 4303 videlicet
3082 4256 3136 4300 ut
3162 4263 3263 4300 non
3291 4263 3390 4299 una
3431 4247 3702 4314 generatio
3726 4246 3840 4297 sal-

2264 4337 2434 4388 vetur,
2467 4323 2640 4377 sciens
2679 4319 2957 4374 adventum
3002 4318 3197 4388 ipsius,
3238 4316 3572 4388 sedAonines,
3612 4315 3736 4388 dum
3785 4316 3840 4368 in

2263 4384 2484 4466 singulis
2527 4392 2829 4466 quibusque
2861 4387 3284 4466 generationibus
3331 4384 3523 4466 Christi
3579 4384 3843 4466 adventus

2263 4453 2525 4532 speratur.
2545 4453 2684 4514 'Ideo
2719 4453 2772 4512 et
2817 4453 3257 4532 interrogantibus
3299 4469 3356 4508 se
3395 4453 3842 4532 disvipulissuis,

2267 4524 2500 4597 Domine,
2528 4533 2570 4584 si
2591 4531 2641 4582 in
2667 4539 2884 4596 tempere
2911 4526 3003 4579 Itoc
3027 4524 3258 4578 restitues
3283 4540 3490 4592 regnum
3513 4524 3675 4597 israel
3691 4525 3715 4575 .’
3757 4537 3847 4574 re-

2266 4594 2520 4673 spondit:
2556 4599 2674 4653 Non
2712 4594 2782 4673 est
2814 4607 3024 4673 uestrum
3046 4611 3190 4648 nosse
3215 4605 3434 4673 tempora
3462 4594 3537 4673 uel
3555 4602 3844 4673 incinat-ts,

2302 4662 2378 4726 ita:
2416 4672 2570 4726 Pater
2610 4669 2774 4736 posuit
2812 4670 2863 4718 in
2902 4683 2994 4718 sua
3022 4675 3258 4736 potestate
3294 4665 3424 4732 (Act.
3463 4663 3510 4714 1.
3551 4663 3714 4736 61:7).
3746 4662 3842 4715 45.

2302 4743 2410 4797 llud
2462 4732 2626 4792 autern
2667 4739 2856 4798 scitote,
2902 4732 3029 4802 quia,
3065 4735 3106 4786 si
3148 4735 3290 4786 sciret
3344 4732 3705 4800 paterfamilias
3743 4746 3848 4802 qua

2271 4815 2395 4866 liora
2424 4813 2506 4880 {ur
2531 4809 2732 4880 veniret,
2764 4801 2993 4880 uigila’rei
3019 4806 3207 4872 utique,
3235 4813 3278 4854 et
3309 4818 3408 4880 non
3437 4804 3615 4855 sineret
3644 4801 3848 4880 perfodi

2270 4872 2472 4935 domum
2492 4895 2653 4932 suam.
2681 4872 3056 4930 Paterfamilias
3077 4883 3158 4927 est
3177 4872 3529 4939 unusquisque
3551 4872 3848 4923 secundum

2272 4953 2500 5006 animam
2529 4950 2578 5000 iii
2606 4948 2764 5000 domo
2795 4945 2963 4998 Patris
2991 4944 3093 5004 sui,
3133 4945 3214 4994 fur
3251 4951 3423 4993 autem
3450 4940 3693 4992 diabolus
3721 4952 3808 4991 ρει
3832 4955 3846 4990 :

2273 5023 2463 5077 domus
2492 5029 2686 5079 autem,
2720 5024 2896 5068 nostra
2927 5027 3146 5079 corpora
3180 5029 3191 5062 :
3218 5011 3390 5078 jauuae
3415 5019 3557 5072 sunt,
3586 5023 3646 5079 os
3672 5018 3724 5060 et
3748 5023 3851 5060 au-

2274 5107 2396 5145 res:
2430 5078 2680 5142 fenestra:
2712 5095 2907 5144 autem,
2932 5082 3091 5136 oeuli.
3125 5081 3273 5134 Sicut
3305 5087 3428 5146 ergo
3468 5078 3772 5146 perjanuas
3798 5086 3855 5130 et

2277 5161 2533 5215 fenestras
2560 5159 2663 5211 cito
2690 5155 2981 5225 ingreditur
3009 5153 3246 5225 latro._et
3271 5147 3854 5225 spoliatpatremfami-

2278 5231 2372 5283 lias
2401 5247 2413 5281 :
2445 5229 2522 5281 sic
2550 5243 2642 5294 per
2662 5240 2722 5278 os
2746 5217 2799 5279 Et
2818 5236 2971 5276 aures
2996 5220 3248 5294 etoculos
3275 5217 3499 5294 hominis
3521 5217 3673 5294 facile
3704 5219 3857 5269 inve-

2281 5303 2357 5353 nit
2382 5286 2624 5351 diabolus
2651 5298 2982 5348 occasionem
3011 5292 3074 5344 ad
3100 5291 3348 5347 animam.
3380 5298 3432 5340 et
3459 5286 3583 5340 facit
3612 5300 3728 5339 cani
3758 5301 3857 5338 ea-

2283 5371 2525 5438 ptivam_:
2554 5367 2702 5438 sicut
2744 5372 2797 5418 et
2818 5364 2878 5438 in
2923 5362 3150 5438 Jeremia
3177 5360 3301 5438 Atale
3349 5357 3563 5438 aliquid
3595 5357 3854 5438 scriptiim

2283 5424 2362 5502 est
2401 5455 2412 5489 :
2465 5436 2595 5502 Quia
2639 5451 2770 5487 mors
2810 5433 3009 5485 intravit
3050 5445 3136 5498 per
3167 5430 3408 5498 fenestras
3440 5424 3653 5478 nostras
3686 5424 3854 5502 _(Jer.

2285 5501 2337 5561 9.
2369 5497 2504 5587 2|);
2517 5505 2570 5558 Si
2602 5505 2677 5587 vis
2717 5516 3000 5587 ergoreosse
3026 5497 3260 5579 securus.
3300 5511 3445 5577 pone
3469 5511 3642 5587 seram
3679 5497 3860 5562 jamiai

2286 5577 2410 5640 tuae,
2441 5564 2489 5628 id
2511 5583 2610 5634 est,
2637 5564 2804 5637 legein
2825 5570 2987 5640 divini
3002 5569 3215 5640 timoris
3233 5564 3318 5621 ori
3336 5578 3447 5626 tuo,
3479 5575 3534 5618 ut
3558 5564 3859 5640 dicascum

2287 5635 2583 5715 propheta:
2618 5635 2737 5694 om
2759 5657 2778 5693 :
2807 5639 3093 5715 Custgdiant
3135 5637 3238 5715 vias
3267 5652 3424 5698 meas,
3447 5713 3454 5715 _
3474 5644 3540 5715 ut.
3560 5651 3658 5686 non
3690 5635 3862 5715 deliis.-

2287 5700 2436 5776 ituani
2461 5715 2511 5765 in
2545 5712 2713 5780 lingua
2751 5725 2880 5762 mea.
2912 5708 3070 5780 Posui
3107 5707 3181 5758 ori
3205 5719 3318 5780 _nieo
3345 5704 3624 5756 custodiam
3688 5700 3859 5780 (Psul.

2287 5771 2377 5842 '58.
2407 5784 2483 5856 2).
2513 5771 2641 5841 ltein
2669 5781 2937 5851 Sapientia
2961 5776 3114 5831 docet
3145 5789 3160 5827 :
3194 5773 3410 5828 Obstrue
3435 5789 3581 5825 aures
3609 5785 3723 5826 tuas
3751 5771 3863 5841 spi-
