4128 6472
274 361 389 419 925

275 466 376 527 nis,
405 480 471 518 ne
494 464 672 516 audias
692 460 837 515 verba
859 460 1081 529 maligna
1125 455 1423 535 (Eccliaﬁg
1456 454 1699 535 28l._Sed
1730 469 1865 523 quo-

277 526 418 590 niam
443 535 651 599 fragiles
678 541 801 584 sunt
828 526 1020 584 nostra:
1048 526 1202 594 serie,
1234 530 1331 581 nisi
1367 528 1509 599 Deus
1539 526 1653 577 illas
1682 540 1867 599 serva-

279 608 453 658 verit:
485 596 608 671 quia
654 601 768 653 Nisi
804 600 1051 653 Dominus
1085 596 1666 671 ciistodieritfivitatent,
1696 596 1747 646 in
1777 611 1866 647 va-

282 694 403 728 nnm
444 667 614 743 uigilat
641 672 724 739 qui
747 673 955 723 custodit
984 687 1092 743 eam
1129 668 1297 743 (Psal.
1341 667 1467 743 126ζ
1500 668 1590 743 l)_:
1622 680 1868 732 rogemus

284 747 451 799 Deum
492 736 697 809 pariter
736 758 853 794 cuin
886 739 1177 807 βιυιιιιιιιίιε
1228 736 1383 811 Pone,
1418 736 1866 811 Dinwiiite,‘custo-

281 816 423 867 diam
453 803 528 865 ori
554 827 681 872 meo,
714 822 758 863 et
787 803 967 863 ostium
987 803 1379 861 ’σιτ-ειιηιδιηιιιίιιι
1409 807 1553 858 labiis
1585 804 1723 856 meis.
1751 803 1868 856 Non

283 885 506 936 declines
536 898 621 933 cor
648 898 809 932 meum
846 882 896 954 in
929 880 1072 931 verba
1114 879 1321 954 malitia:
1350 876 1518 940 (Psal.
1556 875 1677 928 “0.
1706 875 1757 954 ὅ.

286 956 436 1007 l'one
471 966 619 1005 seras
648 966 805 1016 super
844 950 1102 1002 fenestras
1130 950 1401 1016 oculorum
1443 956 1676 1007 tuorum,
1709 953 1764 995 ut
1790 944 1869 1016 di-

283 1038 379 1076 cas
426 1037 545 1075 cum
589 1014 885 1073 casti—ssimo
930 1018 1029 1070 Joh
1065 1034 1075 1067 :
1121 1015 1279 1069 Posui
1325 1026 1670 1068 testamentum
1715 1014 1870 1065 oculis

287 1093 435 1156 n-eis,
476 1099 529 1143 ut
560 1107 657 1142 non
689 1090 919 1141 sentirem
950 1088 999 1139 in
1031 1088 1269 1154 uirginem
1305 1086 1423 1155 (Job
1464 1088 1546 1139 51.
1583 1086 1657 1151 1).
1714 1084 1867 1156 Item,

289 1162 353 1215 Si
382 1153 639 1226 concupiui
679 1175 853 1227 agrum
892 1153 1253 1227 proaimimei,
1295 1153 1382 1227 ego
1411 1156 1664 1214 seminem,
1711 1162 1758 1206 et
1782 1153 1871 1227 alii

288 1242 474 1284 metent
513 1222 671 1295 (Ibid.
712 1222 765 1279 ὐ.
800 1222 1033 1295 8)(Ιιοιιι
1080 1227 1199 1292 quia
1230 1225 1440 1292 fragiles
1470 1235 1589 1277 sunt
1616 1238 1748 1275 Sera!
1794 1222 1873 1276 fe-

291 1311 589 1354 nestrarum
615 1307 931 1356 nostrarum,
966 1296 1243 1348 Dominum
1274 1296 1578 1347 invocemus
1605 1308 1721 1345 cum
1750 1308 1873 1360 pro-

292 1372 451 1439 plieta
482 1369 717 1439 dicentes
748 1384 759 1417 :
797 1364 993 1439 Inclina
1016 1381 1286 1439 cor_nteum
1314 1365 1364 1415 in
1390 1365 1665 1439 testimonia
1691 1372 1795 1439 tua,
1824 1370 1872 1415 et

292 1435 395 1492 non
417 1440 466 1490 in
497 1436 775 1489 auaritiam.
803 1435 975 1487 Avcrte
1001 1435 1169 1487 oculos
1204 1450 1336 1485 meos
1362 1450 1423 1486 ne
1450 1435 1644 1485 videant
1678 1435 1869 1485 vanita-

293 1521 395 1563 tem
437 1507 606 1573 (Psul.
665 1504 783 1559 118.
834 1504 919 1558 36.
968 1504 1082 1571 '57).
1128 1504 1261 1569 Quid
1302 1504 1463 1569 ergo?
1494 1504 1660 1555 nescit
1696 1504 1870 1573 anima

292 1572 507 1645 quando
546 1591 639 1644 per
668 1575 795 1627 istos
826 1574 1069 1645 introitus
1106 1573 1191 1645 fur
1218 1574 1505 1645 ingreditur
1529 1588 1687 1645 super
1713 1572 1873 1625 eam?

294 1642 439 1700 Vere
468 1642 653 1699 neScit.
685 1644 749 1697 Et
778 1642 987 1715 quidem
1017 1643 1227 1715 quando
1253 1642 1458 1715 ducitur
1483 1643 1551 1715 ad
1578 1653 1867 1715 peceatum,

295 1719 401 1771 scit
432 1734 444 1768 :
474 1715 685 1782 quando
726 1722 901 1767 autem
945 1713 1254 1780 ingreditur,
1287 1714 1472 1765 nescit.
1504 1713 1624 1764 Ideo
1655 1712 1874 1782 vigilare

296 1779 562 1848 debetpet
590 1784 836 1837 claudere
866 1779 1049 1835 omnes
1077 1783 1205 1834 istos
1246 1782 1488 1833 introitus
1529 1798 1541 1832 :
1574 1794 1634 1832 os
1661 1779 1872 1847 quidem

300 1854 695 1909 narrationibus
722 1852 939 1915 sanctis,
969 1864 1124 1903 aures
1148 1850 1501 1903 auditionibus
1532 1849 1631 1917 piis
1651 1891 1664 1911 ,
1694 1850 1875 1901 oculos

298 1924 725 1979 consideratione
753 1921 1111 1973 mirandorum
1139 1934 1357 1986 operum
1390 1919 1500 1983 Dei,
1536 1927 1766 1973 mentem
1788 1933 1879 1971 co-

294 1992 646 2064 gitationibus
688 2005 946 2064 occupare
975 1988 1446 2064 erlestibus._Non_
1482 1988 1874 2064 enim‘sulticit,

302 2058 489 2116 ῖιιιιοιι
544 2058 838 2129 Ιυιιυίιιιη,ί
867 2059 949 2111 vel
997 2060 1191 2129 audiat,
1236 2058 1319 2129 vel
1365 2058 1537 2129 videat
1565 2059 1645 2111 vel
1684 2058 1878 2126 cogitet

304 2134 464 2185 mala.
510 2127 782 2196 Quienim
829 2127 940 2181 liazc
979 2129 1105 2195 agit,
1138 2128 1327 2181 clausit
1366 2128 1607 2180 introitus
1636 2142 1781 2190 suos,
1825 2135 1881 2180 et

308 2200 566 2267 implevit,
591 2209 642 2252 et
670 2198 920 2267 oppilavit
947 2198 1096 2267 malis
1123 2198 1374 2250 adversus
1412 2197 1568 2259 bona,
1600 2207 1656 2249 ut
1693 2212 1759 2250 ne
1796 2197 1876 2249 lo-

305 2266 427 2323 cum
477 2268 667 2321 habeat
715 2268 1010 2320 introeundi
1052 2266 1219 2319 bonus
1267 2267 1523 2333 spiritus:
1571 2267 1657 2335 qui
1697 2276 1877 2319 autem

309 2340 447 2391 mala
470 2338 676 2405 quidem
699 2337 913 2402 deponit
940 2336 1007 2388 ab
1028 2337 1125 2400 eis,
1154 2337 1289 2388 bona
1313 2346 1484 2389 autem
1514 2352 1617 2389 non
1638 2337 1875 2403 snscipit,

309 2408 401 2461 ille
417 2408 604 2461 dicitur
616 2416 826 2475 apertos
844 2405 1035 2458 habere
1052 2406 1310 2458 introitus.
1330 2406 1612 2473 Propterea
1637 2416 1881 2458 vacantes

308 2491 405 2531 eos
450 2477 719 2529 inveniens
752 2476 1012 2536 inimicus,
1061 2476 1220 2526 intrat
1262 2475 1325 2527 ad
1369 2478 1618 2527 animam.
1662 2475 1881 2539 Propter

309 2546 451 2613 quod
481 2559 612 2613 opus
638 2554 737 2606 est,
770 2553 825 2597 ut
857 2543 981 2611 justi
1026 2544 1265 2613 introitus
1295 2560 1397 2596 non
1434 2548 1604 2596 solum
1633 2554 1819 2597 vacent
1850 2558 1880 2595 a

313 2612 487 2678 malis,
518 2612 609 2666 sed
636 2614 793 2668 etiam
837 2622 895 2664 ut
941 2613 1049 2665 sint
1084 2612 1272 2675 clausi,
1303 2623 1355 2665 ct
1386 2614 1543 2680 pleni.
1574 2622 1627 2665 et
1664 2614 1879 2681 oppilati

312 2685 468 2738 lienis
496 2682 749 2736 adversus
790 2681 948 2743 mala,
994 2692 1050 2735 ut
1095 2683 1264 2733 malus
1295 2698 1395 2734 non
1440 2683 1667 2735 inveniat
1709 2683 1881 2734 locum

315 2752 638 2809 introeundi.
672 2749 819 2805 Unde
848 2759 900 2803 et
928 2752 1193 2818 sapienter
1224 2751 1409 2804 Petrus
1448 2751 1573 2804 dicit
1600 2750 1738 2817 apud
1766 2748 1883 2803 Cle-

304 2834 566 2887 mentem,
581 2823 848 2894 quomodo
860 2823 1020 2894 debet
1034 2824 1155 2892 quis
1171 2824 1504 2879 incessanter
1517 2840 1638 2894 quin
1649 2824 1742 2878 Dei
1759 2833 1887 2880 sunt

307 2894 545 2960 cogitare
573 2892 798 2972 et_loqui
827 2911 837 2944 :
862 2893 1121 2972 quoniam
1151 2893 1194 2945 si
1223 2908 1377 2972 mens
1410 2892 1573 2947 fuerit
1603 2895 1658 2946 in
1680 2895 1770 2972 liis
1797 2910 1885 2948 oe-

308 2969 525 3027 cupata,
555 2962 726 3014 malus
747 2976 852 3014 non
875 2962 1083 3014 invenit
1110 2962 1285 3015 locum
1311 2964 1373 3016 ad
1399 2974 1655 3017 mentem.
1675 2963 1883 3017 Conse—

309 3038 542 3101 quenter
569 3028 837 3101 Propheta
869 3046 977 3101 non
998 3031 1147 3101 dixit
1182 3040 1385 3084 tantum
1420 3050 1432 3083 :
1464 3030 1657 3084 Beatus
1691 3034 1767 3084 vir
1796 3034 1884 3101 qui

310 3112 412 3148 non
434 3099 562 3150 abiit
578 3100 631 3149 in
648 3099 863 3151 consilio
880 3100 1180 3166 impiorum,
1201 3110 1246 3151 et
1264 3102 1316 3151 in
1333 3103 1417 3152 cia
1436 3111 1760 3164 peccatorum
1783 3099 1881 3154 non

306 3169 467 3226 stetit.
485 3179 531 3219 et
549 3168 603 3218 in
628 3169 873 3220 cathedra
899 3168 1206 3234 pestilentia:
1226 3186 1322 3221 non
1340 3173 1503 3233 sedit;
1524 3172 1617 3225 sed
1642 3171 1877 3225 addidit:

306 3236 400 3309 sed
416 3238 477 3309 in
509 3238 618 3309 lege
648 3236 860 3289 Domini
890 3237 1128 3309 uoluntas
1145 3240 1274 3309 ejus,
1306 3249 1351 3291 et
1382 3240 1437 3291 in
1461 3240 1565 3309 lege
1582 3241 1694 3307 ejus
1716 3242 1875 3293 medi-

312 3305 513 3356 tabitur
542 3307 621 3357 die
656 3323 719 3357 ac
752 3316 896 3358 nocte
942 3306 1108 3371 (Psal.
1162 3308 1210 3358 1.
1246 3309 1296 3360 1.
1328 3310 1404 3373 2).
1438 3305 1734 3361 1⁴ὶι’1);ιυ1ιιε
1762 3326 1883 3363 eum

310 3374 535 3435 diceret,
573 3375 690 3426 Non
728 3386 798 3426 est
832 3376 972 3427 nobis
1004 3376 1300 3428 colluctatio
1323 3380 1567 3429 adversus
1602 3394 1809 3431 carnem
1839 3388 1887 3430 et

308 3444 641 3512 sgangninem,
672 3458 778 3495 non
814 3444 946 3497 dixit
988 3452 1225 3506 tantum,
1257 3445 1517 3512 Deponite
1563 3447 1698 3498 mala
1729 3464 1740 3497 :
1771 3448 1884 3508 sed,

308 3502 570 3581 Suscipite
595 3502 797 3564 omnem
824 3522 1152 3578 armaturam
1187 3502 1299 3573 Dei,
1337 3502 1393 3565 ut
1427 3516 1629 3581 possitis
1653 3502 1889 3567 resistere

309 3580 367 3632 in
396 3582 479 3633 die
505 3582 644 3635 malo
677 3582 881 3649 (Ep/tes.
912 3582 963 3634 6.
998 3584 1084 3635 12.
1120 3582 1206 3647 15)
1242 3598 1255 3634 :
1288 3582 1343 3635 id
1370 3593 1470 3645 est,
1499 3584 1691 3636 Omnia
1726 3598 1889 3652 opera

320 3657 456 3712 bona
489 3655 659 3708 facite.
707 3654 853 3706 Sicut
895 3653 1035 3705 enim
1065 3667 1157 3704 vas
1186 3655 1430 3719 quamdiu
1472 3655 1681 3721 plenum
1712 3667 1791 3707 est
1821 3657 1887 3708 de

320 3727 516 3794 aliquo,
552 3738 653 3794 non
677 3723 881 3794 recipit
918 3724 1294 3794 superinissum
1327 3739 1338 3774 :
1367 3725 1410 3777 si
1449 3734 1623 3776 autem
1668 3739 1885 3776 vacuum

321 3790 499 3857 fuerit,
531 3792 713 3861 recipit
758 3805 913 3843 omne
948 3790 1091 3861 quod
1124 3792 1343 3843 mittitur
1370 3811 1379 3842 :
1412 3794 1487 3845 sic
1518 3794 1674 3845 homo
1700 3809 1887 3860 quam—

320 3865 411 3916 diu
440 3860 725 3928 occupatus
749 3869 829 3912 est
858 3860 1029 3921 malis,
1061 3876 1162 3910 non
1188 3862 1371 3927 recipit
1397 3862 1588 3914 bonum
1615 3881 1627 3913 :
1657 3873 1709 3915 et
1730 3863 1772 3915 si
1800 3878 1889 3915 oe-

322 3942 543 4001 eupalus
585 3930 739 4001 fuerit
776 3928 946 3990 bouis,
992 3930 1215 4001 repellit
1242 3931 1437 4001 malum
1460 3948 1480 4001 _:
1513 3933 1555 3982 si
1587 3942 1761 3984 autem
1794 3946 1889 3985 nee

323 3999 443 4059 isto,
492 4016 588 4053 nec
618 3999 705 4051 illo
733 4012 790 4050 se
826 3999 1179 4066 occupaverit,
1207 3999 1253 4051 id
1280 4009 1381 4060 est,
1429 3999 1471 4051 si
1516 4015 1686 4067 neque
1714 4001 1885 4065 bonis,

324 4085 495 4138 neque
524 4070 675 4121 malis
700 4066 998 4127 intenderit,
1028 4070 1199 4120 omnis
1228 4071 1439 4136 spiritus
1479 4066 1638 4121 intrat
1665 4070 1713 4121 in
1746 4086 1887 4122 eum.

325 4141 530 4194 lntrans
578 4147 771 4201 autem,
816 4150 918 4188 non
950 4138 1123 4189 statim
1168 4138 1310 4191 ducit
1338 4152 1456 4190 eum
1482 4138 1547 4190 ad
1596 4150 1886 4204 peccatum,

325 4210 417 4263 sed
453 4208 674 4275 primum
698 4206 922 4259 delectat
948 4220 1065 4258 eum
1095 4207 1144 4258 iu
1173 4208 1346 4269 malis,
1372 4218 1425 4259 et
1451 4221 1662 4259 sensum
1686 4208 1891 4262 deside-

325 4280 417 4332 riis
447 4276 742 4330 cai-nalibus
780 4276 976 4341 alligat,
1023 4285 1075 4327 et
1102 4287 1276 4341 postea
1320 4277 1462 4329 ducit
1488 4276 1554 4329 ad
1593 4287 1887 4343 peccatum,

325 4348 537 4417 quando
576 4347 698 4415 jam,
749 4348 845 4417 etsi
891 4344 1131 4413 intelligit
1178 4344 1519 4417 malum‘esse
1562 4345 1703 4413 quod
1747 4346 1887 4410 facit,

326 4414 430 4470 non
464 4414 634 4484 potest
658 4416 901 4467 resistere
926 4424 1107 4484 contra
1133 4415 1344 4466 malum.
1379 4414 1432 4467 Si
1472 4429 1619 4482 ergo,
1650 4424 1701 4468 te
1726 4418 1892 4484 negli-

325 4482 481 4556 gente
520 4486 732 4556 donmm
763 4482 1127 4556 corporis_hoc
1156 4484 1313 4556 modo
1334 4498 1592 4556 servare,
1628 4482 1891 4556 ingressus

328 4553 484 4609 fuerit
508 4556 590 4607 fur
617 4554 878 4617 diabolus,
916 4562 969 4605 et
997 4553 1197 4605 furatus
1218 4554 1369 4605 fuerit
1403 4554 1890 4620 vestimentajusti-

328 4626 539 4683 tiarum.
568 4624 756 4692 quibus
782 4634 833 4674 te
873 4630 1112 4675 renatum
1144 4624 1194 4674 in
1226 4622 1483 4690 baptismo
1509 4623 1679 4692 induit
1706 4622 1843 4676 Deus
1870 4639 1885 4675 :

329 4696 372 4747 si
419 4693 616 4746 furatus
642 4692 795 4745 fuerit
833 4707 1014 4743 aurum
1057 4692 1351 4745 intellectus
1378 4693 1473 4755 tui,
1515 4692 1560 4744 si
1590 4691 1889 4747 divinorum

327 4766 653 4832 eloquiorum
683 4770 975 4832 argentarii,
999 4762 1135 4828 quod
1160 4762 1373 4832 forsitan
1397 4777 1517 4815 cum
1547 4763 1713 4832 multo
1736 4761 1891 4832 fabri-

326 4830 457 4888 cisn
490 4833 668 4885 labore
701 4848 713 4882 :
760 4831 803 4883 si
830 4831 1130 4883 linteamina
1157 4831 1443 4897 gratiarum
1467 4847 1584 4899 qua:
1632 4831 1721 4883 tibi
1748 4830 1893 4884 dedit

330 4903 489 4965 Deus,
516 4917 633 4954 cum
666 4910 713 4952 te
742 4901 1015 4967 adoptaret
1042 4902 1093 4952 in
1126 4900 1308 4963 lilium,
1336 4911 1657 4966 eacterasque
1686 4902 1891 4953 divitias

328 4971 627 5041 spirituales
661 4969 953 5041 tollens,ite
991 4968 1308 5035 dormiente,
1342 4970 1623 5041 feceritque
1643 4977 1711 5041 te
1740 4985 1890 5041 men:-

327 5038 501 5095 dicuni
528 5050 581 5092 et
607 5040 822 5103 nudum,
854 5040 989 5092 sicut
1030 5053 1251 5105 serpens
1291 5039 1456 5091 Adam
1492 5056 1503 5087 :
1533 5038 1656 5105 quid
1687 5038 1891 5091 facies?

329 5111 592 5177 quomodo
621 5110 787 5161 nudus
814 5118 935 5160 ante
958 5117 1299 5177 conspectum
1332 5108 1533 5160 Domini
1569 5110 1640 5159 tui
1672 5109 1892 5162 accedes

332 5180 478 5251 (Gen.
512 5180 607 5248 3)?
635 5178 710 5251 Et
738 5179 822 5231 ille
848 5176 1059 5245 quidem
1100 5181 1326 5251 nudatus
1364 5177 1641 5251 abscondit
1668 5191 1725 5229 se
1755 5177 1893 5230 inter

332 5247 465 5319 ligna
490 5248 751 5319 paradisi;
783 5258 833 5319 tu
855 5249 1151 5319 autemsub
1174 5262 1273 5315 qua
1302 5247 1527 5319 scissura
1556 5256 1818 5319 petrarum
1844 5259 1892 5299 te

330 5316 622 5373 abscondes
665 5332 692 5368 a
725 5316 857 5369 facie
907 5318 1129 5376 Domini,
1171 5332 1288 5367 cum
1319 5316 1518 5368 venerit
1556 5316 1893 5383 confringere

333 5388 561 5442 terrain?
592 5388 655 5441 Et
686 5388 850 5438 Adam
885 5384 1097 5452 quidem
1127 5400 1154 5435 a
1189 5385 1294 5436 Deo
1321 5385 1571 5451 quaesitus
1609 5394 1686 5436 est
1715 5394 1769 5436 et
1814 5387 1891 5436 in-

330 5471 537 5523 ventus,
572 5467 623 5509 tu
656 5466 828 5507 autem
851 5454 1113 5521 abjicieris
1142 5463 1193 5506 et
1223 5455 1414 5518 peribis
1444 5470 1456 5505 :
1488 5454 1607 5520 quia
1636 5453 1725 5505 ille
1756 5454 1894 5520 igno-

332 5543 452 5584 rans
478 5530 737 5594 serpentis
783 5525 1083 5587 \ersutiam,
1116 5538 1207 5589 per
1235 5523 1631 5594 simplicitatem
1670 5524 1892 5576 nudatus

325 5610 406 5657 est
432 5591 583 5654 suam
615 5612 628 5646 :
663 5606 713 5647 tu
744 5602 919 5645 autem
945 5594 1137 5657 sciens,
1166 5604 1239 5643 tot
1262 5591 1550 5658 Scripturis
1572 5592 1889 5654 admonitus,

333 5688 427 5742 per
464 5665 829 5742 negligentiam
872 5664 1036 5742 laetus
1076 5677 1133 5714 es
1178 5662 1366 5742 nudus.
1394 5662 1614 5727 Propter
1638 5661 1774 5742 quod
1792 5661 1892 5742 ille

328 5730 885 5813 quiucm'uiortalitate
913 5733 1129 5787 vestitus
1170 5740 1250 5786 est
1278 5730 1343 5785 ad
1373 5742 1596 5803 tempus,
1638 5740 1690 5786 tu
1717 5740 1889 5786 autem

1455 344 1518 397 IN
1556 341 1983 398 MATTll/EL'M.
2025 341 2252 397 HOMIL.
2296 343 2379 400 Ll.

3453 363 3566 421 926

1978 454 2030 508 in
2077 464 2332 525 aeternum
2374 455 2487 523 ipse
2526 454 2811 511 tradendus
2858 470 2917 511 es
2961 460 3133 525 morti,
3179 464 3406 520 maxime
3431 482 3474 522 si
3505 482 3557 525 te

1975 524 2443 601 comprehenderit
2486 526 2625 601 finis,
2655 528 2957 601 priusquam
3012 531 3101 583 tibi
3145 547 3239 599 per
3286 524 3551 601 pteniten4

1976 596 2100 647 tiani
2128 597 2289 675 altera
2326 606 2471 648 texes
2496 598 2831 675 veStimenta.
2864 597 2993 675 Nam
3024 596 3191 669 prima
3221 596 3384 675 gratis
3416 622 3552 675 pra:-

1975 674 2149 717 statur
2191 680 2219 716 a
2252 665 2361 718 Deo
2388 686 2401 719 :
2433 666 2662 719 secunda
2692 676 2865 720 autem
2897 669 3004 733 vix,
3026 665 3087 724 'et
3112 665 3249 725 cuni
3274 665 3436 729 nimio
3464 693 3550 732 re-

1982 745 2195 808 paratur
2222 734 2401 808 labore
2425 745 2478 787 et
2516 736 2678 808 luctu,
2711 738 2975 804 quomodo
3002 738 3116 793 luce
3155 742 3400 808 parabola
3443 757 3545 803 est.

1976 803 2263 874 Veniamus
2294 807 2467 873 itaque
2493 805 2557 857 ad
2607 803 2771 874 ipsam
2804 809 3067 873 parabolis:
3092 803 3324 863 causam.
3365 814 3550 870 Omnis

1978 872 2156 933 homo,
2182 874 2224 925 si
2246 872 2425 933 sciret.
2455 872 2665 942 quando
2689 872 2816 929 dies,
2835 877 3038 931 Domini
3081 891 3333 935 venturus
3357 894 3439 937 est
3463 900 3554 939 su-

1977 957 2070 1010 per
2097 957 2217 1021 cum
2260 944 2394 1023 sicut
2438 942 2521 995 fur
2549 943 2663 1023 (sed
2694 946 2962 1023 insperate
2996 950 3212 1023 veniens
3256 953 3391 1006 sicut
3419 953 3551 1023 fur),

1979 1012 2310 1079 przeveniret.
2343 1024 2394 1064 et
2418 1027 2519 1065 non
2548 1012 2745 1067 sineret
2766 1015 2964 1082 perfodi
2991 1017 3205 1071 domum
3234 1036 3403 1075 suam.
3437 1012 3551 1080 Non

1977 1082 2096 1135 dico
2120 1082 2238 1159 quia
2262 1082 2544 1153 repelleret
2567 1098 2596 1159 a_
2622 1084 2897 1159 se_fu_rem,
2928 1087 3021 1142 sed
3050 1088 3245 1159 faceret
3267 1091 3547 1159 justitiam,

1979 1160 2035 1228 _ut
2076 1153 2318 1205 veniente
2352 1153 2631 1228 _sententia
2686 1153 2798 1213 Dei,
2830 1169 2948 1228 non
2992 1153 3356 1225 perfiidereiiir
3402 1153 3547 1228 quasi

1978 1221 2243 1294 ignorans,
2273 1221 2365 1294 sed
2388 1231 2665 1294 vocaretur
2693 1224 2841 1290 quasi
2876 1221 3341 1294 jam‘prasparatus
3370 1221 3433 1284 ad
3456 1248 3553 1286 ex-

1984 1292 2132 1343 itum.
2166 1290 2385 1355 Quando
2410 1292 2598 1344 animae
2632 1290 2947 1359 peccatriCes
2976 1290 3305 1351 delectantur
3333 1301 3382 1352 in
3423 1317 3549 1355 cor-

1980 1375 2127 1438 pore,
2169 1370 2222 1412 et
2255 1371 2516 1427 tamquam
2559 1362 2617 1438 in
2640 1377 2736 1438 suo
2769 1365 2979 1438 proprio
3006 1365 3271 1420 domicilio
3299 1370 3549 1438 gaudent,

1978 1430 2195 1482 veniens
2243 1445 2361 1482 cum
2393 1432 2651 1484 sententia
2698 1433 2785 1484 Dei
2830 1436 3047 1554 angelus
3095 1438 3281 1489 mortis
3301 1430 3553 1506 'perfodit

1978 1513 2189 1554 coruus.
2237 1510 2287 1551 et
2325 1500 2551 1553 animam
2584 1500 2842 1554 violenter
2924 1503 3086 1554 ivellit
3123 1505 3190 1554 ab
3215 1521 3279 1554 eo
3313 1525 3325 1554 :
3360 1510 3549 1554 animm

1977 1513 2189 1566 corpus,
2237 1510 2287 1551 et
2325 1500 2551 1553 animam
2584 1500 2842 1555 violenter
2884 1500 3086 1557 divellit
3123 1505 3190 1558 ab
3215 1521 3279 1557 eo
3313 1500 3549 1564 {animae

1978 1568 2383 1645 autemjustm,“
2413 1586 2529 1637 qua:
2575 1586 2677 1645 non
2706 1570 3039 1645 delectantur
3085 1574 3136 1627 in
3182 1590 3424 1645 corpore,
3454 1579 3549 1634 sed

1979 1639 2125 1709 quasi
2152 1638 2207 1709 iu
2236 1640 2424 1691 exsilio
2451 1648 2593 1709 sunt,
2633 1640 2684 1692 in
2730 1655 2823 1694 eas
2848 1642 3090 1696 veniente
3129 1638 3420 1709 sententia,
3440 1664 3547 1703 non

1981 1707 2363 1787 perfodiuntur,
2388 1708 2486 1787 sed
2499 1720 2751 1761 vocantur
2764 1711 3073 1787 gaudentes.
3094 1715 3180 1787 45.
3208 1715 3331 1781 Quis
3347 1707 3476 1771 enim
3494 1720 3552 1787 fi-

1980 1776 2106 1856 delis
2116 1792 2288 1856 servus
2301 1786 2345 1827 et
2359 1778 2596 1856 prudens,
2608 1795 2757 1856 quem
2768 1776 3021 1856 constituit
3034 1776 3263 1856 dominus
3279 1787 3386 1854 ejus
3402 1776 3553 1856 super

1982 1846 2225 1968 {mnilinm
2237 1862 2397 1907 suam,
2413 1856 2465 1898 ut
2482 1848 2563 1898 det
2582 1848 2681 1899 illis
2694 1847 2856 1899 cibum
2872 1850 2923 1901 in
2937 1854 3187 1917 tempore?
3201 1846 3331 1906 Cum
3348 1857 3413 1908 de
3430 1846 3554 1926 vigi-

2003 1925 2122 1967 ante
2146 1925 2197 1968 et
2230 1932 2331 1967 non
2350 1917 2594 1968 viailante
2616 1931 2773 1968 suoer
2789 1918 3001 1968 domum
3024 1935 3171 1968 suam
3200 1923 3449 1968 Dnminns
3477 1928 3554 1968 In.

2003 1925 2122 1967 ante
2146 1925 2197 1968 et
2230 1932 2331 1967 non
2350 1917 2594 1984 vigilante
2616 1931 2773 1984 super
2789 1918 3001 1971 domum
3024 1935 3171 1973 suam
3200 1923 3449 1978 Dominus
3475 1917 3554 1979 ro-

1980 1996 2245 2051 queretur,
2279 1986 2453 2038 sciens
2475 1988 2721 2056 quoniam
2749 1988 3056 2056 plerumque
3093 1992 3395 2047 sacerdotes
3425 1994 3549 2051 mali

1983 2056 2229 2122 populum
2248 2055 2544 2109 obdormire
2564 2056 2757 2109 faciunt
2777 2056 2827 2109 in
2848 2055 3089 2123 peccatis,
3113 2059 3233 2114 boni
3255 2073 3427 2116 autem
3454 2080 3553 2119 ex-

1980 2126 2143 2202 citant
2171 2139 2198 2202 a
2232 2126 2555 2202 negligentia;
2577 2141 2781 2202 somno,
2809 2136 2861 2180 et
2883 2126 3075 2202 faciunt
3098 2128 3311 2202 vigilare
3342 2133 3392 2185 in
3421 2149 3552 2202 ope-

1982 2194 2128 2246 ribus
2174 2194 2321 2246 lionis
2356 2213 2367 2247 :
2400 2196 2547 2262 quasi
2579 2196 2786 2248 assidua
2831 2196 2950 2248 tuba
2980 2194 3235 2253 doctrina:
3269 2216 3378 2255 sua:
3404 2194 3553 2258 eici-

1984 2272 2098 2339 tans
2123 2264 2197 2339 ad
2228 2264 2361 2339 bona
2389 2278 2547 2339 opera
2576 2266 3124 2339 aniinasdauditorum,
3166 2284 3553 2339 consequenter

1982 2332 2049 2406 de
2082 2334 2230 2384 bouis
2258 2342 2307 2406 et
2343 2333 2890 2406 justis‘sacerdotilius
2921 2336 3204 2406 introducit
3228 2332 3549 2406 sermonem,

1982 2401 2222 2477 dicener
2254 2402 2376 2465 Quis
2400 2410 2469 2453 est
2496 2402 2657 2465 ﬁdelis
2675 2418 2841 2477 servus
2863 2412 2905 2454 et
2931 2404 3149 2470 prudens
3166 2407 3192 2457 .9
3214 2407 3267 2461 Si
3291 2411 3430 2462 enim
3464 2401 3552 2477 pa:-

1984 2470 2290 2524 terl'auiilias
2332 2485 2489 2546 super
2515 2472 2904 2546 possessionem
2929 2489 3077 2546 suam
3109 2476 3335 2529 villicum
3367 2470 3549 2546 ponit,

1985 2549 2186 2610 utnon
2214 2554 2332 2592 cum
2361 2540 2578 2607 singulis
2606 2542 2808 2594 colonis
2858 2542 3045 2595 habeat
3080 2558 3315 2610 causam,
3347 2540 3439 2600 sed
3484 2540 3552 2602 de

1985 2609 2100 2683 solo
2126 2609 2300 2683 villico
2325 2612 2558 2683 omnium
2601 2612 3116 2683 exigatrat‘iouem:
3159 2616 3202 2666 si
3249 2609 3375 2683 ergo
3416 2618 3554 2670 inter

1984 2680 2199 2730 colonos
2226 2679 2393 2753 aliqua
2431 2679 3233 2753 indiscipliuatiofuerittaeda,
3275 2679 3555 2753 unusquis-

1985 2762 2087 2814 que
2120 2762 2212 2814 pro
2241 2761 2337 2800 suo
2362 2747 2554 2800 delicto
2580 2763 2701 2801 reus
2725 2749 2970 2811 eﬂicitur.
3000 2751 3208 2806 villicus
3248 2747 3440 2807 autein'
3454 2768 3553 2823 pro

1991 2825 2232 2879 omnium
2264 2825 2501 2885 delictis;
2535 2834 2589 2878 et
2615 2825 2658 2877 si
2688 2825 2825 2878 bene
2850 2824 3080 2877 reditum
3113 2839 3267 2877 suum
3301 2828 3553 2887 reddide-

1992 2896 2120 2957 rint,
2148 2894 2513 2961 unusquisque
2538 2894 2752 2961 quidvm
2777 2908 2872 2961 pro
2903 2908 2996 2946 sua
3022 2892 3122 2946 fide
3152 2894 3415 2960 laudatur,
3448 2898 3554 2952 vi]-

1993 2964 2128 3016 licus
2156 2974 2333 3016 autem
2368 2979 2465 3030 pro
2519 2962 2620 3016 fide
2666 2962 2905 3015 omnium
2944 2974 3352 3017 remuneratur:
3384 2967 3461 3020 sic
3498 2977 3554 3022 et

1992 3032 2134 3085 Deus
2158 3034 2209 3085 in
2245 3032 2441 3100 populo
2481 3032 2600 3084 ideo
2626 3032 2839 3084 ordinat
2875 3033 3200 3095 sacerdotes,
3240 3043 3296 3085 rt
3334 3044 3553 3089 actuum

1991 3116 2175 3155 eorum
2212 3102 2310 3169 ipsi
2360 3102 2653 3154 discutiant
2696 3101 2979 3154 rationem.
3026 3100 3256 3169 ideoque
3296 3116 3555 3171 peccante

1992 3172 2187 3240 populo
2208 3171 2572 3238 unusquisque
2593 3172 2810 3240 quidem
2831 3185 2927 3238 pro
2946 3186 3043 3223 suo
3060 3182 3281 3238 peccato
3311 3173 3553 3239 punitur,

1987 3239 2236 3293 Sacerdos
2254 3250 2430 3293 autem
2456 3256 2554 3307 pro
2581 3239 2815 3307 peccatis
2830 3240 3089 3294 omnium.
3118 3240 3181 3292 Et
3200 3240 3335 3293 bene
3360 3254 3556 3309 agente

1990 3310 2186 3378 populo
2205 3309 2571 3377 unusquisque
2594 3310 2812 3376 quidem
2834 3325 2930 3375 pro
2954 3325 3051 3362 suo
3072 3310 3213 3378 bono
3236 3325 3556 3365 remunera-

1992 3377 2097 3440 tur,
2116 3380 2365 3432 sacerdos
2386 3388 2562 3431 autem
2586 3394 2682 3447 pro
2705 3380 2859 3432 bonis
2874 3379 3134 3447 omnium.
3154 3377 3276 3441 Quis
3290 3390 3362 3432 est
3380 3397 3557 3433 servus

1989 3448 2155 3514 ﬁdelis
2179 3458 2227 3500 et
2254 3449 2517 3515 prudens?
2546 3446 2677 3500 Rem
2701 3448 2917 3515 quidem
2937 3446 3254 3500 laudabilem
3283 3450 3555 3516 proponit,

1992 3516 2320 3569 rarissimam
2347 3525 2550 3575 autem,
2581 3526 2639 3568 ut
2702 3517 2785 3567 uis
2819 3516 2990 3567 fidelis
3020 3516 3324 3568 inveniatur
3344 3528 3399 3570 et
3428 3534 3558 3585 pru-

1992 3584 2145 3637 dens.
2170 3583 2305 3637 Ecce
2324 3584 2368 3637 si
2398 3599 2609 3637 uuacras
2632 3532 2834 3637 “36188.
2868 3584 2920 3637 id
2946 3592 3047 3637 est.
3071 3583 3241 3635 Deum
3266 3585 3519 3637 timentes
3539 3602 3556 3637 :

1992 3584 2145 3638 dens.
2170 3583 2305 3637 Ecce
2324 3584 2368 3637 si
2398 3599 2609 3650 quaeras
2632 3583 2834 3648 Iideles,
2868 3584 2920 3637 id
2946 3592 3047 3645 est,
3071 3583 3241 3635 Deum
3266 3583 3556 3640 timentes:

1989 3658 2041 3699 et
2083 3663 2223 3704 13'505
2250 3651 2458 3713 quidem
2489 3665 2593 3701 non
2636 3652 2827 3701 multos
2866 3652 3118 3713 invenies,
3165 3663 3337 3706 tamen
3386 3657 3556 3707 adhuc

1990 3715 2140 3787 facile
2185 3718 2416 3787 invenis:
2465 3722 2586 3770 item
2634 3719 2677 3769 si
2722 3719 3007 3785 prudentes
3048 3737 3271 3787 «pueras,
3321 3724 3557 3778 invenies

1992 3786 2188 3837 multos
2218 3806 2229 3838 :
2266 3786 2435 3839 tidelis
2466 3797 2640 3841 autem
2674 3797 2725 3839 et
2752 3788 2982 3855 prudens
3013 3786 3223 3843 dillicilc
3252 3793 3553 3845 invenitur:

1991 3856 2253 3920 quomodo
2278 3858 2365 3923 qui
2395 3856 2574 3909 lideles
2595 3868 2736 3917 sunt,
2772 3858 2821 3909 id
2846 3868 2947 3920 est,
2974 3860 3134 3912 Deum
3164 3862 3429 3921 timentes.
3457 3862 3558 3915 dif-

1991 3924 2301 3995 lieilesunt
2324 3935 2371 3977 et
2416 3927 2700 3993 prudentes
2728 3943 2739 3976 :
2770 3938 2821 3979 et
2848 3930 2935 3995 qui
2968 3930 3249 3995 prudentes
3277 3932 3555 3985 inveniun-

1993 4002 2096 4069 tur,
2125 3992 2340 4069 difﬁcile
2368 3992 2493 4069 sunt
2518 4006 2570 4069 et
2600 3997 2761 4049 Deum
2791 3992 3061 4069 timentes;
3084 3999 3290 4064 Quanto
3315 4015 3442 4069 ergo
3472 4017 3557 4053 ra-

1992 4064 2391 4135 riorinvenitur
2430 4064 2596 4135 ﬁdelis
2644 4074 2696 4135 et
2739 4066 2989 4131 prudens,
3020 4076 3162 4119 tanto
3188 4070 3275 4135 qui
3314 4064 3558 4124 inventus

1993 4132 2169 4193 fuerit,
2194 4133 2392 4185 beatior
2410 4142 2509 4187 est.
2540 4133 2857 4187 Prudentem
2882 4144 3053 4189 autem
3082 4132 3224 4201 dico,
3254 4154 3359 4191 non
3386 4141 3559 4192 scicn-

1994 4210 2097 4252 tem
2120 4211 2175 4254 et
2213 4204 2443 4267 doctum,
2491 4202 2582 4277 sed
2614 4214 2877 4257 sensatum
2914 4214 2968 4258 ct
2994 4216 3169 4260 mente
3212 4217 3442 4277 acutum,
3470 4210 3558 4277 qui

1994 4278 2164 4338 potest
2202 4286 2375 4346 rerum
2416 4274 2706 4346 ponderare
2738 4284 2967 4346 naturas,
2992 4284 3045 4328 et
3083 4276 3369 4346 secundum
3417 4274 3559 4346 quod

1994 4342 2628 4412 potest,_rationabiliter
2674 4345 2845 4395 omnia
2886 4358 3061 4411 agere.
3105 4345 3344 4412 Plerique
3382 4342 3557 4401 autem

1992 4420 2114 4462 sunt
2150 4409 2403 4465 habentes
2429 4413 2700 4484 scientiam
2725 4409 2962 4475 multam,
2992 4414 3081 4467 sed
3116 4430 3212 4467 nec
3248 4409 3308 4484 se
3347 4418 3560 4484 sapien-

1995 4490 2075 4552 ter
2100 4490 2306 4549 regunt,
2342 4496 2437 4552 nec
2465 4482 2736 4552 scientiam
2765 4496 2911 4533 suam
2940 4486 3203 4550 sapienter
3229 4482 3555 4552 dispensant.

1994 4549 2063 4601 Et
2089 4552 2259 4603 omnis
2296 4551 2506 4618 quidem
2536 4550 2766 4617 prudens
2790 4559 2958 4617 potest
2986 4549 3039 4605 et
3061 4549 3332 4605 scientiam
3364 4554 3560 4610 habere

1993 4634 2056 4671 ex
2087 4629 2252 4690 parte.
2286 4636 2389 4673 non
2415 4632 2588 4672 autem
2616 4629 2669 4673 et
2699 4622 2869 4673 omnis
2909 4620 3082 4673 sciens
3124 4624 3431 4689 sapientiam
3465 4639 3556 4690 po-

1994 4697 2096 4741 test
2150 4689 2344 4742 ltabere
2394 4708 2404 4741 :
2453 4691 2699 4758 quoniam
2746 4691 2999 4757 sapientia
3050 4689 3476 4758 uniuscujusque,
3507 4694 3559 4749 in

1992 4770 2112 4810 actu
2158 4760 2429 4827 probatur,
2481 4759 2697 4813 scientia
2740 4770 2911 4812 autem
2956 4760 3007 4812 in
3054 4776 3317 4814 sermone.
3365 4761 3561 4818 Fidelis

1994 4827 2203 4895 quidem
2249 4832 2505 4897 quaeritur
2552 4838 2766 4896 prepter
2816 4831 2998 4891 Deum,
3047 4840 3103 4881 ut
3144 4832 3323 4885 timeat
3354 4831 3558 4889 Deum:

1995 4898 2227 4964 prudens
2248 4910 2421 4951 autem
2448 4908 2661 4965 propter
2689 4899 2951 4961 homines,
2984 4908 3039 4952 ut
3076 4900 3326 4966 populum
3356 4900 3446 4954 Dei
3474 4918 3559 4955 sa-

1994 4967 2203 5039 pienter
2222 4969 2496 5039 gubernet.
2520 4968 2774 5033 Quoniam
2803 4983 2927 5036 ergo
2951 4968 3057 5021 Deo
3083 4984 3185 5021 non
3213 4979 3408 5022 tantum
3439 4987 3556 5039 pru-

1994 5036 2170 5089 dentia
2195 5037 2440 5100 hominis,
2460 5048 2712 5105 quantum
2742 5039 3057 5090 conscientia
3087 5040 3254 5105 placet
3280 5053 3293 5092 :
3328 5036 3528 5094 homini

1996 5106 2092 5159 bus
2117 5116 2291 5158 autem
2314 5122 2413 5159 non
2442 5117 2637 5160 tantum
2659 5109 2999 5176 conscientia,
3028 5118 3276 5175 quantum
3304 5108 3558 5176 sapientia

1998 5176 2209 5242 prodest
2236 5190 2250 5228 :
2280 5177 2321 5228 si
2352 5176 2509 5229 fuerit
2537 5186 2737 5229 tantum
2765 5179 2884 5246 quis
2907 5175 3095 5239 fidelis,
3127 5180 3313 5230 laicum
3344 5175 3557 5246 quidem

1998 5246 2136 5307 facit,
2166 5245 2491 5298 sacerdotem
2522 5256 2693 5298 autem
2737 5264 2839 5297 non
2870 5245 3007 5309 facit,
3051 5248 3149 5299 nisi
3195 5245 3559 5304 l‘uerit'iidelis

1996 5323 2048 5386 et
2068 5314 2484 5386 prudens.AErgo
2517 5315 2684 5368 fidelis
2708 5318 2977 5383 qumritur,
3003 5325 3065 5386 ut
3078 5314 3231 5369 faciat
3256 5318 3557 5386 priusquam

1995 5384 2174 5436 dicat:
2210 5384 2438 5450 prudens
2480 5395 2677 5447 autem,
2727 5397 2996 5453 postquam
3045 5384 3269 5449 fecerit,
3298 5384 3454 5452 dicat,
3502 5398 3558 5442 et

1994 5454 2471 5522 dieatintelligeos
2513 5456 2595 5506 cui
2639 5455 2807 5522 qualis
2852 5456 3085 5507 doctrina
3134 5457 3453 5517 conveniat,
3504 5467 3559 5511 es

1996 5521 2219 5594 quando.
2268 5522 2393 5594 lte_m
2424 5521 2884 5594 Ιιιιιξιίδ-ίιιιξιξιτὶιιιι·ἓ
2934 5533 2987 5594 ιιι
3014 5540 3214 5577 meumr
3255 5527 3324 5579 sit
3364 5540 3559 5594 paupe-

1996 5606 2132 5662 ruin.
2158 5592 2287 5643 sicut
2329 5592 2521 5662 Paulus
2552 5592 2723 5658 (Itum.
2752 5594 2833 5648 15.
2865 5592 2955 5662 26)
2982 5609 2995 5646 :
3028 5594 3255 5662 prudens
3283 5592 3479 5657 autem,
3503 5610 3562 5654 ut

1997 5660 2249 5731 intelligat
2284 5661 2372 5731 cui
2418 5670 2472 5713 et
2506 5663 2767 5727 quomodo
2796 5660 2985 5716 debeat
3011 5660 3339 5731 dispensare.
3369 5665 3433 5718 Et
3456 5666 3555 5725 hoc

1996 5730 2236 5803 estquod
2265 5730 2407 5797 dicit,
2435 5731 2561 5787 dare
2584 5734 2728 5789 cibos
2756 5732 2808 5788 in
2839 5742 3077 5805 tempore
3101 5730 3159 5791 et
3180 5734 3481 5806 Spirituales
3504 5748 3560 5797 et
