4128 6480
397 340 429 379 ⁸)

357 341 471 396 929
1485 341 1497 370 ¹

754 430 975 485 Ilomilia
1006 431 1081 502 lij.
1114 447 1176 484 ex
1200 430 1365 498 capite
1380 447 1499 484 xxv.

430 571 477 623 1.
506 567 647 621 Tunc
676 566 838 619 simile
861 576 932 619 est
955 581 1160 633 regnum
1185 566 1418 617 actorum
1441 564 1605 617 decem
1628 567 1917 635 virginibus,

350 649 405 694 et
439 640 658 706 reliqua.
703 636 997 689 Notandum
1033 635 1171 703 quod
1208 634 1432 701 priorem
1455 635 1665 702 quidem
1698 638 1921 702 parabo-

350 710 456 763 lam
488 705 562 761 de
588 706 895 759 doctoribus
921 706 1068 767 dicit,
1101 706 1232 756 hanc
1250 714 1425 757 autem
1449 705 1515 757 de
1541 706 1880 773 pepularihus
1905 725 1918 761 :

351 790 531 833 tamen
560 778 655 830 etsi
698 776 1022 841 Spiritualein
1071 776 1390 827 intellectum
1434 775 1622 827 habeat
1651 777 1917 841 parabola,

354 849 480 902 nihil
537 856 688 899 nocet
738 846 1071 909 interpretari
1114 861 1228 897 eam
1261 844 1418 897 etiam
1445 844 1743 897 carnaliter.
1773 845 1922 901 Tunc

352 917 527 969 simile
552 918 653 969 erit
677 956 688 974 .
718 930 839 968 eum
876 914 1060 968 dielnts
1104 916 1211 967 suis
1240 915 1515 982 completis
1542 914 1744 967 solutus
1771 916 1923 970 fuerit

353 988 613 1047 mundus,
669 1001 785 1038 cum
835 987 1037 1038 venerit
1082 984 1247 1037 Jndex
1301 986 1534 1036 omnium
1572 985 1917 1039 occultorum.

353 1057 510 1110 Modo
548 1065 725 1109 autem
778 1056 984 1107 interim
1030 1069 1214 1107 omnes
1247 1054 1488 1107 homines
1515 1055 1666 1107 nobis
1697 1056 1917 1109 invicem

354 1127 662 1179 mentimur.
718 1125 819 1177 Alii
867 1126 1065 1191 lingunt
1108 1124 1381 1192 sejustos,
1419 1138 1538 1178 cum
1584 1126 1687 1176 sint
1721 1125 1914 1195 iniqui;

351 1198 440 1248 alii
472 1195 745 1248 liumiliaut
770 1209 827 1247 se
853 1206 906 1245 ut
953 1202 1273 1261 peccatores,
1306 1209 1423 1247 cum
1454 1194 1559 1245 sint
1586 1194 1749 1246 sancti
1783 1194 1917 1247 :alii

352 1276 529 1318 autem
566 1275 742 1331 turpes
785 1274 933 1316 actus
969 1279 1091 1315 sum
1140 1278 1307 1332 usque
1347 1263 1411 1315 ad
1442 1271 1663 1316 mortem
1694 1265 1921 1316 abscon-

352 1336 505 1397 dunt,
536 1336 758 1397 amplius
786 1333 1026 1385 homines
1043 1334 1435 1393 erubescentes,
1469 1348 1625 1398 quam
1660 1332 1820 1385 Deum
1848 1334 1917 1386 ti-

354 1417 579 1465 ltteltlt-S,
609 1413 659 1456 et
686 1418 892 1470 semper
916 1413 1037 1453 sunt
1070 1404 1117 1453 iu
1146 1403 1382 1463 vulnere,
1416 1402 1539 1454 dum
1570 1416 1665 1470 pro
1686 1413 1919 1469 tempore

354 1476 540 1527 nolmit
579 1488 834 1540 apparere
879 1472 1156 1526 vulnerati.
1189 1470 1286 1538 Qui
1331 1481 1505 1525 autem
1542 1474 1701 1523 Deum
1750 1474 1915 1535 timet,

356 1543 596 1597 homines
640 1558 743 1595 non
787 1542 1071 1596 erubescit.
1112 1541 1219 1595 Nec
1243 1542 1382 1593 enim
1432 1540 1579 1610 pejor
1606 1550 1779 1608 potest
1803 1556 1919 1596 esse

353 1615 511 1667 timor
538 1622 796 1670 terrenus.
824 1627 978 1680 quam
1008 1626 1161 1679 poena
1205 1611 1450 1664 οςειεδιὶς.
1493 1611 1699 1677 Quibus
1745 1612 1917 1665 simile

351 1683 491 1736 erit?
539 1682 716 1734 Decem
744 1681 1033 1749 virginibus.
1065 1681 1285 1747 Quidam
1339 1688 1521 1747 putant
1564 1681 1647 1733 hic
1689 1681 1917 1748 virgines

352 1754 477 1814 diei,
510 1751 575 1805 de
600 1751 795 1819 quibus
818 1752 1098 1819 Apostolus
1134 1750 1365 1818 loquitur
1394 1792 1408 1813 ,
1444 1749 1509 1804 Ut
1540 1751 1637 1801 sint
1662 1760 1848 1802 sancta:
1873 1760 1918 1802 et

352 1839 561 1889 corpore
585 1818 628 1873 et
666 1822 844 1885 spiritu
876 1821 949 1889 (ι.
974 1818 1090 1873 Cor.
1114 1821 1164 1873 7.
1196 1820 1263 1873 54
1289 1820 1328 1887 ).
1364 1820 1427 1871 Ει
1472 1820 1678 1886 sapiens
1707 1820 1916 1889 quidem

354 1893 501 1959 vii-go
530 1900 626 1951 est,
660 1906 776 1957 qttzc
805 1898 858 1943 et
886 1904 1107 1959 corpore
1141 1898 1193 1943 et
1220 1890 1397 1959 animo
1434 1891 1579 1959 virgo
1606 1899 1705 1959 est,
1740 1899 1795 1940 ut
1819 1904 1912 1943 ue-

351 1957 459 2030 qua
487 1960 673 2013 habeat
701 1959 867 2030 virum
893 1973 1062 2027 neque
1088 1958 1279 2012 habere
1306 1958 1587 2011 desideret.
1613 1957 1748 2030 Quid
1777 1960 1915 2030 enim

352 2029 398 2084 si
425 2039 516 2083 aut
545 2037 789 2097 parentes
817 2029 931 2095 ejus
965 2039 1175 2097 propter
1201 2038 1376 2080 votum
1423 2042 1573 2079 suum
1616 2030 1667 2079 in
1706 2029 1919 2095 virgini-

356 2111 462 2156 tate
484 2116 598 2154 eam
629 2107 910 2152 tenuerunt
936 2139 949 2160 ,
971 2112 1091 2150 cum
1120 2100 1225 2166 ipea
1260 2108 1434 2149 tamen
1463 2107 1581 2164 post
1612 2108 1787 2149 votum
1822 2114 1918 2150 nu-

353 2172 479 2224 here
508 2170 767 2222 voluerit?
797 2168 920 2235 quid
962 2168 1004 2219 si
1039 2182 1131 2234 pro
1162 2167 1332 2235 aliqua
1377 2167 1656 2219 occasione
1696 2169 1915 2234 quaesita

356 2256 462 2293 non
493 2249 575 2292 est
605 2237 758 2290 talis?
788 2236 909 2289 llaec
944 2236 988 2289 si
1019 2251 1120 2290 tt0u
1153 2245 1236 2290 est
1264 2244 1452 2303 nupta,
1485 2236 1807 2289 voluntatem
1840 2247 1915 2289 ta-

353 2325 475 2363 men
529 2307 760 2359 nubendi
817 2305 1017 2365 habuit,
1074 2319 1297 2371 oorpore
1352 2304 1561 2372 quidem
1614 2305 1759 2371 virgo
1812 2314 1912 2366 est.

352 2380 532 2433 animo
557 2386 730 2429 autem
768 2384 925 2442 nupta
957 2392 969 2427 :
1019 2376 1138 2443 quia
1170 2388 1359 2440 corpus
1388 2388 1547 2443 opere
1577 2373 1912 2439 sordidatur,

353 2448 563 2502 animus
588 2456 761 2499 autem
792 2441 1078 2497 velunlale.
1121 2443 1367 2509 Quamvis
1397 2441 1730 2510 frequenter,
1764 2459 1916 2497 occa-

352 2519 505 2573 sione
543 2516 872 2569 necessitatis
911 2514 1157 2575 carnalis,
1213 2513 1348 2565 Deus
1377 2522 1587 2578 praestet
1618 2513 1915 2567 hominibus

354 2584 770 2639 misericordiam
798 2583 1122 2651 spiritualem
1150 2600 1162 2635 :
1192 2582 1232 2634 si
1264 2591 1434 2635 tamen
1467 2591 1644 2648 postea
1674 2583 1914 2637 voluntas

352 2656 652 2709 necessitati
682 2653 1010 2715 consentiat,
1040 2666 1141 2705 non
1174 2653 1343 2704 solum
1373 2660 1545 2704 autem
1570 2659 1624 2703 ut
1651 2666 1754 2704 non
1783 2666 1911 2705 eon-

350 2726 609 2793 cupiscat,
642 2723 734 2777 sed
762 2724 917 2777 etiam
938 2722 1211 2793 abstineat
1235 2735 1291 2774 se
1318 2720 1384 2773 ab
1413 2721 1555 2793 omni
1582 2736 1638 2773 re
1660 2722 1793 2793 mala
1820 2731 1915 2793 ,ιιι

350 2791 525 2862 neque
548 2794 719 2853 faciat,
746 2807 911 2859 neque
937 2792 1204 2862 loquatur,
1222 2804 1390 2862 neque
1416 2792 1610 2858 cogitet
1634 2791 1771 2862 quod
1801 2792 1911 2843 dis.

353 2860 546 2931 pliceat
576 2865 685 2915 Deo
728 2879 740 2913 :
773 2862 896 2929 quia
943 2875 1136 2927 corpus
1184 2860 1489 2920 fornicatur,
1525 2860 1911 2931 _quando__etun

353 2927 470 2985 viro
496 2927 831 2998 conjungitiir
878 2948 890 2982 :
924 2931 1095 2981 anima
1126 2938 1299 2998 autem
1321 2968 1335 2991 ,
1364 2927 1574 2995 quando
1600 2928 1792 2998 diaboli
1817 2945 1911 2983 vo-

354 3002 644 3055 luntatibus
694 2996 938 3053 Sociatur.
983 2998 1108 3065 Qua:
1138 2997 1248 3050 huic
1287 3011 1389 3049 non
1435 3006 1625 3056 servat,
1660 2996 1799 3050 fatua
1828 3008 1911 3053 est

354 3073 467 3138 ipsa
498 3074 663 3139 virgo.
708 3070 774 3123 Et
801 3085 923 3123 vere
950 3067 1089 3121 fatua
1117 3077 1195 3139 est
1214 3108 1227 3129 ,
1250 3082 1365 3139 quae
1398 3081 1490 3133 per
1513 3067 1677 3139 solam
1703 3068 1914 3139 virgini-

356 3136 517 3195 tatem
560 3136 796 3207 eorporis
854 3148 1000 3205 putat
1045 3152 1101 3191 se
1131 3137 1263 3207 Deo
1306 3136 1529 3207 placere.
1588 3136 1720 3189 Ecce
1771 3138 1910 3190 enim

350 3205 794 3279 tpiemadmoduni
833 3222 951 3260 cuin
986 3206 1270 3279 tnanducas
1312 3214 1366 3279 et
1403 3205 1569 3267 bibis,
1605 3221 1706 3279 non
1740 3207 1909 3258 anima

351 3274 652 3339 iiiandueal,
684 3278 774 3332 sed
805 3292 995 3344 corpus
1026 3292 1039 3328 :
1071 3291 1155 3327 res
1184 3276 1321 3328 enim
1356 3274 1698 3340 incorporalis
1724 3290 1912 3341 corpo-

355 3350 449 3401 rali
492 3349 610 3401 cibo
639 3362 741 3399 non
770 3348 998 3413 pascitur
1028 3364 1039 3398 :
1069 3346 1145 3397 sic
1169 3360 1286 3397 cum
1319 3344 1400 3397 vir
1431 3346 1657 3404 mulieri.
1683 3354 1771 3396 aut
1799 3360 1911 3397 mu-

357 3418 453 3481 lier
479 3420 591 3469 viro
615 3417 970 3485 coojungitur,
1000 3430 1103 3467 non
1134 3415 1305 3485 anima
1337 3413 1645 3485 copulatur,
1674 3414 1764 3485 sed
1794 3429 1911 3467 eor-

351 3502 470 3555 pus.
513 3482 792 3555 Propterea
820 3482 1134 3555 frequenter
1164 3483 1251 3555 tit,
1296 3492 1351 3535 ut
1377 3490 1533 3555 nupta
1564 3482 1606 3533 si
1638 3482 1766 3535 alias
1806 3498 1907 3555 non

352 3552 553 3626 peccet,
597 3552 780 3626 melior
809 3556 906 3616 sit,
936 3552 1095 3626 quam
1124 3554 1228 3616 illa,
1258 3567 1372 3620 qua:
1416 3552 1559 3618 virgo
1583 3562 1681 3615 est,
1711 3563 1763 3605 et
1783 3554 1911 3608 alias

355 3622 555 3694 peccat.
604 3624 860 3694 Quoniam
909 3623 950 3674 si
992 3622 1075 3673 illa
1128 3636 1228 3673 non
1271 3630 1454 3694 peccat
1482 3636 1597 3687 qua:
1625 3630 1781 3694 nupta
1806 3633 1907 3688 est,

352 3690 574 3763 corpore
610 3690 820 3763 quidem
858 3698 1015 3758 nupta
1048 3700 1127 3743 est
1151 3730 1165 3755 ,
1199 3690 1374 3763 animo
1415 3700 1587 3743 autem
1635 3692 1781 3757 virgo
1805 3704 1904 3763 est.

352 3758 481 3831 Qum.
527 3758 697 3817 autem
728 3763 855 3815 alias
882 3769 1060 3828 peccat
1085 3800 1098 3821 ,
1131 3768 1182 3813 et
1212 3758 1503 3831 virgogest:
1544 3773 1766 3831 cgrpore
1794 3762 1911 3831 qui-

352 3826 471 3886 dem
504 3834 648 3901 virgo
672 3841 773 3895 est,
824 3826 1000 3901 animo
1041 3838 1214 3901 autem
1243 3826 1543 3901 fornicaria.
1570 3826 1671 3901 Sed
1695 3843 1781 3901 __ne
1808 3826 1906 3882 de-

351 3917 567 3970 sperare
586 3897 847 3954 iaciamus
870 3899 1027 3953 etiam
1052 3898 1285 3970 virgines
1312 3898 1497 3970 bonas,
1523 3899 1642 3970 quia
1677 3897 1907 3970 diximus

354 3966 449 4041 per
472 3970 947 4041 concupiscentiam
978 3969 1181 4041 animas
1217 3966 1494 4041 fornicari.
1522 3967 1794 4041 sciendum
1823 3978 1904 4041 est

352 4035 492 4106 quod
534 4035 674 4094 aliud
709 4049 789 4092 est
827 4039 1219 4105 concupiscere,
1271 4036 1411 4089 aliud
1445 4036 1609 4106 velle.
1646 4035 1907 4106 Concupi-

351 4104 522 4172 scere,
554 4109 810 4192 passionis
831 4115 947 4189 est,
970 4104 1130 4186 .velle
1177 4114 1350 4186 autem
1380 4105 1620 4192 πψτη..
1646 4104 1907 4192 Frcquep:

352 4188 434 4233 ter
485 4174 626 4234 enim
682 4176 1103 4244 concupiscimus
1151 4175 1306 4227 etiam
1353 4174 1490 4240 quod
1536 4175 1801 4226 nolumus.
1850 4175 1907 4229 Si

352 4263 481 4317 ergo
504 4247 945 4315 concupiscentiae
974 4259 1079 4317 non
1120 4244 1381 4317 consentit
1414 4244 1683 4305 voluntas,
1713 4257 1909 4317 concu-

352 4313 611 4387 piscentia
651 4313 761 4370 sola
798 4330 903 4387 non
937 4313 1187 4387 damnat,
1221 4313 1386 4378 magis
1419 4320 1592 4387 autem
1622 4320 1675 4363 et
1714 4314 1908 4387 glorio-

359 4379 552 4440 siorem
593 4386 715 4439 facit
763 4381 1076 4451 virginitatis
1119 4396 1387 4434 coronam.
1438 4379 1586 4451 Nunc
1637 4384 1907 4435 veniamus

350 4456 414 4508 ad
471 4455 793 4524 spiritualem
849 4450 963 4524 ejus
1014 4452 1387 4524 narrationem.
1448 4450 1634 4524 Decem
1678 4451 1904 4524 virgines

350 4519 535 4577 omnes
576 4526 816 4578 homines
839 4519 998 4584 dicit,
1037 4535 1258 4587 quorum
1307 4520 1408 4571 vita
1451 4519 1632 4572 decem
1664 4522 1905 4573 sensibus

352 4605 694 4655 Sustenlaltlr,
719 4594 945 4660 quinque
974 4588 1272 4660 carnalibus
1297 4630 1309 4660 ε
1335 4601 1387 4641 et
1412 4589 1639 4655 quinque
1661 4589 1907 4653 spiritua-

352 4662 527 4726 libus;
560 4657 790 4715 omnium
819 4663 957 4715 enim
985 4658 1251 4711 hominum
1279 4657 1395 4710 dua:
1434 4668 1553 4709 sunt
1582 4659 1902 4726 partes.rAut

351 4734 491 4783 enim
517 4725 816 4798 peccatores
846 4738 965 4782 sunt
996 4768 1012 4789 ,
1042 4736 1130 4798 aut
1152 4728 1299 4795 justi.
1328 4727 1637 4798 Peccatores
1662 4766 1683 4798 ,_
1703 4725 1789 4793 qui
1822 4740 1906 4779 se-

353 4795 578 4854 cundiim
604 4802 841 4853 carnales
879 4797 1146 4851 ambulant
1172 4810 1356 4849 sensus
1388 4795 1567 4861 :justi,
1598 4796 1686 4862 qui
1719 4810 1907 4848 secun-

351 4871 477 4923 dum
516 4868 835 4935 spirituales.
867 4867 1008 4936 Ergo
1036 4876 1089 4919 et
1114 4880 1269 4918 omne
1293 4880 1458 4932 genus
1490 4873 1815 4936 peceitorutn
1852 4868 1903 4917 in

351 4933 583 5005 quinque
603 4937 872 4999 dividitur,
892 4933 1564 5003 et'omnegeuusjustorum
1584 4934 1632 5005 in
1650 4933 1899 5000 quinque,

351 5002 639 5061 secundum
673 5020 945 5060 numerum
974 5002 1245 5066 sensuum,
1280 5018 1381 5055 non
1408 5002 1692 5054 secundum
1724 5018 1907 5056 nume-

352 5092 467 5129 rum
497 5076 782 5129 hominum.
812 5076 915 5127 llas
940 5085 1112 5128 autem
1138 5074 1362 5140 virgines
1382 5072 1685 5125 dividendas
1708 5072 1906 5138 profert

350 5146 613 5208 Christus,
637 5144 846 5211 quando
862 5154 913 5197 et
935 5144 1058 5211 justi
1079 5144 1144 5195 ab
1168 5143 1370 5211 injustis
1390 5150 1441 5193 et
1457 5140 1621 5193 sancti
1642 5156 1671 5191 a
1693 5156 1907 5207 perver—

352 5216 425 5267 sis
469 5230 561 5276 per
606 5210 820 5265 verbum
874 5228 1023 5266 suum
1065 5210 1327 5263 dividendi
1372 5220 1535 5262 sunt:
1577 5219 1633 5259 nt
1674 5212 1904 5276 quinque

351 5278 567 5350 quidem
588 5290 851 5349 ponantur
876 5283 938 5334 ad
979 5282 1247 5333 dexteram
1280 5279 1404 5350 justi
1426 5278 1643 5350 Judicis.
1678 5278 1777 5350 hoc
1802 5287 1901 5341 est,

354 5348 616 5419 sapientes
642 5368 654 5403 :
678 5366 905 5419 quzuque
924 5362 1096 5403 autent
1123 5350 1187 5400 ad
1210 5349 1493 5419 sinistram,
1510 5348 1575 5419 id
1596 5348 1897 5419 est,_l'atu:e.

354 5416 655 5475 Secundum
695 5416 867 5471 autem
902 5420 1206 5485 mysterium
1234 5427 1287 5469 et
1312 5416 1483 5470 Moses
1509 5418 1559 5467 in
1593 5416 1794 5470 duabus
1825 5426 1901 5469 ta-

354 5490 489 5543 bulis
545 5489 999 5556 legenigsuscepit
1049 5487 1233 5539 decem
1280 5486 1614 5539 verborum:
1673 5486 1902 5556 quinque

353 5560 562 5625 quidem
594 5555 835 5611 mandata
866 5556 915 5609 in
942 5556 1113 5608 tabula
1140 5568 1261 5625 una,
1292 5556 1518 5622 quinque
1545 5555 1796 5625 aute‘niin
1824 5566 1901 5625 ta-

353 5622 472 5681 bula
514 5629 700 5680 altera.
741 5625 888 5679 Sicut
924 5638 1052 5692 ergo
1094 5624 1282 5677 tabulae
1331 5623 1630 5676 testamenti
1660 5622 1812 5692 illius,
1851 5624 1902 5677 in

351 5710 455 5753 uno
500 5696 712 5769 quidem
765 5691 1057 5762 merebant,
1106 5700 1283 5749 tamen
1324 5707 1429 5749 non
1469 5698 1677 5764 poterat
1706 5691 1818 5749 fieri
1847 5702 1904 5747 ut

1483 316 1547 372 ΙΝ
1586 316 2010 373 MATTIl/EUM.
2052 318 2278 375 ιιοιιιι.
2320 321 2429 376 ιιι.

3500 340 3613 396 930

2032 434 2199 510 amba:
2232 436 2415 510 tierent
2436 434 2500 489 ad
2526 435 2795 491 dexteram
2828 439 3055 510 legentis
3086 458 3097 491 :
3127 439 3218 495 sed
3247 455 3464 495 necesse
3485 454 3599 497 erat

2031 513 2088 556 ut
2118 502 2214 555 tina
2270 506 2478 574 quidem
2523 522 2642 560 cmn
2670 502 3061 577 qninqndesset
3103 512 3170 563 ad
3196 512 3488 575 desieram,
3519 515 3594 563 al-

2030 584 2139 627 tera
2167 585 2338 646 autem
2370 592 2489 629 eum
2513 580 2742 646 quinque
2757 581 2871 630 aliis
2893 596 2923 633 e
2953 593 3033 632 set
3078 578 3145 631 ad
3181 579 3445 633 sinistram
3476 600 3486 631 :
3520 584 3597 637 sic

2028 660 2213 696 omnes
2253 645 2533 698 Christiani
2588 645 2786 700 iu'una
2841 658 3088 702 tenentur
3128 652 3421 702 vocatione.
3476 650 3591 706 Non

2029 726 2107 766 est
2136 725 2306 769 autem
2336 716 2601 783 possibile,
2649 727 2703 769 ut
2736 733 2919 771 omnes
2945 719 3008 771 ad
3049 720 3323 772 dexteram
3354 720 3479 771 liant
3504 736 3593 773 se-

2027 783 2199 856 dentis
2232 803 2244 835 :
2274 785 2362 837 sed
2395 800 2627 856 necesse
2652 797 2727 840 est
2758 827 2772 849 ,
2808 799 2863 840 ut
2905 788 3030 855 justi
3082 790 3294 856 quidem
3350 789 3478 841 tiant
3523 790 3591 843 ad

2029 853 2328 925 dexteram,
2358 854 2405 907 id
2437 864 2536 925 est.
2565 858 2797 924 quinque
2845 853 3113 924 sapientes
3156 874 3169 909 :
3211 857 3386 925 injusti
3418 868 3593 912 autem

2026 923 2090 974 ad
2121 924 2487 995 si_iiistram,_id
2508 935 2589 979 est
2613 966 2628 990 ,
2661 923 2982 994 insipientes.
3009 926 3229 993 Quidam
3257 923 3595 995 putanthanc

2029 993 2329 1062 paraliolam
2368 993 2431 1045 ad
2460 1009 2644 1047 omnes
2685 993 2948 1062 pertinere
2970 1037 2983 1057 ,
3013 1007 3066 1048 et
3103 996 3165 1047 ad
3194 993 3472 1049 haereticos
3494 1037 3506 1058 ,
3539 1008 3593 1051 et

2026 1061 2365 1133 adludit-os,
2398 1072 2743 1131 pra-terquam
2776 1066 2837 1117 ad
2883 1066 3105 1133 gentiles
3152 1081 3165 1118 :
3213 1067 3459 1131 quoniam
3518 1068 3589 1119 illi

2026 1130 2283 1185 idolorum
2312 1133 2515 1202 cultura
2543 1130 2776 1199 corrupti
2811 1130 2930 1187 sunt
2951 1177 2965 1197 ,
2995 1146 3047 1187 et
3077 1130 3305 1202 virgines
3340 1136 3439 1187 dici
3482 1152 3586 1188 non

2026 1210 2263 1321 rtiSSItttl.
2302 1201 2434 1255 Vere
2463 1212 2635 1255 autem
2665 1218 2759 1257 nec
2784 1205 2848 1256 ad
2880 1204 3090 1257 ,Ιιιόωσιδ
3122 1201 3364 1272 pertinet,
3401 1220 3495 1257 nec
3523 1208 3589 1259 ad

2046 1272 2302 1321 hereticos
2340 1289 2353 1321 :
2396 1272 2516 1321 quia
2561 1289 2664 1321 non
2706 1283 2923 1321 nossunt
2969 1274 3133 1321 .ludzni
3173 1274 3273 1321 diei
3323 1274 3587 1321 virgines-

2046 1272 2302 1341 hereticos
2340 1289 2353 1324 :
2396 1272 2516 1339 quia
2561 1289 2664 1325 non
2706 1283 2923 1340 possuot
2969 1274 3133 1327 Judmi
3173 1274 3273 1326 dici
3323 1274 3588 1341 virgines,

2024 1340 2111 1461 qui
2140 1340 2374 1406 projecto
2402 1351 2452 1394 et
2478 1342 2731 1395 cruciﬁxo
2760 1358 2956 1412 sponsti
2976 1384 2990 1407 ,
3022 1344 3315 1396 adulterum
3347 1340 3505 1411 super
3531 1360 3589 1399 se

2065 1409 2288 1461 ialiolum
2318 1422 2680 1461 susconerunt.
2725 1412 2902 1461 Nemie
2942 1414 3172 1461 limretiei
3222 1413 3448 1461 virgines
3485 1414 3587 1461 diri

2065 1409 2288 1462 ialiolum
2318 1422 2680 1481 StisCeperunt.
2725 1409 2902 1481 Neque
2942 1414 3172 1465 lueretici
3222 1409 3448 1478 virgines
3485 1414 3588 1468 dici

2026 1480 2396 1550 possunt,qui
2430 1488 2481 1533 et
2518 1479 2612 1546 ipsi
2646 1479 2940 1535 adulterino
2981 1497 3138 1536 sensu
3166 1484 3397 1550 corrupti
3429 1494 3585 1547 sunt,

2024 1558 2078 1600 ct
2117 1548 2468 1616 virginitatem
2501 1550 2734 1602 veritatis
2762 1550 2956 1604 Christi
3008 1551 3303 1603 adulterino
3331 1548 3587 1607 sermone

2024 1626 2387 1689 corrumpunt.
2418 1617 2519 1689 Sed
2544 1618 2606 1669 ad
2637 1616 2993 1672 Christianum
3023 1620 3388 1689 tantuuunodo
3414 1636 3583 1689 papu-

2027 1685 2133 1739 lum
2164 1688 2407 1752 pertinet,
2435 1688 2499 1740 de
2531 1688 2719 1753 quihus
2740 1691 2990 1755 scriptum
3022 1700 3137 1741 est:
3172 1688 3342 1741 Statui
3383 1685 3467 1741 vos
3487 1685 3584 1743 uni

2024 1757 2127 1807 viro
2150 1756 2387 1824 virginem
2431 1766 2616 1808 castam
2656 1758 2885 1809 exhibere
2920 1759 3137 1810 Christo.
3188 1756 3360 1809 Timeo
3396 1770 3581 1824 autem,

2024 1841 2085 1876 ne
2108 1826 2235 1876 sicut
2264 1842 2463 1893 serpens
2489 1826 2681 1878 seduxit
2710 1824 2898 1878 [levant
2925 1830 3107 1880 astutia
3127 1844 3239 1890 sua,
3268 1828 3340 1879 sic
3361 1844 3587 1879 carrum.

2026 1905 2206 1964 patitur
2252 1911 2423 1964 sensus
2468 1896 2611 1947 vestri
2653 1912 2681 1945 a
2728 1898 2971 1959 castitate,
3013 1911 3127 1964 qum
3165 1904 3234 1949 est
3279 1897 3332 1949 in
3384 1895 3586 1951 Christo

2020 1961 2144 2015 Jcsu
2173 1964 2245 2028 (2.
2279 1962 2394 2016 Cor.
2430 1966 2511 2016 ll.
2542 1965 2594 2016 2.
2625 1964 2698 2030 '5).
2732 1964 2910 2017 Fatua:
2950 1961 3125 2019 autem
3166 1966 3398 2033 virgines
3438 1978 3581 2027 sunt.

2021 2047 2137 2098 qua:
2184 2032 2336 2103 ﬁdem
2378 2033 2587 2102 quidem
2637 2034 2829 2087 Christi
2877 2036 3129 2103 integram
3177 2032 3390 2097 habent,
3420 2052 3581 2102 opera

2021 2110 2193 2155 autem
2230 2102 2443 2169 justitia:
2479 2118 2579 2154 non
2613 2102 2825 2156 habent.
2874 2102 3039 2157 tueri
3086 2119 3212 2156 vero
3250 2113 3304 2156 et
3348 2103 3582 2159 heretici

2023 2186 2191 2241 neque
2221 2172 2373 2224 lidetn
2414 2173 2639 2233 habent,
2689 2190 2856 2238 nepte
2896 2188 3055 2241 Opera
3098 2182 3319 2239 possunt
3362 2174 3577 2228 habere.

2020 2239 2123 2294 Sed
2148 2250 2200 2295 et
2239 2242 2280 2293 si
2310 2256 2526 2309 operum
2569 2244 2741 2295 oleum
2776 2239 3000 2296 habeant
3019 2284 3033 2307 ,
3064 2242 3191 2295 nihil
3221 2242 3298 2294 eis
3328 2243 3541 2309 prodest
3566 2262 3581 2298 :

2020 2311 2140 2379 quia
2190 2311 2454 2373 lampades
2500 2312 2616 2364 lidei
2661 2328 2761 2363 nou
2812 2312 3039 2371 habent,
3091 2324 3221 2379 quas
3266 2312 3579 2367 accendant.

2021 2378 2163 2432 Tunc
2187 2381 2345 2432 simile
2387 2382 2496 2432 erit.
2531 2380 2669 2433 Bene
2689 2422 2703 2443 ,
2733 2379 2875 2433 Tunc
2905 2397 2923 2434 :
2949 2382 3071 2449 quia
3114 2378 3325 2434 interim
3357 2396 3459 2434 non
3486 2396 3582 2449 ap-

2020 2458 2169 2517 paret
2212 2465 2328 2515 qtne
2371 2449 2651 2516 prudentes
2695 2451 2800 2503 sint
2828 2491 2842 2512 ,
2888 2466 3005 2518 quin
3049 2451 3203 2503 fatua:
3241 2466 3252 2500 :
3305 2465 3581 2517 quousque

2021 2530 2143 2571 tunc
2169 2518 2343 2570 multra
2384 2519 2537 2569 fatum
2566 2522 2689 2569 lii-ut
2718 2520 2999 2585 prudentes
3020 2560 3034 2581 ,
3068 2530 3120 2571 et
3151 2518 3327 2570 multa:
3354 2536 3471 2585 qua:
3501 2521 3579 2572 vi-

2018 2587 2210 2641 dentur
2242 2588 2522 2655 prudentes
2548 2627 2560 2646 .
2598 2586 2751 2639 fatua:
2776 2588 3087 2641 el‘licienlur.
3122 2588 3249 2651 Qua:
3286 2598 3580 2655 acceperunt

2020 2657 2274 2722 lampades
2303 2674 2436 2709 suns.
2468 2657 2691 2724 Lampas
2716 2655 2905 2709 dicitur
2936 2658 3064 2710 fides
3086 2700 3099 2720 ,
3133 2658 3253 2724 quia
3285 2658 3422 2709 sicut
3450 2658 3581 2710 lant-

2019 2742 2110 2795 pas
2139 2727 2396 2779 illuminat
2438 2726 2655 2778 domum
2687 2727 2736 2777 in
2772 2742 2873 2791 qua
2901 2738 2980 2779 est
3001 2768 3015 2791 ,
3058 2728 3133 2778 sic
3164 2725 3292 2778 ﬁdes
3320 2727 3581 2781 illuminat

2017 2797 2243 2848 animam
2295 2796 2445 2863 cujus
2489 2804 2586 2848 est.
2640 2796 2953 2848 Accenditur
2995 2806 3171 2848 autem
3219 2795 3330 2847 haec
3378 2797 3578 2862 lampas

2020 2865 2135 2930 igne
2165 2865 2323 2917 divini
2369 2865 2531 2932 verbi.
2566 2863 2794 2917 Verbum
2835 2866 2974 2917 enim
3010 2866 3098 2917 Dei
3135 2866 3268 2932 ignis
3295 2873 3395 2927 est,
3442 2866 3576 2918 sicut

2016 2933 2142 2985 dicit
2169 2934 2416 2985 Dominus
2447 2950 2458 2985 :
2489 2931 2663 3000 Ignem
2706 2934 2813 2984 veni
2858 2935 3048 2985 mittere
3093 2931 3366 2985 in’tcrram
3420 2932 3570 3000 (Luc.

2018 3002 2105 3055 13‘.
2134 3004 2245 3068 49).
2292 3003 2416 3055 ltem
2459 3002 2663 3053 dicunte
2687 3004 2925 3065 apostolo
2953 3018 2969 3054 :
3002 3002 3154 3054 Fides
3184 3018 3245 3054 ea:
3268 3003 3461 3065 auditu,
3485 3019 3578 3054 au-

2016 3072 2147 3123 ditus
2174 3082 2335 3123 autem
2365 3088 2451 3137 per
2474 3070 2671 3122 verbum
2704 3070 2793 3122 Dei
2823 3071 2994 3140 (llam.
3028 3072 3109 3123 l0.
3142 3072 3250 3140 l7).
3296 3072 3575 3138 Accipiunt

2016 3151 2190 3193 autem
2226 3141 2463 3194 homines
2493 3140 2624 3192 hanc
2672 3139 2998 3205 lampadem,
3046 3139 3254 3208 quando
3302 3142 3573 3195 venientes

2016 3213 2080 3262 ad
2113 3210 2417 3273 Christum,
2452 3224 2541 3276 per
2567 3209 2867 3263 sacerdotes
2895 3210 3156 3275 aceipiuut
3190 3209 3432 3261 traditam
3473 3210 3573 3263 sibi

2018 3280 2249 3332 veritatis
2292 3280 2603 3332 doctrinam.
2647 3280 2749 3331 Aut
2794 3281 2928 3332 sicut
2968 3280 3100 3331 alius
3132 3287 3315 3345 putat,
3352 3279 3573 3332 verbum

2018 3349 2107 3401 Dei
2132 3388 2146 3411 ,
2191 3349 2324 3415 quod
2373 3350 2667 3416 accepimus
2706 3349 3017 3403 accedentes
3054 3348 3119 3401 ad
3149 3348 3413 3401 Clu-istum
3440 3387 3454 3409 ,
3487 3348 3570 3399 lu-

2015 3433 2171 3471 cerna
2202 3428 2299 3479 est,
2334 3418 2617 3470 secundum
2645 3417 2788 3486 quod
2808 3420 3055 3486 scriptum
3084 3427 3163 3471 est
3190 3434 3201 3469 :
3236 3416 3461 3467 Lucerna
3487 3433 3573 3481 pe-

2015 3488 2157 3540 dibus
2183 3488 2301 3539 meis
2339 3487 2536 3538 verbum
2567 3496 2705 3537 tuum
2737 3485 3054 3554 (PsalJlS.
3088 3486 3233 3553 105).
3262 3485 3445 3538 Oleum
3476 3500 3573 3537 au-

2016 3565 2120 3610 tem
2147 3556 2383 3609 doctrina
2411 3554 2738 3609 sacerdotum
2766 3595 2781 3617 ,
2824 3566 2912 3608 aut
2937 3565 3245 3609 ctnterarum
3272 3554 3571 3620 Scriptura-

2015 3642 2149 3677 rum.
2182 3625 2433 3690 Quoniam
2464 3626 2597 3678 sicut
2628 3625 2858 3689 lucerna,
2887 3626 2985 3678 nisi
3014 3625 3059 3677 ei
3089 3624 3570 3677 sulnniuistraveris

2013 3697 2205 3756 oleum,
2235 3696 2596 3761 exstitiguetur
2625 3711 2636 3745 :
2667 3694 2743 3746 sic
2773 3695 2985 3746 verbum
3018 3694 3134 3746 lidei
3166 3704 3358 3745 nostra:
3384 3733 3398 3755 ,
3427 3693 3567 3759 qttod

2013 3764 2288 3817 credentes
2315 3765 2612 3828 accepimus
2636 3802 2649 3825 ,
2685 3762 2781 3814 nisi
2808 3763 3033 3815 assiduis
3061 3763 3321 3814 nutriatur
3366 3762 3567 3813 doctri-

2014 3836 2114 3892 nis.
2143 3839 2232 3884 aut
2262 3832 2685 3885 meditationibus
2708 3831 3097 3897 Seripturarum
3124 3871 3137 3893 ,
3179 3829 3529 3898 exstinguitur
3551 3869 3568 3895 ,

2012 3912 2066 3954 et
2118 3917 2219 3954 non
2260 3904 2385 3953 satis
2426 3901 2682 3953 illuminat
2724 3902 2972 3952 animam.
3020 3902 3123 3952 Aut
3164 3900 3335 3951 oleum
3380 3898 3572 3951 dicitur

2012 3985 2142 4038 opus
2166 3969 2559 4024 misericordiae.
2591 3969 2721 4033 Quia
2750 3970 2882 4022 sicut
2907 3970 3079 4021 oleum
3108 3969 3283 4021 lumen
3315 3968 3569 4038 lampadis

2012 4036 2191 4103 favet,
2253 4041 2327 4093 sic
2364 4053 2523 4104 opera
2572 4039 2703 4092 bona
2752 4040 3149 4091 subministrant
3192 4036 3568 4089 conﬁdentiam

2012 4108 2167 4173 ﬁdei,
2231 4119 2283 4163 et
2333 4109 2564 4175 vigorem
2611 4108 2922 4160 accendunt.
2979 4108 3044 4159 Et
3092 4116 3326 4175 venerunt
3374 4106 3568 4157 obviam

2010 4194 2191 4245 sponso
2220 4189 2263 4231 et
2288 4174 2505 4245 sponsas.
2535 4177 2674 4245 Bene
2704 4178 2813 4239 ait,
2855 4176 3121 4234 Venerunt.
3150 4174 3360 4243 quando
3387 4190 3450 4227 ex
3485 4174 3569 4225 illa

2008 4244 2111 4309 die,
2144 4263 2242 4314 qua
2271 4244 2425 4298 humo
2450 4246 2616 4299 credit
2644 4244 2887 4309 Christo,
2919 4247 3062 4313 quasi
3090 4244 3154 4297 de
3177 4244 3358 4314 seipse
3380 4258 3563 4314 egres-

2009 4330 2099 4369 sus
2121 4358 2135 4378 ,
2163 4312 2214 4367 et
2242 4316 2307 4368 de
2335 4314 2551 4377 mundo,
2578 4317 2653 4368 ire
2686 4314 2891 4367 videtur
2926 4312 3130 4368 Obviam
3162 4313 3373 4367 Christo
3404 4330 3415 4363 :
3448 4312 3567 4379 quia

2009 4383 2241 4452 quotidie
2270 4383 2463 4436 Christi
2490 4394 2757 4449 exspectat
2786 4386 3086 4437 adventum.
3122 4383 3269 4435 Sieut
3295 4382 3433 4433 enim
3476 4380 3562 4447 qui

2008 4455 2213 4507 obviam
2258 4454 2397 4505 vadit
2437 4452 2613 4515 alicui,
2664 4454 2713 4505 in
2758 4456 2837 4505 via
2882 4463 3001 4515 stat,
3054 4462 3106 4505 et
3131 4456 3401 4517 esspectat
3441 4464 3563 4517 eum

2008 4522 2256 4590 quamdiu
2280 4522 2452 4575 veniat
2480 4540 2493 4573 :
2530 4524 2595 4574 ita
2626 4525 2713 4589 qui
2760 4522 2927 4575 credit
2957 4523 3008 4575 in
3040 4516 3305 4573 Christum
3328 4559 3342 4581 ,
3371 4518 3447 4570 sic
3478 4516 3572 4590 de-

2009 4586 2096 4643 bet
2127 4592 2299 4645 vivere
2327 4591 2379 4644 in
2408 4590 2505 4643 hoc
2530 4586 2745 4653 smcitlo,
2772 4592 2917 4659 quasi
2947 4590 3353 4659 peregrinus,_et_
3377 4602 3478 4659 non
3514 4586 3565 4638 in

2008 4661 2136 4720 suis.
2170 4660 2261 4714 sed
2296 4661 2345 4712 in
2374 4661 2593 4713 transitu
2621 4655 2842 4728 positus.
2874 4655 3157 4728 Propterea
3186 4668 3233 4710 et
3258 4655 3560 4728 Judmiexg

2008 4728 2126 4782 ituri
2155 4729 2219 4783 de
2258 4728 2505 4799 Egypto,
2534 4724 2780 4799 expediti
2812 4737 2865 4781 et
2893 4724 3158 4799 przecincti
3199 4740 3388 4799 agnum
3428 4724 3560 4799 jussi

2007 4808 2130 4851 sunt
2159 4796 2473 4851 manducare
2499 4796 2690 4865 (Exod.
2729 4798 2837 4861 13.):
2864 4807 2917 4849 et
2944 4796 3007 4847 ad
3037 4797 3333 4848 exeundum
3366 4796 3553 4863 parati,

2006 4869 2345 4922 ostendentes
2375 4867 2524 4920 nobis
2547 4908 2561 4928 .
2594 4866 2856 4934 quomodo
2885 4865 3203 4934 quicumque
3232 4865 3394 4917 nostri
3425 4866 3556 4929 Agni

2007 4938 2374 4990 eucharistiam
2402 4937 2736 4994 manducant.
2766 4935 2833 4987 ita
2862 4934 3050 4987 debent
3078 4949 3290 5001 semper
3309 4947 3430 4985 esse
3470 4949 3560 4983 ex-

2009 5006 2163 5072 pediti
2190 5048 2201 5067 .
2234 5008 2381 5074 quasi
2411 5006 2639 5073 quotidie
2678 5004 2866 5057 exituri
2907 5003 2973 5057 de
3000 5004 3212 5056 mundo.
3260 5001 3364 5054 Nec
3407 5001 3563 5052 mire-

2008 5076 2097 5144 r_is,
2146 5077 2262 5144 quia
2300 5076 2430 5127 dixit
2473 5075 2547 5144 ire
2589 5074 2793 5144 obviam
2839 5082 3133 5144 sponso_ct
3162 5084 3557 5144 sponsze,_ctim

2008 5136 2241 5197 Eccle'sia
2267 5144 2399 5196 inter
2421 5156 2515 5196 nos
2536 5142 2788 5196 habeatur
2810 5136 3021 5209 spensa.
3048 5136 3201 5209 Sicuti
3221 5140 3360 5192 enim
3406 5136 3556 5191 Chri-

2005 5224 2120 5265 stus
2146 5228 2263 5264 eum
2290 5213 2358 5265 sit
2383 5212 2518 5264 inter
2549 5226 2643 5265 nos
2664 5253 2678 5272 ς
2704 5208 2873 5265 tamen
2905 5220 3153 5265 venturus
3178 5208 3368 5261 dicitur
3392 5248 3405 5270 ,
3436 5224 3557 5260 cum

2006 5282 2305 5347 apparuerit
2334 5281 2384 5333 in
2412 5280 2577 5347 gloria
2608 5298 2619 5331 :
2649 5282 2727 5335 sic
2770 5291 2822 5334 et
2847 5280 3079 5333 Eoi-lesia
3107 5277 3344 5346 quamvis
3372 5276 3439 5330 sit
3481 5278 3559 5329 in-

2008 5359 2086 5402 ter
2125 5366 2237 5412 nos,
2272 5360 2442 5401 tamen
2488 5360 2703 5403 ventura
2745 5351 2965 5409 dicitur.
3015 5362 3133 5400 cum
3165 5347 3467 5417 apparuerit
3512 5348 3563 5399 in

2006 5419 2167 5486 gloria
2204 5434 2318 5471 sua.
2364 5419 2648 5485 Propterea
2690 5418 2816 5472 dicit
2847 5418 3128 5485 Apostolus
3158 5434 3169 5467 :
3207 5416 3394 5469 Mortui
3421 5417 3564 5486 enim

2006 5484 2140 5552 estis,
2174 5496 2217 5539 et
2243 5484 2526 5555 vitaivestra
2547 5488 2838 5541 abscondita
2866 5484 2936 5539 est
2962 5503 3073 5537 cum
3104 5486 3300 5555 Christo
3325 5486 3374 5537 in
3408 5484 3515 5536 Deo
3545 5502 3562 5537 :

2006 5572 2117 5608 cum
2142 5566 2303 5625 autem
2329 5554 2554 5609 Christus
2594 5556 2882 5625 apparuerit
2906 5556 3003 5625 pila
3029 5554 3189 5609 vestra
3214 5596 3229 5617 ,
3258 5565 3372 5607 tunc
3398 5563 3447 5625 _e_t
3477 5570 3563 5605 vos

2006 5623 2302 5693 apparebitis
2326 5641 2434 5676 cum
2465 5625 2571 5693 ipso
2600 5622 2837 5693 ingloria
2866 5624 3079 5691 (Coloss.
3110 5625 3163 5678 5.
3192 5625 3269 5693 3).
3300 5625 3353 5677 5.
3388 5622 3569 5675 Faune

2007 5704 2172 5748 autent
2214 5693 2508 5767 accipientes
2558 5694 2814 5766 lampades
2862 5710 2979 5749 suas
3008 5734 3023 5761 ,
3080 5711 3180 5749 non
3233 5701 3556 5764 sumpserunt
