4128 6462
334 483 448 538 933

319 585 483 638 etiam
506 591 831 642 sanctorum,
861 587 919 630 ut
942 592 1097 629 nemo
1124 585 1301 643 speret
1321 590 1378 631 se
1396 575 1593 644 justum
1627 576 1901 631 invenien-

322 652 475 715 dum,
506 652 597 703 sed
625 649 795 702 adhuc
844 648 1024 701 timeat
1065 665 1130 700 ne
1164 645 1475 715 forteireus
1498 647 1735 700 exsistat.
1772 649 1903 712 Quis

322 714 467 777 enim
512 729 683 788 potest
725 717 789 772 ad
851 718 1136 787 perfectum
1187 714 1481 788 dijudicare
1524 717 1899 771 conscientiam

323 807 495 850 suam,
513 785 571 842 ὀι
593 785 912 856 Cognoscere
927 803 1021 840 eor
1043 801 1216 848 Sllllm,
1238 799 1358 838 cum
1381 785 1633 852 seriptnm
1656 787 1741 847 sit,
1770 789 1902 851 Quia

325 863 390 914 de
418 860 553 912 omni
579 860 719 910 verbo
741 859 900 911 Otioso
922 856 1166 908 reddituri
1194 871 1365 906 smnus
1389 856 1632 907 rationem
1673 856 1895 924 (Matth.

326 932 413 984 1‘2.
449 929 582 994 36)?
615 927 890 992 Quomodo
932 941 1060 994 ergo
1093 941 1187 992 pro
1237 926 1603 992 peccatorilms
1649 935 1772 980 lllllc
1819 929 1900 979 in-

324 993 601 1053 tereedant
661 998 876 1058 sancti,
923 993 1041 1048 cum
1094 996 1312 1045 timeant
1362 993 1457 1060 ipsi
1503 994 1570 1048 de
1619 996 1714 1048 se?
1766 995 1897 1049 Nam

322 1070 462 1122 sicut
486 1078 688 1134 tempus
719 1065 1093 1118 misericordia:
1114 1063 1367 1134 judicium
1397 1076 1500 1114 non
1531 1066 1747 1133 suscipit
1773 1106 1787 1129 ,
1821 1067 1900 1119 sic

325 1147 378 1191 et
407 1132 614 1204 tempus
643 1135 824 1203 judicii
855 1132 1269 1186 misericordiam
1303 1148 1405 1185 non
1447 1134 1650 1204 recipit.
1676 1132 1819 1188 ideo
1848 1136 1897 1188 in

325 1210 498 1276 primo
523 1203 754 1258 adventu
776 1218 933 1276 ,cum
966 1211 1170 1276 tempus
1204 1213 1349 1276 esset
1387 1203 1780 1276 misericordiae,

324 1272 572 1330 centibus
599 1275 854 1341 apostolis
881 1287 1042 1339 super
1082 1272 1516 1324 inhumanitatetn
1549 1273 1774 1324 civitatis
1802 1275 1900 1326 ali-

325 1347 476 1414 Cujus
510 1364 522 1398 :
563 1344 648 1397 Vis
678 1344 944 1414 dicitntus,_
969 1351 1019 1414 ut
1047 1341 1317 1414 descendat
1353 1341 1481 1409 ignis
1502 1341 1572 1414 de
1609 1341 1776 1414 ctylo?
1815 1359 1899 1414 re-

329 1409 543 1483 spondit.
566 1414 720 1466 Jestts
747 1428 758 1461 :
790 1410 1008 1483 Nescitis
1030 1411 1173 1483 cuius
1198 1410 1405 1483 spiritus
1422 1412 1535 1483 estis
1558 1449 1586 1483 ,Α
1611 1409 1728 1483 Non
1762 1412 1898 1483 enim

327 1479 438 1538 veni
471 1486 704 1554 judicare
726 1481 983 1554 mundum
1006 1520 1019 1542 ,
1048 1481 1135 1554 sed
1173 1483 1366 1554 sulcare
1389 1479 1535 1554 (bac.
1637 1480 1722 1534 54.
1756 1482 1895 1554 56):

328 1548 617 1606 ostctidens
647 1552 767 1620 quia
797 1565 915 1602 cum
949 1550 1149 1620 venerit
1189 1549 1240 1601 in
1268 1548 1501 1620 secundo
1529 1549 1782 1614 adventu,
1812 1551 1899 1617 jn-

329 1625 451 1677 dicii
491 1618 694 1689 tempus
723 1620 963 1673 similiter
987 1618 1154 1689 locum
1188 1619 1701 1689 iniset'icordia:_ntiii
1735 1622 1894 1674 habe-

333 1693 428 1746 bit.
463 1691 557 1744 libi
595 1687 769 1742 autem
811 1688 1170 1741 misericordia
1207 1689 1378 1739 locum
1430 1703 1531 1740 non
1578 1687 1768 1752 habet,
1803 1704 1898 1742 nec

331 1760 640 1815 intercessio
660 1759 815 1811 valet.
841 1760 940 1810 Aut
967 1757 1078 1810 haec
1104 1757 1220 1828 ideo
1241 1759 1382 1828 dicit,
1414 1757 1660 1820 Quoniam
1679 1760 1900 1828 indigna:

329 1841 450 1884 sunt
472 1829 724 1897 passiones
751 1829 901 1896 lmjus
931 1827 1164 1897 temporis
1185 1827 1258 1897 ad,
1276 1831 1492 1897 [utut-ton
1517 1827 1760 1895 gloriam,
1788 1827 1899 1897 qua:

329 1895 627 1952 revelabitur
667 1899 718 1950 in
758 1895 897 1948 nobis
928 1895 1099 1961 (llam.
1127 1897 1178 1948 8.
1204 1895 1325 1961 18).
1371 1896 1426 1948 Si
1454 1911 1578 1963 ergo
1610 1897 1778 1964 major
1801 1895 1900 1950 erit

329 1974 495 2037 gloria
518 2011 529 2031 ,
558 1983 674 2036 qua:
707 1974 991 2034 purpurata
1020 1974 1101 2016 est
1129 1965 1324 2017 sanctis
1344 1979 1371 2016 a
1403 1965 1510 2017 Deo
1531 2005 1544 2028 ,
1574 1981 1730 2037 quam
1760 1967 1897 2037 quod

332 2034 692 2106 ittttisqtiiSthc
737 2047 1036 2106 sanctorum
1085 2042 1316 2086 meretur
1345 2051 1358 2085 :
1387 2034 1650 2102 quomodo
1677 2036 1902 2088 sufficiat

332 2118 386 2161 et
416 2104 532 2158 aliis
562 2108 625 2159 ad
665 2106 884 2157 salutem
915 2104 1327 2171 uniuscujusque
1361 2118 1494 2171 opus
1527 2118 1709 2156 eormn
1732 2146 1745 2167 ,
1779 2121 1898 2158 cum

334 2192 435 2229 nec
461 2177 558 2228 sibi
600 2175 697 2227 soli
727 2173 953 2242 sufficiat
995 2173 1058 2224 ad
1086 2174 1308 2240 gloriam
1360 2173 1502 2226 illam
1543 2172 1899 2242 justojudicio

330 2243 796 2310 consequendam?
823 2240 902 2292 Ite
929 2243 1091 2308 potius
1111 2242 1178 2291 ad
1199 2241 1480 2304 uendentes,
1504 2240 1554 2293 et
1577 2240 1719 2295 emite
1744 2244 1899 2301 vobis.

338 2313 648 2366 Venditores
676 2326 894 2380 operum
946 2311 1203 2364 bonorum
1224 2349 1238 2372 ,
1266 2312 1349 2364 vel
1400 2311 1652 2365 doctrina:
1672 2354 1685 2374 ,
1726 2328 1900 2366 sacer-

331 2383 484 2436 dotes
513 2391 672 2445 sunt,
720 2381 808 2450 qui
858 2389 1117 2450 prafcepta
1166 2381 1382 2448 jusﬁtia:
1422 2380 1472 2433 itt
1519 2384 1711 2450 populo
1736 2383 1895 2443 dant,

333 2452 482 2521 quasi
509 2449 964 2519 pretiutnaliquod
988 2449 1305 2521 accipientes
1337 2450 1489 2504 lidetn
1520 2449 1748 2518 ipsorum
1774 2492 1785 2513 ,
1811 2453 1897 2520 qui

337 2520 653 2591 peccatores
686 2535 778 2587 per
807 2520 1166 2588 paenitentiam
1214 2520 1456 2591 solvunt,
1491 2522 1656 2587 pretio
1695 2524 1902 2575 confes-

333 2588 497 2644 sionis
526 2604 707 2643 eorum
739 2591 943 2656 placati.
974 2591 1078 2640 Aut
1098 2598 1242 2641 certe
1269 2588 1369 2642 hoc
1402 2591 1621 2654 pretium
1650 2591 1900 2644 doctrina:

334 2660 638 2725 accipiunt,
665 2657 872 2726 quando
902 2657 978 2710 sic
998 2657 1252 2710 docentes
1276 2672 1366 2710 cos
1391 2659 1617 2712 audierit
1658 2661 1898 2726 populus.

333 2728 567 2795 Populus
595 2729 805 2794 quidem
841 2741 932 2794 per
959 2726 1310 2779 obedientiam
1350 2741 1499 2780 suam
1527 2739 1791 2781 mercatus
1819 2739 1900 2782 est

333 2798 434 2850 sibi
465 2799 716 2860 salutem,
746 2796 1048 2849 sacerdotes
1075 2805 1249 2848 autem
1269 2835 1284 2859 ,
1314 2797 1400 2865 qui
1427 2797 1715 2850 docuerunt
1743 2807 1796 2850 et
1822 2799 1902 2850 la-

335 2867 658 2919 boraverunt
687 2866 822 2918 circa
850 2880 942 2917 eos
964 2904 981 2930 ,
1028 2865 1282 2932 recipient
1318 2881 1347 2916 a
1378 2866 1484 2919 Deo
1507 2867 1759 2920 doctrina:
1792 2883 1901 2921 suae

334 2934 559 2988 labores.
585 2936 785 2988 Bonum
816 2949 943 3002 ergo
963 2943 1044 2987 est
1069 2935 1345 2988 c0nsilimn
1371 2946 1670 2989 sanctorum
1693 2936 1757 2988 ad
1782 2953 1904 3002 pec-

334 3015 573 3069 catores,
608 3015 812 3057 nteant
840 3007 903 3056 ad
951 3007 1292 3069 sacerdotes,
1332 3015 1385 3057 et
1425 3005 1651 3058 ﬁdeliter
1689 3007 1903 3060 audiant

334 3090 427 3127 eos
459 3092 470 3124 :
503 3085 554 3126 ct
589 3090 708 3127 cum
739 3073 1033 3135 audierint,
1063 3072 1290 3136 faciant,
1319 3084 1372 3126 et
1405 3073 1614 3127 habebit
1655 3076 1901 3129 virtutem

334 3143 436 3195 olei
486 3143 615 3194 fides
657 3158 874 3206 eorum,
915 3143 957 3194 si
1006 3151 1181 3196 tamen
1232 3142 1511 3196 habuerint
1556 3152 1780 3210 tempus.
1812 3147 1897 3198 10.

337 3211 638 3263 Abeuntibus
666 3223 832 3263 autent
861 3213 962 3274 eis,
992 3227 1102 3264 ecce
1134 3212 1264 3264 venit
1305 3228 1519 3278 sponsus
1548 3230 1564 3265 :
1596 3223 1640 3264 et
1666 3229 1780 3279 qua:
1811 3232 1902 3281 pa-

339 3291 461 3353 rtth
490 3291 659 3353 erant,
702 3281 1011 3353 intraverunt
1057 3297 1170 3333 cum
1217 3297 1274 3333 eo
1297 3320 1311 3345 ,
1342 3292 1388 3334 et
1415 3283 1585 3353 clausa
1610 3293 1681 3333 est
1714 3285 1898 3353 janua.

336 3351 645 3402 Ostenditur
675 3351 826 3402 nobis
854 3365 945 3416 per
990 3350 1104 3403 haec
1142 3355 1336 3416 verba,
1381 3351 1521 3418 quod
1568 3353 1659 3404 illo
1687 3350 1736 3404 in
1767 3363 1902 3406 tem-

335 3433 465 3488 pore
498 3421 633 3472 inter
680 3420 948 3487 angustias
988 3420 1316 3473 diversorum
1361 3428 1618 3474 terrorum
1664 3422 1902 3476 videntes

335 3505 394 3542 se
423 3500 726 3556 peccatores
751 3528 764 3549 ,
797 3490 1150 3540 anxiabuntur
1172 3531 1185 3550 ,
1231 3498 1285 3541 et
1323 3500 1534 3542 current
1565 3492 1667 3543 huc
1696 3501 1750 3545 et
1781 3492 1903 3544 illuc

334 3558 402 3609 ad
446 3558 748 3610 sacerdotes
769 3597 782 3619 ,
815 3557 1108 3608 doctrinam
1141 3569 1189 3610 et
1224 3559 1583 3624 pmnitettliattt
1617 3563 1713 3611 sibi
1761 3577 1904 3626 qua:-

336 3636 535 3696 rentes.
569 3627 667 3696 Alii
699 3639 873 3696 autem
922 3626 1340 3696 interrogantes,
1381 3629 1501 3696 quid
1545 3644 1636 3679 eos
1664 3638 1906 3695 oporteat

336 3695 512 3748 facere
531 3737 546 3757 ,
578 3695 670 3747 sed
703 3694 983 3747 festinante
1002 3694 1202 3761 judicio
1221 3736 1235 3758 ,
1264 3705 1319 3749 et
1348 3694 1747 3749 necessitatibus
1786 3699 1904 3749 aliis

337 3780 498 3832 super
522 3764 650 3816 alias
675 3765 1025 3825 venientibus,
1049 3777 1170 3815 cum
1199 3780 1301 3816 non
1330 3767 1397 3817 sit
1417 3766 1638 3817 docendi
1667 3767 1899 3829 licentia,

337 3849 440 3887 nec
465 3843 669 3899 tempus
701 3832 949 3884 faciendm
984 3833 1233 3899 justitite,
1258 3845 1347 3885 aut
1385 3835 1600 3902 agenda:
1645 3836 1906 3902 paeniten-

339 3903 462 3965 tia:,
512 3903 772 3954 festinatio
822 3917 1002 3953 eorum
1051 3917 1209 3953 vacua
1259 3904 1376 3955 erit.
1423 3905 1534 3955 lloc
1578 3919 1718 3956 cnnn
1754 3914 1805 3956 et
1851 3907 1903 3957 itt

339 3970 646 4040 qu0tid.ano
675 3986 769 4022 usu
803 3971 1044 4022 videmus
1076 3971 1208 4023 fieri.
1236 3972 1476 4035 Quotidie
1499 3974 1638 4025 enim
1667 3973 1908 4026 sacerdo-

344 4049 423 4093 tes
455 4042 683 4094 claniant
717 4043 765 4091 in
819 4041 1038 4092 ecclesia
1072 4040 1204 4105 :Qui
1249 4043 1511 4107 peccavit,
1543 4045 1904 4108 pmiiitentiatn

341 4119 462 4180 agat
495 4126 508 4160 :
543 4111 630 4178 qui
671 4109 1080 4180 llOll7|)CCC:lVil,
1117 4123 1418 4177 permaneat
1465 4112 1513 4162 in
1557 4112 1682 4164 Deo.
1725 4111 1908 4180 Neque

341 4186 597 4232 Sedttcaut
643 4193 734 4230 vos
785 4179 1013 4231 honores
1058 4187 1111 4230 et
1153 4179 1346 4231 divitia:
1399 4181 1714 4246 temporales
1745 4197 1757 4232 :
1787 4183 1908 4250 quia

343 4258 553 4316 tempus
577 4257 806 4300 vestrum
841 4263 1002 4315 prope
1023 4257 1101 4298 est
1129 4265 1142 4300 :
1166 4257 1219 4300 et
1247 4251 1290 4300 si
1320 4252 1703 4302 consummatio
1734 4261 1906 4303 vestra

343 4318 661 4379 tardaverit,
694 4333 836 4369 mors
870 4327 1039 4369 vestra
1071 4332 1176 4369 non
1210 4318 1396 4369 tardat.
1428 4318 1492 4369 Et
1525 4335 1680 4371 nemo
1719 4321 1906 4384 credit,

343 4403 501 4440 nemo
530 4387 760 4438 obaudit.
788 4389 914 4436 Cum
946 4398 1119 4438 autem
1153 4389 1356 4439 venerit
1381 4401 1538 4454 sopcr
1565 4389 1682 4441 illos
1727 4404 1870 4442 mors
1889 4430 1906 4456 ,

342 4456 595 4510 festinant
623 4467 675 4507 et
703 4458 1018 4517 anxiantur,
1049 4464 1239 4507 vocant
1281 4460 1612 4520 sacerdotes,
1647 4459 1908 4525 paeniten-

344 4527 471 4578 tiam
501 4525 680 4576 Volunt
706 4539 883 4592 agere.
913 4528 1123 4591 quando
1144 4525 1251 4590 jam
1283 4525 1608 4593 ptenitentia:
1637 4529 1780 4580 locus
1807 4544 1909 4581 non

340 4605 442 4647 est.
472 4595 648 4662 Itaque
670 4595 790 4644 dum
816 4602 1085 4660 eitponunt
1110 4605 1318 4660 peccata
1345 4610 1437 4647 sua
1457 4635 1472 4659 ,
1496 4597 1620 4647 dum
1648 4598 1911 4663 accipiunt

345 4663 670 4732 pandentia:
730 4672 964 4729 tempus,
1009 4673 1062 4715 et
1113 4674 1368 4730 pra-cepta
1413 4664 1655 4731 jllslllitll,
1709 4668 1911 4732 capitur

343 4736 525 4803 anima
550 4748 770 4803 eorum,
799 4744 850 4784 et
879 4732 1075 4784 vadunt
1104 4734 1250 4784 vacui
1276 4773 1291 4795 ,
1338 4735 1504 4802 magis
1547 4744 1720 4787 autem
1771 4737 1911 4803 ligati

340 4804 486 4870 justo
508 4801 706 4872 judicio
735 4801 822 4852 Dei
854 4819 867 4851 :
896 4805 1016 4868 quia
1065 4817 1172 4872 non
1204 4812 1416 4870 propter
1438 4801 1616 4855 Odium
1664 4801 1911 4872 peccato-

348 4887 461 4942 rum
518 4870 857 4937 diSplicentes
898 4872 995 4922 sibi
1045 4871 1287 4924 volebant
1319 4870 1686 4942 pmnitcntiam
1714 4889 1908 4942 agere,

347 4941 438 4992 Sed
473 4949 687 5008 propter
733 4942 918 4992 mortis
952 4942 1212 4994 timorem.
1250 4941 1435 4994 Adhuc
1464 4943 1601 4995 enim
1651 4947 1693 4994 si
1742 4945 1915 4997 vivere

348 5011 680 5079 potuissent,
709 5024 813 5062 n0n
847 5010 944 5062 sibi
975 5010 1384 5078 displicuissent.
1414 5014 1558 5063 Alius
1585 5022 1758 5064 autem
1787 5028 1914 5065 vcn-

349 5080 552 5133 ditores
573 5080 707 5141 olei,
736 5079 783 5131 id
807 5089 888 5131 est
908 5121 922 5142 ,
954 5080 1072 5132 boni
1097 5081 1273 5148 operis
1294 5120 1307 5143 ,
1334 5095 1590 5147 pauperes
1613 5083 1757 5134 dicit.
1785 5082 1917 5135 Hor-

349 5159 530 5202 tantur
569 5163 695 5217 ergo
739 5149 1022 5216 prudentes
1050 5151 1278 5217 virgines
1323 5152 1524 5214 fatuas,
1577 5160 1632 5202 ut
1680 5161 1802 5204 eant
1848 5153 1912 5204 ad

347 5233 632 5301 pauperes,
665 5219 716 5296 si
730 5220 922 5297 patitur
943 5234 1033 5301 eas
1057 5230 1262 5286 tempus
1281 5260 1294 5281 ,
1323 5229 1377 5270 ut
1404 5221 1757 5301 facienteseis
1781 5223 1914 5274 bona

351 5287 567 5358 iustitiae
589 5329 604 5352 ,
653 5289 1061 5341 misericordiam
1105 5298 1492 5356 consequantur
1536 5290 1602 5342 ab
1625 5292 1701 5342 eis
1735 5309 1748 5343 :
1780 5306 1915 5357 quo-

357 5360 494 5410 niam
528 5373 619 5425 per
665 5358 1054 5410 misericordias
1107 5358 1268 5410 factas
1300 5363 1349 5409 in
1381 5372 1472 5410 eos
1493 5399 1507 5418 ,
1536 5361 1671 5422 olei,
1723 5360 1771 5411 id
1799 5370 1914 5424 est,

353 5427 730 5480 miseriCortlta:
757 5441 960 5479 merces
984 5427 1289 5493 acquiritur.
1325 5427 1428 5479 lll;e
1470 5437 1642 5480 autem
1671 5430 1794 5481 dum
1824 5445 1916 5481 va-

353 5499 520 5560 dunt,
574 5497 810 5548 volentes
860 5506 981 5566 tunc
1024 5497 1218 5564 aliquid
1272 5497 1393 5549 boni
1423 5497 1647 5566 facere,
1701 5507 1918 5566 propter

351 5566 491 5634 quod
519 5567 722 5632 possint
743 5579 860 5616 cum
891 5565 1076 5619 ﬁducia
1105 5580 1382 5618 occurrere
1403 5565 1611 5620 Christo
1629 5607 1643 5632 ,
1667 5565 1918 5621 venturus

353 5645 436 5687 est
474 5634 714 5686 Christus
762 5645 979 5701 repente
1002 5676 1015 5698 ,
1063 5645 1115 5689 et
1146 5635 1272 5687 nihil
1318 5636 1394 5688 eis
1421 5637 1654 5704 proderit
1681 5638 1918 5690 anxietas

351 5705 438 5757 illa
463 5744 477 5768 ,
503 5714 622 5756 tunc
643 5704 1010 5772 incipientibus
1033 5704 1168 5759 bene
1193 5719 1350 5772 agere
1370 5745 1385 5769 ,
1410 5720 1528 5758 cum
1559 5715 1763 5774 tempus
1787 5707 1919 5760 bene

353 5774 541 5842 agendi
572 5775 922 5829 concluditur.
954 5777 1036 5828 11.
1085 5775 1365 5827 Novissime
1402 5785 1569 5828 autem
1609 5785 1843 5829 venerunt
1872 5786 1918 5828 et

352 5843 555 5916 reliqua
606 5845 854 5915 virgines,
896 5843 1427 5913 dicentes:l)omine,
1479 5845 1724 5912 Domine,
1775 5846 1915 5914 aperi

1444 465 1509 521 IN
1548 466 1951 525 MATTll/EUM
1993 470 2217 527 HOMIL.
2259 471 2388 528 Llll.

3482 497 3590 551 934

2013 584 2172 654 nobis.
2196 584 2332 639 Nihil
2366 585 2577 654 prodest
2605 601 2667 638 ex
2716 583 3029 639 necessitate
3059 582 3284 654 repetita
3315 579 3586 654 confessio

2008 653 2157 722 ejus,
2187 657 2273 722 qui
2312 650 2377 710 ei
2403 656 2673 709 voluntate
2703 671 2799 708 nec
2825 654 2987 707 semel
3012 652 3289 706 confessus
3317 659 3420 705 est.
3451 650 3584 703 Nam

2007 724 2301 778 voluntaria
2325 725 2587 780 confessio
2609 734 2661 778 et
2687 726 2888 778 modica
2917 723 3113 776 sufficit
3136 722 3244 774 Deo
3270 738 3282 772 :
3310 735 3374 774 ex
3399 735 3585 774 neces-

2007 794 2162 847 sitate
2188 806 2362 849 autem
2384 838 2399 859 ,
2425 811 2592 865 neque
2615 809 2822 861 magna.
2852 792 2933 846 l2.
2955 795 3026 865 At
3053 792 3140 865 ille
3159 790 3462 865 rgspondens
3479 791 3584 865 ait:

2006 867 2164 916 Amen
2204 865 2316 918 dico
2341 866 2475 918 vobis
2494 860 2522 930 ,’
2555 860 2720 917 nescio
2763 880 2848 914 vos
2877 864 2962 924 qui
2988 864 3126 915 estis.
3173 861 3334 930 Signa
3364 860 3582 926 spiritus

2005 935 2108 986 mei
2140 935 2188 986 in
2221 936 2370 988 vobis
2401 949 2502 989 non
2535 937 2707 987 video.
2763 933 2910 985 Sicut
2939 933 3080 985 enim
3111 931 3199 999 qui
3247 929 3576 982 immundum

2006 1003 2247 1070 Spiritum
2280 1004 2469 1068 habet,
2506 1005 2638 1057 bona
2681 1017 2841 1070 opera
2881 1002 3058 1054 facere
3104 1016 3209 1053 non
3255 1009 3470 1067 potest:
3503 999 3582 1070 sic

2004 1068 2092 1140 qui
2124 1073 2375 1140 Spiritum
2404 1087 2641 1127 sanctum
2676 1068 2867 1132 habet,
2899 1085 3072 1140 opera,
3091 1084 3194 1123 non
3247 1070 3371 1140 facit
3419 1068 3574 1140 mala.

2003 1138 2177 1208 Quare
2203 1144 2357 1212 igitur
2384 1161 2476 1196 vos
2500 1159 2660 1211 Opera
2692 1157 2795 1195 n0n
2845 1141 3015 1212 facitis
3062 1139 3198 1212 bona
3218 1181 3233 1204 ,
3266 1139 3358 1212 sed
3400 1138 3582 1192 mala?

2004 1207 2287 1281 Imaginem
2333 1229 2502 1266 meam
2536 1207 2636 1266 non
2667 1226 2928 1279 cognosco
2978 1210 3030 1263 in
3061 1209 3230 1281 vobis.
3279 1207 3457 1276 Imago
3486 1223 3579 1260 an-

2002 1278 2381 1336 tem'mea‘est
2430 1284 2611 1348 fugere
2659 1278 2888 1344 tnalum,
2921 1289 2974 1334 et
3014 1279 3164 1345 sequi
3205 1278 3398 1329 bonum
3433 1294 3446 1328 :
3487 1291 3578 1329 Vos

2003 1361 2178 1404 autem
2208 1361 2417 1404 econtra
2474 1353 2678 1418 fugistis
2728 1353 2921 1403 h0num
2944 1391 2959 1414 ,
2987 1358 3040 1402 et
3069 1349 3269 1416 operati
3301 1348 3429 1400 estis
3468 1362 3578 1398 ma.

2005 1418 2134 1472 lum.
2186 1420 2299 1474 Non
2348 1424 2566 1489 potestis
2613 1436 2850 1474 meorum
2897 1419 3120 1489 militum
3170 1420 3384 1486 przemia
3428 1418 3568 1468 acci-

2004 1503 2131 1560 pere
2152 1532 2166 1552 ,
2200 1491 2286 1559 qui
2320 1487 2524 1560 tyranni
2552 1491 2742 1544 vexilla
2773 1491 3011 1558 portatis.
3040 1487 3154 1541 Non
3185 1501 3396 1560 possunt
3425 1501 3573 1538 meos

2002 1558 2182 1615 dicere
2203 1557 2228 1626 ,ἡ
2253 1561 2303 1614 in
2331 1557 2519 1629 quibus
2563 1575 2739 1614 meum
2777 1557 2906 1612 nihil
2931 1557 3215 1626 cognosco.

2421 1695 2644 1748 Ilomilia
2671 1695 2769 1762 liij.
2801 1710 2863 1747 ea:
2891 1710 3004 1762 cap.
3036 1708 3155 1746 xxv.

2075 1827 2162 1880 14.
2218 1826 2363 1880 Sicut
2401 1827 2531 1879 enim
2581 1827 2728 1878 homo
2776 1842 2978 1892 peregre
3025 1824 3344 1890 proficiscens
3389 1827 3575 1877 vocavit

2003 1911 2170 1948 servos
2197 1911 2314 1947 suos
2337 1936 2350 1957 ,
2379 1906 2480 1947 etc.
2515 1895 2682 1946 llomo
2727 1911 2940 1961 peregre
2983 1895 3285 1962 profectus,
3334 1895 3574 1948 Christus

2003 1974 2120 2028 est,
2156 1973 2272 2032 post
2300 1965 2570 2018 victoriam
2602 1964 2860 2030 passionis
2887 1965 2950 2015 ad
3002 1965 3206 2014 Patrem
3241 1963 3406 2014 iturus
3438 1981 3449 2014 :
3480 1979 3576 2016 Vo-

2008 2034 2206 2087 luntate
2233 2033 2605 2087 misericordia:
2634 2035 2791 2084 homo
2812 2074 2825 2094 ,
2861 2049 2965 2084 non
3010 2033 3325 2086 necessitate
3351 2042 3567 2085 natum.

2005 2103 2350 2157 Commendat
2377 2114 2552 2155 autem
2578 2102 2821 2154 Christus
2857 2102 3194 2155 ddcctionem
3217 2117 3387 2164 suam,
3415 2117 3571 2168 quam

2004 2172 2164 2226 habet
2206 2175 2256 2225 in
2297 2173 2511 2224 sanctis.
2538 2172 2616 2224 Ad
2665 2187 2822 2239 regna
2863 2173 3002 2224 enim
3044 2170 3275 2224 molestia
3326 2185 3578 2224 ascensu-

2004 2258 2127 2307 rus,
2159 2251 2214 2296 et
2240 2242 2305 2295 ad
2351 2242 2558 2294 Patrem
2607 2256 2760 2293 suum
2803 2242 2968 2294 iturus
2990 2283 3003 2303 ,
3031 2241 3168 2293 unde
3203 2240 3572 2306 descenderat,

2005 2327 2225 2382 peregre
2270 2327 2328 2365 se
2378 2311 2571 2382 iturum
2593 2310 2759 2382 dicit,
2791 2321 3006 2377 propter
3033 2311 3306 2382 caritatem
3355 2319 3570 2362 sancto-

2005 2380 2158 2446 rum,
2187 2395 2320 2450 quos
2350 2380 2681 2450 relinquebat
2708 2381 2758 2430 in
2789 2383 2942 2432 terris
2962 2419 2976 2439 ,
3009 2380 3323 2450 cnm_magis
3353 2394 3573 2450 peregre

2003 2461 2145 2505 esset
2193 2448 2243 2504 in
2276 2449 2471 2502 tnundo
2495 2488 2509 2509 ,
2541 2449 2678 2500 sicut
2721 2453 2833 2516 ipse
2881 2457 3102 2500 testatur
3127 2448 3308 2500 dicens
3342 2465 3355 2498 :
3390 2449 3573 2500 lncola

2004 2521 2134 2572 enim
2159 2536 2247 2587 ego
2273 2519 2454 2572 suntin
2477 2528 2607 2569 terra
2635 2519 2772 2586 apud
2793 2529 2838 2570 te
2864 2516 3032 2582 (Psal.
3059 2519 3180 2570 118.
3212 2516 3320 2585 19).
3349 2518 3575 2582 Quando

2004 2590 2144 2642 enim
2171 2589 2311 2642 venit
2338 2589 2387 2640 in
2413 2587 2664 2640 mundum
2688 2587 2871 2649 Jesns,
2901 2587 3072 2639 adhuc
3094 2590 3404 2654 peregrinus
3429 2597 3567 2650 erat,

2004 2659 2268 2712 neminem
2319 2658 2518 2710 habens
2562 2658 2643 2710 sui
2697 2658 2924 2709 nominis
2969 2657 3375 2710 confessorem;
3425 2667 3572 2723 post-

2003 2742 2160 2797 quam
2191 2738 2363 2797 autem
2395 2727 2537 2779 venit
2564 2767 2576 2788 ,
2604 2736 2658 2780 ct
2685 2727 2970 2793 discipulos
2998 2726 3275 2794 acquisivit
3300 2766 3313 2785 ,
3339 2726 3446 2792 jam
3481 2724 3573 2792 pa-

2007 2796 2314 2851 terfamilias
2342 2805 2455 2849 erat
2481 2812 2495 2848 :
2527 2806 2581 2849 et
2609 2797 2726 2849 ideo
2755 2797 3089 2863 proficiscens
3114 2797 3179 2847 de
3201 2797 3419 2854 mundo,
3443 2810 3566 2859 per-

2002 2882 2128 2936 egre
2153 2865 2600 2936 proficiscebatur.
2634 2866 2721 2917 Vis
2743 2874 2916 2936 autem
2947 2865 3082 2918 scire
3107 2873 3359 2932 quantum
3388 2864 3569 2936 diligat

2005 2933 2188 2990 lidelc's
2216 2937 2384 2989 suos?
2413 2933 2698 2987 Considera
2743 2934 2864 3003 quid
2912 2949 3097 3002 passus
3126 2942 3205 2986 est
3247 2947 3342 3000 pro
3371 2934 3469 2986 eis.
3510 2935 3565 2987 Si

2005 3007 2143 3058 enim
2171 3005 2338 3072 magis
2360 3019 2514 3072 quam
2540 3005 2762 3072 gloriam
2806 3019 2954 3056 suam
3005 3003 3139 3056 illos'
3163 3004 3389 3064 amavit,
3418 3005 3567 3069 quasi

2005 3076 2163 3128 homo
2192 3071 2424 3128 mOriens
2455 3071 2670 3141 propter
2697 3087 2790 3127 eos
2821 3091 2834 3125 :
2866 3073 2990 3140 quid
3029 3071 3219 3125 mirtnn
3241 3111 3256 3136 ,
3284 3076 3327 3124 si
3367 3071 3570 3139 majore

2004 3145 2284 3199 dilectione
2315 3143 2591 3197 tenebatur
2619 3153 2920 3195 sanctormn
2942 3183 2956 3204 ,
2987 3157 3118 3209 quos
3159 3141 3488 3208 relinquebat
3517 3142 3568 3194 in

2006 3215 2159 3267 torris
2177 3254 2193 3278 ,
2216 3229 2371 3282 quam
2399 3212 2683 3282 dilectione
2709 3213 2888 3280 gloria:
2907 3226 3101 3282 ,qnam
3136 3210 3440 3282 habebatin
3467 3224 3571 3282 ca:-

2005 3283 2109 3336 lis?
2141 3283 2203 3335 Et
2235 3279 2449 3334 tradidit
2473 3281 2575 3333 illis
2613 3279 2742 3333 bona
2768 3297 2878 3333 sua.
2904 3281 3015 3333 Non
3045 3279 3284 3332 invidens
3309 3280 3423 3331 aliis
3451 3279 3568 3346 plus

2003 3354 2180 3417 dedit,
2209 3353 2324 3404 aliis
2353 3352 2527 3404 minus
2544 3391 2560 3414 ,
2581 3352 2674 3404 sed
2696 3350 3038 3404 considerans
3059 3346 3414 3402 diversitatem
3446 3350 3565 3402 fidei

2005 3437 2210 3476 eorum.
2240 3423 2336 3486 Qui
2369 3429 2543 3473 autem
2577 3421 2782 3472 invidus
2809 3431 2920 3482 ρει,
2951 3428 3039 3471 aut
3066 3433 3253 3485 parcus
3276 3459 3291 3482 ,
3323 3418 3568 3471 omnibus

2004 3502 2083 3545 est
2111 3506 2296 3559 parcus
2325 3500 2378 3543 et
2405 3489 2633 3559 invidus.
2662 3489 2842 3557 Neque
2868 3490 3016 3556 quasi
3045 3498 3293 3559 acceptor
3319 3503 3569 3559 persona-

2005 3557 2122 3612 runi
2168 3560 2286 3614 fecit
2318 3558 2665 3612 differentiam
2714 3559 3019 3626 gratiarum.
3057 3557 3142 3608 Vis
3181 3557 3352 3610 scire?
3381 3558 3560 3608 Consi-

2005 3629 2133 3680 dera
2161 3631 2427 3696 quomodo
2455 3644 2588 3694 pene
2616 3628 2888 3694 tequaliter
2914 3629 3270 3696 remuneravit
3295 3642 3415 3678 eum
3439 3667 3455 3690 ,
3479 3628 3566 3694 qui

2005 3695 2432 3753 ntittttsobtulit.
2463 3706 2516 3747 et
2545 3713 2663 3748 eum
2684 3735 2698 3757 ,
2733 3699 2818 3763 qtti
2851 3697 3094 3763 amplius.
3145 3695 3200 3748 Si
3229 3698 3369 3747 enim
3414 3710 3568 3749 accc-

2006 3774 2126 3833 ptor
2144 3780 2485 3835 personarum
2515 3764 2731 3835 fuisset,
2760 3765 2936 3832 utique
2963 3780 3067 3816 non
3095 3773 3294 3816 tantum
3327 3765 3375 3815 in
3400 3765 3570 3819 danda

2005 3834 2201 3903 gratia,
2233 3843 2482 3899 quantum
2531 3834 2580 3885 in
2609 3834 2874 3887 reddenda
2923 3835 3164 3886 mercede
3189 3841 3330 3886 esset
3354 3835 3573 3900 arqualis

2007 3905 2284 3957 ambobus.
2312 3904 2640 3955 Manifestum
2667 3913 2746 3956 est
2769 3943 2783 3964 ,
2813 3905 2953 3971 quod
3001 3904 3051 3954 in
3074 3903 3244 3955 danda
3271 3907 3436 3971 gratia
3465 3920 3570 3957 non

2007 3987 2263 4041 personas
2289 3974 2518 4040 aspexit,
2550 3973 2640 4025 sed
2677 3975 2922 4024 virtutem
2964 3973 3371 4041 uniuscujusque
3400 3977 3575 4026 consi-

2009 4043 2210 4095 deravit
2236 4057 2248 4091 :
2281 4059 2344 4095 ne
2370 4056 2524 4108 supra
2556 4044 2799 4094 virtutem
2831 4057 2961 4110 opus
3001 4043 3305 4108 injungens,
3339 4044 3450 4110 ipse
3478 4059 3568 4096 oc-

2008 4112 2151 4166 casio
2180 4111 2483 4164 oll‘ensionis
2503 4114 2800 4174 exsiSteret,
2824 4124 2872 4164 et
2899 4127 3001 4164 non
3023 4124 3162 4164 esset
3185 4125 3306 4164 reus
3332 4115 3417 4179 qui
3448 4127 3569 4178 pee-

2009 4184 2175 4243 c;tvit,
2199 4182 2241 4232 si
2271 4195 2430 4247 supra
2454 4181 2697 4232 virtutem
2749 4181 2952 4247 pondus
2997 4182 3351 4246 imposuisset.
3379 4181 3574 4234 Voleos

2010 4266 2139 4318 ergo
2179 4249 2428 4301 Dominus
2470 4251 2642 4300 socios
2688 4265 2784 4301 nos
2814 4251 3004 4302 habere
3049 4250 3099 4302 in
3147 4266 3308 4318 regno
3337 4252 3530 4302 cselesti
3557 4293 3572 4315 ,

2010 4334 2172 4389 opera
2223 4318 2374 4389 nobis
2407 4318 2728 4370 diversarum
2763 4320 3086 4385 justitiarttm
3130 4320 3395 4372 Commisit
3423 4336 3437 4371 :
3470 4336 3573 4373 non

2011 4388 2131 4458 quia
2163 4403 2266 4441 non
2296 4388 2484 4458 haheat
2509 4397 2824 4454 potestatem
2851 4399 2904 4440 et
2933 4391 3047 4440 sine
3070 4391 3316 4456 operibus
3343 4403 3439 4443 nos
3462 4391 3575 4456 glo-

2012 4457 2251 4520 rificare,
2297 4457 2388 4510 sed
2437 4458 2554 4510 ideo
2595 4473 2728 4525 opus
2756 4459 3047 4526 prasmisit,
3093 4460 3211 4524 quia
3249 4459 3385 4512 sicut
3413 4474 3572 4524 opera

2012 4530 2127 4581 sine
2159 4528 2387 4594 prmmiis
2429 4542 2588 4580 vacua
2638 4537 2793 4591 sunt,
2824 4529 2900 4580 sic
2940 4529 3147 4594 praemia
3183 4529 3297 4580 sine
3324 4527 3576 4594 Operihus

2013 4607 2138 4650 sunt
2165 4597 2386 4666 ingrata.
2417 4596 2503 4650 16.
2539 4597 2735 4666 ‘Statim
2777 4606 2941 4648 autem
2983 4598 3102 4649 abiit
3127 4614 3208 4665 qut
3256 4600 3468 4666 quinque
3494 4607 3576 4650 tu-

2016 4667 2149 4720 lenta
2178 4677 2461 4735 acceperat,
2491 4667 2547 4718 ρι’
2571 4666 2830 4734 acquisivit
2869 4667 2971 4717 alia
3000 4669 3228 4735 quinque.
3262 4667 3334 4720 De
3377 4669 3577 4720 talento

2014 4734 2302 4806 agnitionis
2326 4734 2520 4789 Christi
2546 4735 2821 4803 acquisivit
2851 4734 3280 4806 unamjustitiam
3331 4737 3464 4789 bene
3495 4739 3576 4786 vi-

2015 4805 2207 4860 vendo.
2237 4806 2308 4858 De
2330 4806 2654 4872 presbyterio
2678 4813 2850 4856 autem
2883 4805 2992 4871 ipso
3020 4806 3297 4872 acquisivit
3319 4805 3575 4872 justitiam

2016 4875 2241 4928 sollicite
2288 4873 2616 4942 prmsidendo
2665 4874 2930 4926 Ecclesiae.
2978 4875 3050 4926 lle
3096 4877 3256 4928 verbo
3297 4876 3578 4943 acquisivit

2020 4944 2271 5011 justitiam
2291 4983 2308 5008 ,
2331 4945 2547 4996 verbum
2571 4943 2804 4995 veritatis
2830 4945 3104 4996 sinceriter
3127 4945 3481 5011 pra-dicando.
3509 4949 3581 4998 lle

2057 5014 2280 5082 aptismo
2307 5015 2539 5065 lucratus
2569 5023 2649 5065 est
2668 5013 2967 5082 secundum
2998 5012 3197 5066 Christi
3227 5015 3459 5079 regulam
3486 5013 3580 5067 ba-

2019 5082 2298 5150 ptizando,
2332 5091 2385 5133 et
2413 5082 2596 5150 dignos
2630 5081 2763 5133 filios
2805 5097 2923 5134 cum
2964 5083 3162 5149 judicio
3210 5085 3459 5137 Ecclesiae
3487 5099 3576 5137 ac-

2019 5151 2294 5220 quirendo.
2353 5152 2426 5203 De
2493 5150 2751 5221 sacrificio
2813 5152 3087 5220 acquisivit
3128 5152 3416 5221 justitiam,
3476 5163 3580 5206 tam

2019 5222 2274 5275 mundum
2303 5230 2355 5272 et
2381 5220 2770 5273 immaculatum
2796 5222 3107 5275 sacviliciutn
3135 5220 3336 5291 populo
3359 5223 3587 5276 offeren-

2019 5291 2108 5355 do,
2141 5300 2192 5344 et
2221 5304 2314 5357 pro
2341 5291 2569 5358 peccatis
2597 5292 2771 5358 populi
2800 5293 3085 5345 exorando.
3134 5295 3219 5346 17.
3267 5293 3512 5347 Similiter
3541 5305 3586 5345 et

2019 5359 2106 5412 ille
2133 5361 2215 5426 qui
2254 5361 2353 5411 duo
2404 5361 2588 5411 talenta
2629 5361 2850 5426 accepit,
2896 5361 3113 5415 lucratus
3142 5373 3212 5416 est
3251 5365 3352 5415 alia
3378 5365 3498 5414 duo.
3534 5363 3588 5414 id

2021 5429 2294 5499 est,_druas
2332 5430 2583 5499 justitias.
2636 5427 2804 5482 Unam
2849 5432 2978 5484 bene
3020 5434 3271 5491 vivendo,
3305 5448 3462 5499 quam
3496 5451 3589 5483 at:-

2021 5497 2232 5566 qnisivit
2267 5513 2295 5549 a
2325 5499 2424 5551 fide
2456 5497 2650 5551 Christi
2681 5513 2693 5548 :
2723 5502 2939 5552 alteram
2981 5504 3254 5556 sinceriter
3285 5497 3590 5555 ministran—

2024 5573 2294 5636 do,qnam
2353 5569 2474 5621 fecit
2500 5583 2566 5621 ex
2620 5569 2909 5622 ministerio
2964 5573 3288 5626 diaconatus.
3346 5575 3433 5625 18.
3493 5573 3589 5637 Qui

2022 5649 2184 5689 autem
2238 5654 2392 5690 unum
2436 5639 2660 5704 accepit,
2715 5638 2882 5691 abiens
2929 5641 3054 5707 [odit
3115 5643 3164 5694 in
3230 5656 3434 5696 terram.
3475 5643 3591 5696 Pti-

2023 5723 2163 5779 nium
2197 5708 2488 5771 videamus,
2511 5718 2590 5779 put
2619 5710 2743 5775 qttid
2786 5725 2951 5777 neque
2983 5712 3070 5764 ille
3091 5752 3106 5776 ,
3138 5713 3223 5779 qui
3258 5715 3362 5765 duo
3394 5715 3591 5768 talenta

2022 5777 2644 5850 habuit,”abscondisse
2689 5780 2878 5850 talenta
2936 5795 3028 5831 sua
3082 5777 3428 5850 proponitur,
3477 5802 3595 5840 cum

2024 5847 2174 5902 multi
2217 5847 2424 5904 diaconi
2473 5847 2807 5904 inveniantur
2857 5847 3117 5904 inutiles:
3145 5847 3315 5922 neque
3360 5847 3601 5928 ille.qui
