4128 6460
224 446 352 503 937

217 551 326 616 ιίο,
361 550 501 622 qnia
544 559 597 604 et
632 551 876 619 lnjnriam
917 551 1132 605 domino
1160 550 1300 606 facit.
1333 553 1618 622 Propterea
1649 554 1822 610 sciens

209 619 505 691 propheta
535 637 688 688 quam
719 623 848 674 mala
881 623 1236 676 sitexcusatio
1265 619 1622 691 peccatorum,
1654 623 1780 676 dicit
1804 627 1821 654 ί

210 687 352 742 Non
384 687 616 742 declines
644 707 730 742 cor
754 708 912 742 meum
935 695 983 744 in
1009 694 1155 745 verba
1179 687 1405 756 malitiw,
1426 694 1491 745 ad
1509 687 1820 747 excusando:

206 760 594 829 excusationes
629 761 679 812 in
720 763 964 828 peccatis.
1012 779 1124 814 cum
1181 763 1463 814 hominibus
1502 764 1823 829 aperantibus

203 828 554 901 iniquitatem
586 829 750 901 (Parit.
799 831 918 884 MO.
951 831 1026 898 ὁ).
1061 832 1149 885 Dic
1176 847 1332 901 ergo.
1368 828 1815 895 serve’mendax,

203 899 515 965 quomodo
538 903 684 953 metit
703 899 962 963 Christus,
983 903 1064 953 tibi
1095 917 1196 955 non
1214 899 1514 955 setuinavit?
1531 901 1657 966 Quis
1676 903 1814 955 enim

206 967 525 1021 hominum
553 980 632 1022 est
656 1011 670 1031 ,
711 972 792 1023 vel
832 972 1138 1037 gentilium,
1179 973 1263 1026 vel
1291 972 1622 1034 Judmorum,
1659 987 1813 1039 quem

207 1052 330 1109 non
363 1039 704 1093 solticientcr
733 1040 1089 1106 spiritualibus
1117 1051 1174 1094 et
1194 1042 1555 1109 corporalibus
1575 1042 1815 1094 sensibus

204 1107 551 1167 adornavit.
579 1110 662 1161 cui
706 1126 807 1162 non
839 1111 982 1164 dedit
1012 1107 1434 1164 scientiam—boni
1465 1121 1516 1162 et
1547 1111 1703 1174 mali,
1732 1111 1814 1162 cui

206 1191 329 1231 non
371 1177 533 1231 dedit
561 1194 712 1249 posse
742 1180 917 1245 fugere
946 1183 1136 1234 malum
1161 1222 1175 1244 ,
1204 1190 1257 1233 et
1282 1181 1679 1249 apprehendere
1718 1181 1814 1233 bo-

206 1261 381 1311 num,
413 1250 462 1319 si
498 1249 644 1300 vult?
665 1248 812 1303 Sicut
839 1251 976 1302 enim
1006 1251 1177 1302 nullus
1197 1261 1272 1303 est
1306 1248 1484 1306 homo.
1515 1251 1595 1303 cui
1618 1250 1812 1319 aliquid

204 1318 486 1388 corporis
515 1319 869 1372 membrorum
899 1321 1072 1372 minus
1100 1321 1166 1372 sit
1191 1321 1254 1372 ad
1285 1337 1434 1373 usmn
1462 1321 1810 1388 corporalem:

203 1387 294 1458 sic
320 1397 586 1458 nonest,
612 1388 695 1440 cui
721 1389 892 1441 minus
922 1390 990 1443 sit
1013 1389 1207 1458 aliquid
1237 1405 1424 1443 sensus
1449 1400 1538 1442 aut
1565 1391 1813 1457 polentia

204 1455 278 1508 ad
317 1457 735 1527 intelligentiam
765 1458 884 1511 boni
914 1471 965 1512 et
997 1455 1154 1522 mali,
1200 1469 1251 1512 et
1283 1461 1344 1510 ad
1368 1475 1524 1513 omne
1555 1455 1686 1527 opus
1717 1461 1812 1512 ho-

206 1541 349 1597 num
381 1526 689 1579 faciendum
719 1529 1084 1597 quodcumque
1123 1528 1364 1581 voluerit.
1388 1529 1439 1582 Si
1476 1526 1631 1592 igitur
1653 1529 1810 1582 etiam

207 1595 265 1665 in
296 1597 566 1662 gentibus
585 1597 866 1649 seminavit
886 1595 1106 1661 gratiam
1133 1614 1300 1659 suam,
1333 1615 1395 1651 ex
1425 1599 1611 1665 quibus
1638 1599 1810 1651 nullus

200 1663 457 1732 justitim
490 1668 750 1735 colligitur
774 1666 1008 1722 fructus:
1039 1670 1301 1734 quomodo
1326 1669 1375 1720 in
1407 1663 1456 1720 te
1495 1669 1640 1720 metit
1669 1669 1809 1735 quod

206 1749 326 1787 non
378 1736 705 1806 seminavit.
738 1752 892 1804 quem
941 1738 1088 1806 quasi
1127 1747 1302 1790 aratro
1330 1738 1584 1803 spirituali
1637 1738 1810 1790 crucis

205 1819 331 1857 sum.
359 1805 538 1875 verbo
567 1806 759 1866 aravit,
792 1822 946 1868 quem
973 1807 1207 1859 doctrina
1235 1808 1451 1875 justitim
1481 1806 1759 1859 seminavit
1789 1848 1804 1870 ,

205 1888 385 1941 quem
417 1874 622 1942 Spiritu
649 1885 833 1928 sancto
860 1875 1126 1938 irrigavit?
1152 1874 1250 1928 Tot
1281 1878 1478 1928 semina
1511 1877 1806 1942 suscipiens

207 1945 527 2011 gratiarum
553 1986 567 2007 ,
617 1945 698 1998 vel
740 1961 896 1997 unum
933 1946 1158 1998 l'ructum
1192 1946 1409 2011 justitizn
1449 1960 1550 1997 non
1582 1945 1807 1999 debuisti

207 2013 428 2067 oil'erre
445 2015 470 2063 ἲ
492 2013 622 2067 Nam
652 2015 786 2067 [lens
814 2016 1076 2068 hominem
1096 2030 1158 2068 ex
1176 2013 1371 2079 duplici
1398 2030 1583 2069 creatis
1600 2024 1803 2079 natura,

207 2083 483 2151 Corporis
508 2084 766 2137 etanimze
795 2101 807 2136 :
839 2085 888 2137 in
929 2099 1153 2151 corpore
1190 2085 1400 2152 quidem
1426 2084 1624 2137 creavit
1651 2086 1803 2153 quin.

205 2167 325 2219 que
368 2167 599 2216 sensus,
629 2163 682 2206 et
725 2164 896 2207 motus
935 2153 1188 2221 quosdam
1222 2155 1761 2222 concupiscentiarum
1785 2195 1800 2215 ,

205 2222 570 2275 nascentium
601 2238 663 2275 ex
698 2225 972 2277 occasione
1010 2239 1256 2277 sensuum
1305 2225 1670 2292 praidictornm
1705 2241 1716 2275 :
1750 2224 1802 2276 in

205 2292 404 2343 anima
434 2302 612 2346 autem
641 2294 839 2346 creavit
875 2292 1068 2359 judicia
1099 2302 1154 2347 et
1192 2295 1437 2356 virtutes,
1469 2304 1523 2347 ut
1551 2294 1804 2362 intelligat

206 2362 496 2414 malarum
544 2377 718 2416 rerum
745 2371 796 2416 et
822 2363 1075 2416 bonarmn
1117 2364 1486 2417 discretionem
1513 2404 1527 2424 .
1561 2373 1615 2415 ut
1641 2365 1805 2430 possit

207 2430 490 2500 resistere
527 2432 752 2484 motibus
809 2437 916 2484 suis
970 2434 1349 2498 corporalibus.
1390 2433 1486 2498 Qui
1542 2447 1669 2500 ergo
1714 2447 1801 2486 se-

205 2499 468 2553 cundum
501 2500 878 2555 delectationes
905 2502 1144 2555 carnales
1170 2504 1347 2555 vivere
1373 2499 1672 2571 elegerunt,
1707 2519 1801 2554 ne-

204 2584 321 2638 que
372 2571 720 2623 considerant
772 2572 822 2624 in
876 2571 1050 2624 anima
1101 2587 1193 2625 sua
1237 2572 1433 2639 judicia
1481 2582 1533 2626 et
1580 2579 1802 2626 virtutes

205 2653 342 2692 esse
393 2649 608 2693 creatas
637 2657 649 2692 :
676 2656 771 2695 nec
801 2643 940 2694 enim
980 2644 1323 2709 experiuntur
1350 2656 1411 2694 ea
1442 2643 1486 2695 si
1515 2642 1621 2694 sint
1644 2684 1658 2701 ,
1706 2641 1799 2694 sed

203 2717 434 2763 tantum
477 2725 664 2764 sensus
701 2713 938 2764 carnales
962 2750 978 2776 ,
1009 2713 1549 2779 concupiscentiarum
1577 2725 1797 2766 nascen-

208 2780 356 2832 tium
430 2794 501 2833 ex
557 2780 834 2834 occasione
891 2795 1142 2834 sensuum
1198 2781 1564 2848 praedictorum
1640 2796 1796 2835 exse-

204 2857 485 2917 quuntur,
519 2865 582 2902 ex
611 2864 715 2918 quo
744 2850 819 2920 tit,
849 2851 1003 2904 utsic
1027 2850 1346 2904 arbitrentur
1373 2860 1427 2904 et
1452 2852 1646 2913 dicant,
1678 2853 1798 2920 quia

205 2920 401 2972 omnia
440 2920 577 2971 bona
608 2919 835 2973 carnalia
868 2931 921 2974 ει
951 2921 1233 2974 mundialia
1267 2921 1385 2974 ideo
1411 2923 1607 2975 creavit
1641 2919 1795 2984 Deus,

205 2997 267 3041 nt
283 2990 546 3041 omnibus
565 2990 642 3042 eis
681 3000 911 3042 utamur.
938 2989 1066 3043 Nam
1104 2993 1145 3043 si
1177 3006 1299 3044 vere
1337 3006 1438 3043 non
1475 3001 1597 3043 sunt
1623 3002 1797 3044 creata

204 3056 264 3127 in
314 3058 481 3111 nobis
519 3059 804 3112 secundum
834 3061 1062 3112 animam
1090 3061 1284 3125 judicia
1315 3071 1364 3113 et
1395 3061 1615 3113 virtutes
1643 3101 1654 3119 ,
1685 3062 1797 3127 qni-

205 3126 313 3181 bus
356 3141 649 3196 possumus
698 3128 945 3182 resistere
989 3131 1216 3182 motibus
1256 3126 1796 3197 concopisceutiarum

206 3207 529 3250 nostrarum
557 3198 846 3251 carnalium
878 3216 890 3250 :
920 3208 1122 3251 certum
1163 3209 1276 3263 est,
1319 3200 1438 3263 quia
1472 3201 1588 3252 ideo
1622 3210 1796 3252 creata

201 3275 335 3318 sunt
367 3267 512 3319 bona
541 3269 768 3320 carnalia
793 3309 805 3331 ,
833 3277 889 3321 ut
918 3278 1126 3322 utamur
1151 3270 1270 3323 illis.
1295 3269 1348 3322 Si
1369 3281 1542 3322 autem
1563 3279 1795 3322 creatum

203 3335 372 3388 estin
408 3336 585 3399 nobis,
615 3346 667 3389 et
688 3338 978 3405 intelligere
995 3352 1105 3402 eos,
1138 3347 1191 3391 et
1220 3353 1370 3404 posse
1400 3340 1648 3392 resistere
1675 3338 1752 3392 eis
1779 3355 1791 3389 ;

201 3406 330 3458 sine
376 3405 546 3457 dubio
585 3419 684 3457 non
725 3406 846 3460 ideo
882 3417 1058 3460 creata
1101 3418 1221 3460 sunt
1251 3409 1544 3474 corporalia
1576 3409 1709 3462 bona
1741 3418 1794 3459 et

203 3474 534 3536 mundialia,
561 3485 614 3526 ut
651 3477 728 3528 eis
755 3484 985 3540 utamur,
1015 3477 1105 3528 sed
1131 3487 1184 3529 ut
1210 3477 1520 3530 resistentes
1554 3479 1652 3541 eis,
1683 3493 1796 3529 nte-

203 3543 330 3597 liori
377 3542 561 3596 studio
601 3544 933 3612 acquiramus
972 3547 1122 3599 nobis
1156 3545 1474 3599 mercedem.
1523 3545 1650 3598 Nam
1697 3560 1795 3600 nec

203 3612 519 3680 intelligere
558 3614 749 3667 malum
782 3623 833 3666 et
860 3614 1054 3667 bonum
1084 3617 1134 3668 in
1167 3616 1319 3669 nobis
1358 3624 1500 3668 esset
1527 3623 1790 3678 creatum,

204 3682 309 3734 nisi
337 3684 491 3748 prius
516 3692 750 3735 creatum
778 3683 963 3736 fuisset
998 3696 1047 3737 et
1077 3700 1230 3750 posse
1259 3685 1508 3739 resistere
1537 3685 1696 3739 malo.
1727 3684 1797 3739 Ut

201 3750 336 3821 quid
385 3752 532 3821 enim
574 3753 770 3804 homini
819 3753 998 3821 datum
1031 3753 1214 3804 fuisset
1246 3755 1573 3821 intelligere,
1613 3755 1655 3807 si
1690 3770 1792 3807 non

202 3819 401 3873 fuisset
424 3819 665 3890 eidatum
699 3829 750 3873 et
782 3835 933 3888 posse
960 3820 1132 3874 facere
1160 3823 1299 3890 quod
1332 3819 1576 3888 intelligit
1602 3825 1792 3875 melius

200 3904 326 3942 esse
349 3891 374 3942 Ἰ
422 3888 686 3956 Numquid
705 3890 1018 3942 animalibus
1044 3888 1194 3944 Deus
1214 3893 1420 3944 creavit
1450 3892 1746 3958 intelligere
1773 3932 1786 3953 ,

200 3958 350 4027 quod
379 4029 384 4030 ν
416 3959 689 4030 honestius
737 3967 791 4011 et
827 3960 1137 4030 laudabilius
1179 3961 1301 4013 est?
1347 3961 1500 4030 Non,
1527 3963 1648 4030 quia
1695 3975 1795 4014 nec

199 4029 417 4082 creavit
452 4029 502 4081 in
535 4030 612 4082 eis
655 4043 809 4097 posse
842 4028 1012 4083 facere
1039 4029 1233 4097 aliquid
1276 4029 1417 4098 quod
1462 4028 1652 4083 melius
1689 4041 1789 4083 est.

202 4098 299 4153 Sic
326 4115 431 4152 nec
456 4099 654 4150 homini
683 4107 919 4151 creasset
943 4099 1257 4164 intelligere,
1286 4101 1384 4152 nisi
1407 4108 1642 4153 creasset
1663 4101 1711 4152 ei
1740 4110 1792 4152 et

201 4169 351 4236 quod
399 4168 645 4237 intelligit
692 4168 865 4222 facere
913 4182 1089 4237 posse.
1117 4168 1206 4220 26.
1259 4169 1580 4237 Respondeas
1628 4179 1794 4220 autem

202 4239 450 4318 dominus
472 4238 608 4318 ejus,
634 4238 820 4290 dixitei
850 4252 879 4317 :_
898 4238 1051 4318 Serve
1075 4254 1282 4306 nequam
1312 4247 1354 4290 et
1394 4240 1564 4318 piger,
1605 4239 1793 4318 sciebas

203 4308 331 4374 quia
362 4319 498 4358 meto
525 4307 608 4358 ubi
635 4324 732 4359 non
760 4308 1014 4364 seminavi.
1039 4317 1085 4359 et
1106 4323 1349 4376 congrego
1377 4307 1458 4360 ubi
1478 4323 1577 4359 non
1605 4310 1787 4375 sparsi.

201 4378 297 4429 27.
328 4377 571 4444 Oportuit
590 4393 702 4446 ergo
734 4387 778 4428 te
804 4378 1108 4429 committere
1136 4379 1396 4446 pecuniam
1423 4393 1584 4428 meam
1611 4393 1793 4429 nuntu-

205 4446 385 4512 lariis,
421 4457 468 4498 et
497 4446 690 4498 veniens
725 4461 814 4514 ego
857 4447 1145 4512 recepissem
1185 4463 1294 4498 eam
1327 4462 1440 4498 cum
1474 4446 1662 4500 usuris.
1692 4447 1793 4499 Nc-

206 4529 372 4581 quam
403 4514 618 4579 dicitur,
650 4516 768 4582 quia
801 4516 1170 4568 contumeliam
1193 4516 1423 4569 reddidit
1453 4515 1670 4569 domino
1698 4532 1790 4580 pro

206 4583 420 4637 honore
455 4600 467 4633 :
503 4584 664 4651 piger,
697 4584 816 4651 quia
838 4585 1089 4637 talentum
1110 4601 1212 4638 non
1239 4585 1542 4647 duplicavit.
1574 4585 1639 4638 Et
1669 4585 1789 4638 ideo

208 4667 309 4720 pro
335 4667 404 4705 eo
444 4653 658 4721 quidem
701 4653 850 4721 quasi
878 4655 1156 4720 superbus,
1190 4670 1281 4722 pro
1310 4656 1409 4708 hoc
1438 4664 1611 4707 autem
1640 4656 1786 4721 quasi

207 4722 492 4792 negligens
510 4722 910 4775 condemnatur.
934 4723 1064 4776 Vere
1083 4739 1326 4791 nequam,
1350 4724 1469 4792 quia
1496 4725 1785 4791 largitatem

203 4791 414 4860 domini
456 4793 604 4860 quasi
652 4792 954 4845 violentiam
996 4795 1279 4846 accusavit.
1312 4791 1417 4847 Nec
1461 4794 1601 4846 enim
1648 4792 1787 4844 Deus

206 4859 334 4912 ideo
351 4861 575 4923 gratiam
609 4862 927 4923 intellectus,
959 4873 1047 4914 aut
1074 4863 1311 4915 notitiam
1355 4862 1434 4915 sui
1463 4862 1658 4914 homini
1689 4861 1785 4914 de-

205 4929 305 4991 dit,
334 4928 648 4982 desiderans
677 4931 898 4998 gloriam
926 4931 1023 4983 sibi
1045 4928 1244 4997 acquiri
1277 4947 1369 4999 per
1404 4946 1524 4984 eum
1552 4948 1563 4983 :
1605 4930 1696 4982 sed
1732 4938 1787 4982 ιιι

207 5011 308 5066 per
355 4999 584 5066 gratiam
621 5000 706 5051 Dei
752 5001 864 5067 ipse
889 5000 988 5052 sibi
1019 5002 1174 5052 vitam
1206 5012 1462 5053 mteruam
1487 5009 1539 5052 et
1567 5000 1783 5068 gloriam

210 5078 505 5138 mereatur,
534 5078 582 5138 et
609 5070 918 5121 societatem
950 5070 1174 5122 cazlcstis
1202 5071 1345 5138 regni
1371 5084 1487 5122 cum
1524 5070 1653 5122 Deo.
1676 5069 1787 5122 Hoc

208 5137 326 5190 sine
347 5138 512 5189 dtthio
543 5137 847 5205 intelligitur
865 5153 927 5192 ex
962 5139 1067 5206 ips:t
1093 5137 1500 5208 prmcedentium
1534 5154 1784 5192 remune-

210 5208 422 5277 ratione
441 5208 724 5274 justorttm.
755 5208 808 5259 Si
834 5210 974 5260 enim
998 5220 1212 5277 propter
1235 5223 1291 5261 se
1311 5208 1545 5262 dedisset
1568 5210 1782 5274 gratiam

209 5274 537 5335 hominibus,
580 5292 885 5344 numquam,
911 5292 938 5329 a
959 5274 1128 5331 servis
1145 5292 1306 5344 pauca
1330 5278 1640 5344 suscipiens,
1668 5279 1786 5329 red-

199 5346 361 5399 deret
408 5346 591 5399 multa.
624 5347 726 5396 Sed
761 5346 957 5398 malitia
997 5357 1324 5410 exerceatus,
1362 5348 1485 5399 dum
1511 5347 1672 5398 voluit
1700 5363 1783 5397 sa.

210 5417 461 5484 picntiam
495 5415 580 5466 Dei
607 5414 806 5484 fallere.
834 5417 1124 5481 majoribus
1151 5432 1207 5468 se
1231 5418 1394 5469 iratus
1420 5416 1640 5469 vinculis
1667 5417 1780 5468 alti-

208 5483 382 5552 gavit,
433 5487 615 5538 dicens
657 5501 670 5534 :
703 5483 850 5536 Motis
877 5486 958 5535 ubi
981 5502 1080 5537 non
1101 5487 1374 5538 seminasti.
1411 5486 1463 5538 Si
1492 5486 1630 5537 enim
1658 5501 1784 5539 vere

211 5555 374 5608 talem
403 5555 559 5606 scivit
599 5553 875 5624 dominum
912 5570 1100 5615 suum,
1130 5571 1193 5608 eo
1221 5558 1386 5624 magis
1417 5554 1592 5608 debuit
1638 5556 1779 5607 l'esti-

211 5638 344 5677 nare
370 5665 386 5688 ,
428 5632 484 5676 ιιι
526 5637 619 5690 per
646 5623 968 5689 diligentiam
1001 5638 1146 5675 suam
1178 5623 1450 5677 avaritiam
1478 5623 1674 5676 domini
1703 5625 1781 5676 sui

209 5692 428 5756 faceret,
462 5707 528 5745 ne
555 5708 649 5760 per
689 5693 1059 5760 negligentiam
1099 5693 1406 5759 injustitiam
1451 5696 1565 5761 ejus
1618 5695 1783 5762 magis

205 5763 271 5813 ad
303 5763 622 5817 iracundiam
654 5771 961 5829 provocat-et
1002 5780 1015 5815 :
1045 5763 1165 5830 quia
1209 5763 1490 5817 austeritas
1527 5778 1628 5816 non
1657 5779 1782 5816 eon-

210 5835 481 5894 tetuuitur.
504 5833 597 5891 sed
629 5833 859 5888 timetur.
883 5832 982 5899 Qui
1004 5840 1181 5887 autem
1203 5833 1372 5900 timet,
1416 5848 1520 5888 non
1546 5843 1786 5888 contem-

1418 439 1485 496 ῐΝ
1524 438 1933 496 MATTlM-ZUM
1973 439 2199 497 llOMlL.
2241 441 2370 497 Llll.

3406 461 3515 520 938

1934 567 2080 637 nere,
2111 553 2203 606 sed
2244 555 2449 637 placare
2476 556 2706 637 festinat,
2736 561 3195 637 sciensquomodo
3220 567 3306 634 qui
3331 568 3496 637 metit,

1930 624 2016 696 ubi
2046 637 2147 696 non
2174 625 2399 678 seminat
2421 666 2436 688 ,
2469 630 2632 695 magis
2670 630 2780 683 vult
2810 624 3032 696 metire,
3077 635 3162 688 ubi
3188 624 3492 692 seminavit:

1933 692 2164 770 Oportuit
2187 711 2303 762 ergo
2327 704 2372 747 te
2399 692 2703 770 committere
2729 703 2986 766 pecuniam
3009 692 3168 756 meam
3183 708 3497 770 nuntulariis.

1927 773 1973 844 et
2002 767 2310 844 veniensego
2335 766 2628 844 recepissent
2655 784 2761 827 eam
2792 785 2903 820 cum
2925 778 3110 844 usuris.
3139 773 3362 839 Quidam
3395 766 3493 844 ριιέ

1929 840 2171 905 tanttres
2199 834 2327 905 istos
2345 849 2531 888 omnes
2557 836 2806 905 doctores
2833 854 2969 905 esse,
2992 834 3294 898 dill‘eréntes
3319 834 3494 900 autem

1927 904 2125 984 gratias
2156 902 2402 984 habuisse
2436 921 2449 956 :
2484 904 2709 984 et‘hunc
2743 902 2964 984 tertium
3003 911 3118 964 ideo
3155 916 3342 984 _argui,
3366 921 3493 984 quia

1927 986 2030 1023 non
2064 971 2241 1046 docuit
2266 973 2651 1046 alios_gratiam
2679 976 2934 1041 scientim,
2959 995 3113 1046 quam
3155 971 3403 1037 habebat:
3427 984 3496 1038 Et

1924 1041 2162 1108 quamvis
2206 1045 2378 1095 omnis
2406 1042 2562 1097 homo
2591 1045 2860 1100 rationalis
2901 1041 3217 1104 constitutus
3247 1055 3489 1107 numula-

1926 1111 2033 1189 rius
2049 1110 2151 1190 dici
2186 1114 2373 1179 possit,
2410 1122 2598 1190 tamen
2615 1116 2795 1190 nescio
2818 1117 2865 1190 si
2886 1117 3073 1172 habeat
3103 1122 3377 1190 rationem,
3403 1126 3489 1190 qui

1922 1179 1999 1232 sic
2029 1182 2276 1259 minimus
2297 1195 2397 1246 est,
2428 1191 2485 1235 ιιι
2515 1184 2865 1259 uniustalenti
2900 1191 3122 1255 gratiam
3156 1179 3485 1259 habeat.Qui

1927 1250 2255 1322 numularius
2284 1261 2398 1314 est,
2439 1268 2542 1305 non
2572 1253 2781 1322 indiget
2810 1250 2925 1322 ejus
2958 1274 2968 1309 :
3001 1259 3045 1311 si
3078 1268 3250 1313 autem
3292 1271 3372 1314 est
3398 1250 3484 1322 qui

1922 1317 2060 1390 illius
2088 1322 2387 1388 magisterio
2415 1337 2547 1390 opus
2571 1317 2778 1386 habeat,
2803 1317 2888 1378 ille
2921 1326 3036 1381 sine
3063 1329 3221 1382 dubio
3249 1317 3487 1384 numula-

1922 1388 2030 1440 rius
2061 1404 2162 1441 non
2201 1400 2298 1463 est.
2337 1388 2487 1444 Cauii
2528 1394 2668 1445 enim
2710 1395 2937 1448 hominis
2977 1409 3095 1463 est,
3134 1400 3483 1454 numnlarium

1918 1471 2057 1537 esse,
2083 1464 2167 1526 qui
2200 1459 2520 1537 ditl‘erentias
2551 1472 2737 1537 pensat
2757 1464 3061 1537 verborum.
3083 1459 3231 1537 Ergo
3262 1484 3481 1524 necesse

1916 1536 1997 1579 est
2039 1527 2174 1602 hunc
2205 1530 2410 1582 tertium
2440 1531 2731 1600 intelligere
2754 1536 3078 1602 popularem,
3107 1527 3239 1592 sicut
3261 1539 3485 1593 diximus

1917 1609 2096 1675 supra.
2122 1597 2302 1675 Mensa
2328 1609 2408 1652 est
2433 1597 2897 1675 omtiis:Scriptura
2931 1597 3125 1670 divina,
3150 1609 3285 1662 sicut
3312 1618 3364 1662 et
3384 1608 3483 1661 ali-

1917 1665 1965 1745 bi
2009 1667 2346 1745 exposuimus
2368 1709 2395 1745 ,_
2426 1671 2715 1745 se_cundum
2750 1665 2917 1745 'quodi
2946 1675 3074 1730 dicit
3113 1665 3367 1745 propheta
3413 1678 3482 1733 do

1915 1733 2188 1802 Scriptura
2222 1735 2426 1790 Veteris
2456 1733 2792 1795 Tcstamenti‘
2822 1742 3017 1799 Judmis
3061 1733 3361 1800 scandalum
3400 1747 3478 1800 fa-

1913 1813 1997 1856 cta
2021 1819 2050 1880 _t
2084 1803 2199 1880 Fiat
2225 1822 2394 1860 mensa
2420 1824 2588 1880 eorum
2607 1826 2774 1861 coram
2800 1813 2923 1879 ipsis
2962 1815 3012 1867 in
3043 1814 3272 1880 iaqueum
3297 1859 3308 1874 .
3343 1826 3386 1867 et
3428 1818 3479 1870 in

1913 1874 2322 1953 retributionem,
2365 1886 2410 1928 et
2440 1878 2491 1930 in
2528 1874 2868 1956 scandalum]
2905 1881 3046 1956 Psal.
3203 1885 3316 1956 25).
3351 1885 3477 1956 Non

1911 1945 2065 2020 enini
2079 1960 2258 2020 mensa
2284 1960 2466 2020 eorum
2491 1949 2780 2020 corporalis
2810 1945 2939 2002 facta
2970 1953 3046 2005 eis
3075 1955 3124 2006 in
3151 1945 3474 2020 scandalum,

1910 2012 2303 2090 sedSeriptura
2347 2016 2476 2090 legis
2500 2012 2718 2090 eorum.
2749 2018 3002 2090 Legeutes
3045 2027 3182 2090 enim
3235 2025 3282 2076 iu
3323 2012 3473 2090 lege,

1912 2079 2211 2162 dialedictus
2237 2079 2510 2162 omnis'qui
2547 2088 2721 2162 pendet
2747 2088 2798 2140 in
2825 2079 2962 2158 tigno
2993 2091 3011 2157 (
3038 2089 3188 2144 Deut.
3221 2093 3309 2146 2|.
3340 2079 3431 2162 23)

1909 2159 1964 2202 et.
1989 2151 2428 2229 videntesdesum
2451 2151 2760 2229 crucifixum
2789 2151 3017 2229 ,Acontra
3049 2162 3214 2229 legem
3243 2151 3474 2216 restitua-

1907 2230 2100 2297 verunt
2127 2221 2348 2297 credere
2367 2224 2416 2297 in
2444 2223 2622 2276 Jesum
2649 2227 2955 2297 crucitixum
2980 2267 2994 2291 ,
3026 2221 3182 2297 quom
3207 2231 3287 2284 lex
3314 2234 3476 2287 male-

1908 2288 2104 2366 dictum
2135 2293 2476 2366 annuntiabat
2506 2309 2518 2344 :
2553 2309 2656 2346 non
2687 2288 3057 2363 intelligentes:
3086 2301 3203 2366 quia
3234 2312 3464 2355 nostram

1910 2360 2334 2430 maledictiouem
2367 2362 2417 2414 iu
2441 2362 2582 2430 ligno
2606 2360 2933 2430 susceperat,
2967 2376 3021 2419 ut
3050 2360 3146 2422 nos
3173 2369 3416 2425 liberaret
3442 2386 3474 2426 a

1911 2429 2301 2502 ntaledictione,
2332 2429 2914 2499 quatn’susceperamns
2937 2452 3028 2502 per
3051 2439 3243 2499 lignum
3278 2456 3290 2490 :
3321 2451 3373 2492 ct
3398 2441 3474 2494 sic

1909 2497 2041 2551 facta
2071 2509 2166 2578 est.
2193 2501 2269 2553 eis
2297 2514 2478 2578 mensa
2520 2497 2702 2578 eorum
2728 2543 2742 2567 ,
2779 2503 2838 2578 _id
2891 2497 3008 2570 est,
3049 2497 3315 2575 Scriptura
3344 2509 3474 2578 legis

1907 2583 2088 2621 eorum
2111 2608 2123 2629 ,
2154 2569 2205 2622 in
2231 2569 2557 2624 scandalum.
2585 2569 2710 2624 item
2742 2572 2980 2628 videntes
2997 2569 3124 2628 eum
3158 2569 3206 2630 i'n
3238 2569 3471 2632 sabba'tis

1906 2648 2210 2712 operantem
2235 2679 2250 2702 ,
2303 2639 2542 2712 leprosos
2594 2651 2891 2709 tangentem
2919 2683 2933 2705 ,
2965 2659 2993 2697 a
3025 2645 3208 2712 quibus
3230 2648 3471 2702 omnibus

1906 2708 2172 2778 abstinere
2199 2710 2282 2762 lex
2311 2709 2588 2778 diligenter
2613 2708 2972 2778 prweipiebat,
2991 2708 3323 2768 scandaliztti
3343 2726 3466 2770 sunt

1908 2775 1959 2853 in
1983 2792 2126 2840 eum,
2153 2778 2394 2853 dicentes
2402 2775 2432 2853 ’Ξ
2462 2777 2558 2853 Hic
2587 2775 2735 2853 homo
2763 2775 2862 2853 non
2888 2794 2959 2835 est
2985 2799 3047 2835 ea:
3076 2783 3178 2837 Deo
3202 2825 3217 2848 ,
3245 2785 3330 2853 qui
3353 2786 3469 2838 sab-

1904 2845 2072 2922 batum
2099 2863 2196 2899 non
2217 2849 2434 2922 custodit
2459 2849 2635 2922 _(Joan.
2655 2847 2720 2922 _9.
2739 2851 2845 2922 _16)
2880 2867 2893 2902 :
2944 2868 3052 2922 non
3078 2845 3426 2922 intelligentcs
3449 2898 3465 2919 ,

1904 2917 2025 2988 quia
2050 2917 2326 2988 col-_porale
2349 2917 2559 2985 quidem
2590 2917 2843 2981 solvebat,
2872 2921 3144 2988 Spirimale
3171 2917 3342 2976 autem
3365 2917 3463 2975 im?

1904 2986 2099 3051 plebat.
2130 2985 2196 3038 Et
2225 2988 2323 3039 hoc
2365 2988 2521 3040 modo
2555 2988 2688 3041 facta
2716 2997 2798 3042 εει
2836 2985 2914 3042 eis
2946 3007 3124 3044 mensa
3151 3007 3331 3045 eorum
3356 3033 3372 3053 .
3413 2993 3465 3048 id

1902 3065 1984 3108 est
2012 3095 2026 3116 ,
2083 3055 2358 3126 Scriptura
2399 3055 2528 3126 legis
2571 3065 2753 3111 eorum
2784 3099 2798 3122 ,
2849 3059 2898 3112 in
2955 3061 3281 3115 scandalum.
3328 3062 3468 3126 Ergo

1903 3139 2082 3206 mensa
2108 3135 2193 3179 cst
2218 3125 2393 3206 omnis
2415 3125 2688 3206 scriptura
2715 3128 2909 3188 divina,
2944 3130 2994 3182 in
3018 3145 3117 3198 qua
3149 3132 3296 3197 panis
3317 3125 3464 3187 verbi

1903 3195 2140 3268 nutriens
2169 3196 2417 3268 _animas_
2441 3195 2641 3263 positus
2689 3207 2768 3249 est
2794 3238 2826 3268 ,ί
2861 3195 3045 3265 supra-
3071 3195 3225 3268 quam
3279 3215 3466 3257 omnes

1901 3261 2181 3337 Christiani
2220 3261 2569 3337 recumbunt,
2617 3273 2671 3320 et
2711 3261 2990 3333 epulantur
3021 3261 3319 3337 in'Spiritu.
3352 3270 3462 3325 Nu-

1900 3333 2109 3386 mnlarii
2127 3342 2301 3387 autem
2330 3335 2671 3403 praesidentes
2695 3351 2895 3389 mensae
2920 3339 2988 3391 illi
3013 3333 3463 3395 sunt'sacerdotes

1849 3437 1854 3443 .
1902 3403 2080 3472 lideles
2109 3413 2161 3455 et
2187 3403 2470 3472 prudentes
2503 3424 2515 3458 :
2545 3406 2632 3472 qui
2662 3419 2779 3458 cum
2806 3407 3033 3460 viderint
3063 3408 3215 3462 tidem
3240 3419 3290 3462 et
3313 3420 3459 3463 actos

1899 3470 2356 3543 Christianorum,
2407 3471 2670 3541 accipiunt
2707 3473 2964 3541 judicium
3015 3476 3082 3530 de
3139 3478 3459 3543 Scripturis.

1899 3541 2050 3604 quasi
2090 3542 2156 3594 de
2187 3555 2366 3595 mensa
2387 3581 2403 3605 ,
2435 3552 2489 3595 et
2525 3543 2818 3609 ponderant
2844 3560 2953 3607 eos,
2988 3555 3041 3597 et
3068 3541 3332 3599 aestimant
3355 3589 3369 3609 .
3411 3557 3464 3602 et

1900 3609 2199 3678 intelligunt
2224 3611 2270 3663 si
2310 3609 2452 3678 digni
2478 3619 2600 3664 sunt
2629 3611 2740 3666 Deo
2765 3653 2779 3675 ,
2822 3621 2912 3666 aut
2942 3629 3066 3667 non.
3101 3615 3166 3668 Et
3193 3617 3233 3668 si
3269 3616 3461 3671 habent

1899 3680 2200 3750 cliaragma,
2233 3679 2285 3733 id
2312 3689 2412 3742 est,
2456 3681 2672 3750 liguram
2699 3690 2752 3734 et
2783 3682 3060 3750 imaginem
3090 3685 3291 3748 mundi,
3340 3695 3463 3740 sunt

1901 3748 2086 3824 ipsius,
2113 3757 2404 3824 et_o_porlet
2426 3748 2520 3804 eos
2543 3749 2791 3818 abjieere.
2809 3748 2950 3824 _lluic
2985 3767 3181 3807 mensa:
3207 3756 3293 3824 qui
3315 3770 3462 3808 com-

1899 3818 2101 3891 miserit
2157 3818 2312 3891 [idem
2335 3832 2548 3891 _suam,
2597 3835 2753 3886 quam
2809 3821 3096 3889 baptizatus
3141 3818 3371 3891 suscepit
3427 3841 3455 3878 a

1897 3884 2106 3938 Christo
2128 3927 2142 3950 ,
2174 3887 2304 3957 utin
2334 3885 2570 3939 Ecclesia
2599 3884 2924 3954 permaneat,
2956 3891 3252 3957 Scripttiras
3277 3884 3366 3946 aut
3391 3895 3464 3948 le-

1895 3963 2001 4021 gat,
2027 3963 2121 4028 aut
2148 3955 2325 4009 audiat
2352 3957 2676 4028 incessanter
2696 3973 2757 4028 es
2792 3959 2912 4022 tide,
2942 3955 3455 4028 utall’oqtmtiouibus

1897 4024 2230 4077 sacerdotum
2277 4039 2561 4092 numquam
2611 4023 2900 4080 fraudetur.
2945 4023 3271 4094 lmposs'ihile
3321 4035 3461 4086 enim

1898 4104 2081 4164 est,rut
2131 4109 2230 4147 non
2262 4094 2638 4164 multiplicetur
2668 4094 2796 4148 tides
2824 4098 3008 4164 ipsius.
3043 4099 3294 4152 Paulatim
3321 4103 3460 4154 enim

1897 4163 1962 4237 de
1992 4163 2076 4237 die
2098 4164 2148 4216 in
2181 4163 2507 4237 diemtimor
2554 4163 2760 4237 Domini
2791 4163 3092 4237 generatur,
3129 4183 3318 4223 sensus
3346 4171 3461 4237 ejus

1897 4231 2240 4295 illuminatur,
2265 4233 2488 4286 scientia
2523 4232 2636 4299 ejus
2662 4231 2873 4297 crescit,
2898 4238 3238 4290 continuatur
3264 4240 3312 4291 in
3339 4231 3460 4301 lide,

1896 4304 2152 4375 excitatur
2180 4301 2243 4355 ad
2272 4302 2591 4375 desiderium
2633 4303 2775 4371 regni
2804 4306 3029 4358 caelestis
3054 4347 3070 4370 ,
3116 4310 3463 4375 apprehendit

1895 4386 2013 4426 cum
2037 4373 2176 4443 zelus
2192 4373 2524 4443 antiquorum
2547 4383 2851 4443 sanctorum
2876 4389 3007 4441 quos
3035 4373 3460 4443 legitpexcitatur

1894 4450 1948 4494 et
1975 4444 2081 4509 ipse
2113 4441 2419 4515 plerumque
2441 4441 2504 4494 ad
2525 4442 2995 4515 easdenrvirtutes.
3024 4441 3184 4498 Vides
3210 4457 3460 4515 quantam

1896 4526 2106 4563 usuram
2162 4510 2283 4564 facit
2330 4521 2665 4578 augmentata
2726 4511 2892 4578 ﬁdes,
2939 4513 3058 4567 data
3108 4515 3169 4566 ad
3222 4510 3457 4569 mensam

1895 4580 2287 4654 Scripturarum
2318 4589 2652 4654 sanctarum.
2696 4579 2841 4633 Sicut
2879 4584 3028 4654 _euitn
3073 4586 3289 4654 pecunia
3347 4587 3458 4640 haec

1893 4651 2185 4716 corporalis
2207 4650 2438 4716 quidem,
2458 4651 2516 4721 ‘si
2547 4651 2613 4702 sit
2640 4650 2688 4700 in
2718 4652 2928 4704 sacculo
2952 4650 2977 4714 ,'
3010 4652 3206 4705 inclusa
3247 4656 3352 4721 ipsa
3383 4666 3463 4709 est

1893 4733 2102 4783 semper
2133 4735 2146 4781 ;
2178 4722 2218 4770 si
2244 4731 2418 4771 autem
2452 4718 2605 4770 fuerit
2641 4721 2829 4788 agitata
2859 4721 2924 4776 de
2947 4737 3100 4774 manu
3131 4723 3180 4775 in
3211 4718 3417 4776 manum
3444 4767 3460 4789 ,

1893 4803 1989 4840 usu
2024 4789 2136 4854 ipso
2177 4789 2570 4854 multiplicatur,
2604 4792 2740 4842 unde
2773 4806 2930 4843 usura
2978 4793 3164 4843 dicitur
3212 4794 3276 4844 ab
3315 4808 3409 4846 usu
3441 4811 3454 4848 :

1891 4858 1968 4909 sic
2017 4868 2069 4909 et
2134 4857 2262 4910 iides
2307 4857 2550 4919 Christi,
2595 4859 2849 4926 siquidem
2904 4861 3068 4912 otiosa
3112 4871 3350 4915 teneatur
3408 4864 3460 4918 in

1891 4927 2074 4990 corde,
2118 4942 2220 4978 non
2258 4928 2429 4979 solum
2463 4929 2570 4996 ipsa
2601 4940 2776 4981 manet
2802 4944 2917 4994 qua:
2963 4929 3059 4980 fuit
3091 4967 3108 4994 ,
3153 4933 3244 4983 sed
3290 4931 3462 4987 adhuc

1895 4998 2194 5068 inmoratur
2221 4997 2270 5049 in
2315 4999 2422 5048 otio
2450 5037 2462 5056 ,
2509 5006 2564 5049 et
2604 5000 2850 5068 torpescit
2875 5038 2890 5060 ,
2919 5007 2971 5050 et
2991 4999 3165 5067 segnis
3194 5002 3453 5068 el'lieitur,

1891 5075 1944 5117 ει
2002 5066 2253 5132 paulatim
2308 5082 2398 5131 per
2447 5077 2594 5117 actus
2646 5065 2888 5119 carnales
2925 5065 3188 5120 exinanita
3229 5069 3292 5122 ad
3330 5065 3465 5124 nihi-

1893 5134 2003 5206 lum
2051 5136 2191 5206 radit
2238 5137 2339 5206 :Asi
2381 5145 2579 5206 autcm_
2611 5135 2893 5188 exercitata
2938 5137 3092 5190 fuerit
3134 5138 3418 5206 Scripturis
3444 5183 3460 5205 ,

1889 5214 1942 5276 et
1996 5204 2389 5276 loquutionihus
2444 5204 3020 5276 assiduishsuscitata,
3073 5204 3320 5276 operibus
3364 5204 3462 5262 bo;

1891 5275 1971 5326 nis
1999 5274 2258 5344 viviticata
2287 5315 2299 5334 ,
2343 5290 2444 5325 non
2465 5275 2633 5326 solum
2671 5274 2826 5340 dico,
2861 5274 3311 5344 multiplicabitur,
3365 5279 3461 5333 sed

1891 5359 2177 5409 numquam
2223 5343 2426 5396 desinet
2493 5357 2734 5397 crescere
2767 5385 2782 5406 ,
2847 5343 3028 5400 donec
3076 5348 3213 5400 vivet
3276 5346 3456 5402 homo.

1890 5413 2294 5486 Numquidnos
2325 5413 2582 5486 _ex_u_obi_s
2630 5413 2728 5486 hoc
2768 5414 3032 5469 dicimus?
3076 5415 3188 5483 Ipse
3227 5416 3462 5486 denique

1891 5484 2142 5550 propheta
2171 5481 2219 5534 in
2259 5482 2515 5549 principio
2544 5482 2872 5536 Psalmorum
2921 5481 3133 5537 suorum
3181 5486 3320 5540 hunc
3362 5481 3462 5541 an-

1889 5555 2236 5626 nuntiatesse
2261 5552 2491 5626 beattnn.
2525 5551 3036 5626 Nameumdixisset,
3057 5554 3241 5609 Beatus
3268 5557 3361 5621 vir,
3379 5561 3464 5626 qui

1888 5639 1987 5674 non
2013 5622 2131 5673 abiit
2152 5622 2203 5672 in
2227 5622 2435 5692 consilio
2463 5621 2748 5689 impiorum.
2773 5635 2818 5674 et
2847 5625 2896 5674 in
2927 5625 3005 5675 via
3029 5634 3337 5692 peccatorum
3363 5621 3464 5684 non

1887 5694 2046 5746 stetit.
2078 5701 2123 5742 et
2153 5707 2205 5742 nt
2235 5690 2474 5743 cathedra
2502 5693 2790 5758 pestilentia
2818 5709 2914 5745 non
2943 5690 3067 5748 sedit
3091 5711 3110 5749 :
3133 5697 3297 5758 addit.
3321 5696 3384 5750 Et
3409 5698 3462 5751 in

1890 5763 1997 5826 lege
2022 5760 2227 5813 Domini
2247 5831 2253 5835 ί
2269 5762 2507 5835 goluntas
2538 5763 2644 5835 eius
2669 5771 2761 5835 Let
2787 5762 2839 5815 in
2878 5763 2982 5835 lege
3013 5767 3120 5835 ejus
3149 5768 3469 5822 meditabitur

1886 5834 1968 5886 die
1988 5847 2048 5883 ac
2077 5841 2219 5886 nocte
2237 5830 2404 5904 (Psal.
2425 5831 2473 5885 l.
2491 5831 2540 5884 l.
2567 5830 2646 5904 2).
2673 5833 2738 5889 Et
2761 5833 2900 5904 quod
2921 5830 2988 5890 sit
3011 5830 3212 5893 lucrum
3243 5839 3469 5898 medita-
