4128 6528
683 492 795 548 939

664 592 824 662 tlonis
851 591 1149 659 hujusmtuli
1174 635 1183 650 .
1214 591 1494 656 snhinl'crt,
1523 591 1702 648 dicens
1727 610 1740 646 :
1771 591 1836 645 Et
1866 594 1954 648 erit
1982 602 2231 662 tamquam

665 661 857 729 lignum
877 703 892 726 ,
914 663 1048 732 quod
1078 665 1356 731 plaututum
1387 674 1459 716 est
1497 680 1638 717 secus
1672 665 1910 716 decursus
1949 661 2194 732 agitaram
2214 706 2229 727 ,

662 732 797 794 quod
823 735 1036 797 frttcluttt
1059 749 1202 785 suum
1228 733 1361 786 dabit
1381 734 1430 786 in
1454 744 1675 796 tempore
1698 749 1807 786 suo.
1840 733 1902 785 Et
1930 735 2104 797 folium
2122 736 2232 794 eius

661 816 762 875 non
785 801 986 875 tle/ing,
1017 812 1062 875 et
1081 804 1589 875 _om_ninrqutecumque
1614 803 1783 875 faciet,
1810 805 2233 872 prosperabuntur

664 868 872 941 (ρεαιει
888 910 902 924 .
921 871 998 936 5).
1025 871 1116 924 28.
1147 868 1327 926 Tollite
1343 868 1515 941 itaque
1530 874 1591 925 ab
1615 868 1672 925 eo
1697 868 1957 936 talentum,
1987 882 2032 925 et
2052 875 2164 925 date
2187 874 2231 926 ei

658 939 745 1009 qu'i
769 938 910 992 libbet
929 941 1096 994 decem
1122 942 1326 995 talenta.
1352 938 1441 996 29.
1470 942 1616 995 Omni
1638 943 1766 995 enim
1788 943 1986 996 habenti
2007 943 2224 1007 dabitur,

658 1017 707 1081 et
727 1009 1014 1063 abundabit.
1035 1011 1282 1064 Peccator
1302 1027 1590 1081 agnoscens
1605 1013 1896 1077 Chris'nm,
1916 1013 2069 1066 habet
2093 1013 2227 1065 hanc

660 1077 833 1150 ipsam
865 1081 1121 1148 gratiam,
1158 1082 1297 1150 quod
1325 1077 1589 1148 cognoscit
1631 1083 1892 1136 Christum
1923 1100 1935 1135 :
1970 1083 2061 1136 sed
2104 1096 2226 1136 cum

659 1148 862 1202 venerit
892 1151 941 1201 in
964 1148 1217 1216 judicium
1248 1152 1440 1205 Christi
1463 1195 1477 1212 .
1509 1151 1757 1206 dividitur
1782 1167 1808 1204 a
1836 1153 2106 1205 consortio
2130 1167 2225 1205 co-

657 1219 1019 1288 gnoscentium
1041 1217 1308 1274 Christum
1335 1237 1350 1274 :
1380 1229 1434 1276 et
1453 1224 1529 1276 sic
1555 1222 1750 1275 tollitur
1778 1222 1843 1274 ab
1867 1237 1958 1285 eo,
1987 1222 2124 1288 quod
2144 1221 2224 1272 vi-

657 1286 882 1340 debatur
900 1289 1112 1348 habere.
1135 1291 1375 1357 quamvis
1403 1307 1528 1346 vere
1553 1307 1656 1344 non
1677 1292 1919 1345 habebat.
1948 1286 2222 1356 Quomodo

661 1357 747 1428 qui
785 1360 1054 1426 cognoscit
1082 1357 1349 1413 Christum
1371 1400 1386 1422 ,
1420 1371 1472 1413 et
1517 1369 1734 1428 peccat,
1770 1361 1978 1413 videtur
2007 1359 2220 1428 quidem

659 1425 869 1480 habere,
894 1429 1161 1481 scientiam
1191 1429 1419 1494 Christi,
1451 1425 1574 1484 vere
1599 1441 1773 1483 autem
1807 1445 1908 1483 non
1943 1425 2096 1483 habet
2123 1449 2135 1461 ·
2168 1438 2224 1484 et

656 1496 766 1567 ipsa
800 1497 981 1550 notitia
1010 1497 1201 1552 Christi
1225 1500 1436 1552 additur
1466 1499 1663 1553 homini
1689 1499 1833 1567 justo
1858 1501 1942 1565 qui
1974 1500 2216 1555 habebat.

659 1564 751 1638 ille
783 1580 906 1620 vere
936 1568 1092 1638 habet
1120 1568 1391 1621 scientiam
1418 1569 1642 1632 Christi,
1676 1564 1761 1638 qui
1785 1569 2039 1635 justitiam
2073 1570 2214 1623 facit.

657 1634 719 1706 lit
750 1636 1018 1706 quomodo
1060 1639 1106 1690 ei
1148 1638 1356 1692 additur
1384 1639 1601 1692 scientia
1628 1634 1821 1692 Christi
1853 1654 2012 1706 super
2041 1641 2217 1694 scien-

655 1705 777 1776 liam
801 1705 824 1776 ξ
853 1705 920 1760 Ut
948 1709 1035 1776 qui
1067 1706 1276 1761 videbat
1296 1722 1392 1776 per
1419 1708 1687 1776 speculum
1716 1709 1773 1776 in
1795 1705 2068 1775 :rniginate
2088 1750 2102 1774 ,
2135 1710 2218 1763 vi-

655 1772 776 1826 deat
801 1773 933 1848 facie
955 1772 1018 1827 ad
1053 1777 1236 1848 faciem
1263 1772 1363 1830 :‘et
1392 1772 1478 1848 qui
1499 1772 1929 1848 cognoscebaieit
1949 1772 2225 1848 parte,_co-

651 1855 872 1916 ignoscat
896 1847 1293 1916 sicnt‘cognilus
1321 1843 1507 1916 csl'(1.
1541 1845 1653 1898 Cor.
1682 1844 1770 1916 l5.
1800 1843 1885 1907 12)
1912 1845 2030 1916 Δδιιμ
2065 1846 2218 1916 aliter

651 1911 978 1980 intelligitur.
1013 1911 1312 1980 Qni'lidetn
1356 1911 1544 1973 habet.
1586 1921 1639 1966 et
1682 1912 1869 1965 bonam
1912 1912 1962 1963 in
1997 1914 2215 1966 Domino

653 1978 971 2049 voluntatem
995 2023 1007 2042 ,
1038 1978 1196 2037 etiam
1224 1982 1268 2035 si
1303 1983 1426 2049 quid
1460 1985 1632 2035 minus
1661 1983 1710 2034 in
1752 1996 1913 2046 opere
1943 1985 2088 2048 quasi
2123 1984 2216 2034 ha-

649 2043 856 2112 buerit,
892 2050 1230 2104 nihilominus
1257 2043 1622 2106 remuneratur
1645 2067 1674 2105 a
1705 2043 1889 2104 Iudice
1921 2043 2095 2104 bono:
2127 2052 2215 2119 qui

645 2125 824 2169 autem
851 2119 1006 2173 fidem
1029 2136 1130 2173 non
1154 2119 1341 2182 habet,
1372 2129 1458 2173 aut
1487 2122 1673 2174 bonam
1698 2122 1747 2174 in
1779 2120 2002 2173 Domino
2027 2122 2214 2175 volun-

646 2194 806 2259 tatem
830 2223 846 2250 ,
877 2190 1036 2259 etiam
1067 2198 1286 2244 czcteras
1317 2190 1536 2244 virtutes
1557 2231 1569 2251 ,
1599 2205 1730 2259 quas
1768 2190 1971 2244 videtur
1996 2201 2214 2243 natura-

645 2253 766 2328 [iter
809 2258 1118 2324 possidere.
1153 2259 1340 2327 perdit.
1384 2253 1664 2328 Eleganter
1689 2261 1799 2323 ait,
1848 2259 1995 2322 Quod
2024 2261 2214 2312 videtur

643 2323 858 2397 habere,
891 2323 1229 2397 auferetur—ab
1254 2344 1331 2380 eo.
1360 2323 1616 2397 Quicquid
1647 2329 1787 2382 enim
1817 2330 1940 2382 boni
1969 2330 2080 2383 sine
2110 2330 2211 2382 ﬁde

641 2393 842 2465 Christi
869 2393 984 2462 est,
1029 2411 1131 2448 non
1157 2399 1202 2451 ei
1237 2393 1543 2464 imputatur,
1577 2404 1661 2465 qut
1693 2399 1832 2452 male
1863 2413 1987 2450 usus
2009 2409 2089 2450 est
2123 2413 2208 2451 eo.

641 2461 794 2535 Sicut
810 2475 933 2518 sunt
963 2461 1129 2530 multi,
1161 2467 1247 2535 qui
1271 2461 1513 2520 videntur
1540 2461 1751 2535 quidem
1789 2477 1880 2520 aut
1914 2470 2172 2521 mansueti
2195 2510 2209 2526 .

643 2541 736 2606 mit
781 2531 1004 2606 humiles
1051 2531 1208 2606 esse}
1250 2535 1341 2589 sed
1383 2538 1501 2604 quia
1546 2531 1648 2588 non
1689 2547 1810 2591 sunt
1853 2538 1954 2590 hoc
2000 2547 2214 2606 propter

647 2601 837 2668 Deum,
865 2605 985 2659 licet
1014 2605 1248 2659 videatur
1265 2619 1382 2659 esse
1403 2601 1617 2672 aliquod
1650 2607 1843 2659 bonum
1867 2601 2080 2671 eorum,
2098 2601 2211 2662 non

646 2680 824 2745 autem
859 2685 938 2727 est
965 2692 978 2726 :
1009 2675 1127 2742 quia
1155 2675 1292 2742 quod
1323 2690 1426 2728 non
1454 2683 1622 2728 estex
1651 2675 1772 2736 fide.
1807 2684 2076 2745 peccatum
2107 2687 2210 2731 est.

642 2740 732 2815 ὃς).
763 2742 827 2794 Et
857 2740 1225 2815 [iunonequam
1256 2760 1447 2797 seruum
1477 2746 1704 2815 projicite
1739 2747 1791 2798 in
1809 2740 2042 2799 tenebras
2070 2757 2210 2799 exte-

642 2811 818 2883 riores.
851 2811 1299 2883 Considerandum
1327 2823 1440 2876 est,
1468 2811 1669 2883 utquid
1699 2832 1800 2867 non
1832 2816 1994 2878 dixit,
2026 2816 2211 2871 Mittite

641 2893 764 2932 eum
792 2881 842 2933 in
870 2883 1112 2936 tenebras
1140 2882 1414 2937 inferiores
1440 2900 1454 2936 :
1483 2881 1578 2937 sed
1600 2925 1615 2946 ,
1652 2883 1716 2936 In
1746 2887 1966 2938 tenebras
1994 2888 2208 2939 exten’o-

642 2965 743 3001 res.
771 2951 991 3014 Quidam
1025 2952 1208 3005 dienttt
1233 2967 1335 3005 non
1384 2960 1582 3005 tantum
1618 2968 1735 3007 esse
1763 2955 2020 3007 infernum
2049 2957 2208 3008 deor.

641 3033 758 3093 sum
776 3059 790 3082 ,
815 3021 910 3093 sed
935 3031 1081 3074 extra
1104 3020 1352 3093 mundum
1372 3022 1526 3093 istum
1549 3038 1673 3093 esse
1689 3024 1860 3091 aliqua
1884 3025 2207 3078 tenebrosis-

641 3088 774 3141 sima
815 3089 926 3164 |_oca
967 3101 1019 3144 et
1059 3093 1247 3164 ignea,
1289 3088 1570 3164 inquibus
1611 3088 1898 3158 puniuntur
1933 3095 2020 3161 qui
2059 3094 2202 3164 digni

641 3168 782 3210 sunt.
816 3159 975 3213 Forte
1013 3159 1140 3226 ergo
1183 3160 1300 3214 ideo
1341 3161 1470 3214 dixit
1510 3164 1801 3215 exteriores
1846 3159 2206 3226 tenebrasfet

641 3242 749 3300 non
777 3227 1072 3282 inferiores.
1094 3230 1191 3297 Qui
1210 3230 1506 3284 considerat
1526 3232 1790 3298 quomodo
1807 3246 2034 3299 sequens
2055 3248 2206 3300 para-

642 3296 762 3370 bola
791 3299 1054 3366 parabolzc
1087 3296 1215 3370 huic
1237 3296 1556 3370 praecedenti
1576 3301 1853 3367 conjuncta
1873 3296 1968 3360 est.
1989 3310 2041 3354 et
2056 3296 2204 3370 ’qno-

640 3367 798 3438 modo
827 3384 947 3436 pars
976 3368 1336 3438 estparabohe
1367 3368 1519 3437 hujus
1549 3385 1563 3420 :
1593 3383 1690 3423 nec
1718 3371 1855 3423 enim
1883 3367 2100 3424 alterius
2127 3374 2203 3427 rei

641 3437 884 3508 parabola
921 3449 1002 3491 est
1025 3481 1038 3500 ,
1074 3437 1170 3491 nisi
1199 3439 1394 3505 ipsius:
1429 3454 1532 3492 non
1564 3439 1679 3492 sine
1709 3441 1912 3493 ratione
1942 3443 2198 3508 requirit:

638 3505 761 3571 quia
787 3509 924 3575 quod
953 3508 1026 3561 ait
1049 3527 1061 3561 :
1097 3508 1220 3560 Post
1246 3508 1458 3560 multum
1483 3508 1718 3576 temporis
1747 3509 1947 3562 veniens
1971 3505 2204 3566 dominus

637 3590 890 3629 servorum
912 3577 1134 3640 illorum,
1164 3579 1326 3646 posuit
1349 3593 1460 3629 cum
1488 3578 1558 3631 eis
1584 3578 1826 3631 rationem
1849 3594 1869 3632 :
1895 3593 1996 3632 non
2025 3580 2091 3634 de
2113 3595 2201 3634 se-

637 3647 811 3698 cundo
831 3648 956 3699 dicit
979 3648 1226 3705 adventu,
1249 3646 1458 3715 quando
1488 3656 1736 3700 venturus
1761 3657 1840 3701 est
1872 3664 1989 3699 cum
2039 3651 2202 3715 maje-

637 3723 810 3767 state:
835 3717 925 3767 δοιά
955 3717 1021 3769 de
1041 3713 1287 3776 adventu,
1319 3715 1404 3780 qui
1438 3713 1741 3781 frequenter
1765 3716 1898 3768 solet
1929 3713 2199 3774 venireiad

635 3797 822 3856 omnes
840 3782 1168 3856 Christianos
1186 3825 1201 3847 ,
1245 3784 1435 3852 quibus
1457 3787 1675 3856 gratiam
1702 3783 1847 3836 dedit
1877 3800 1987 3839 sua:
2016 3791 2199 3856 cogni-

635 3851 829 3919 tionis:
859 3864 912 3907 et
932 3854 1140 3906 discutit
1161 3851 1288 3917 eos,
1319 3861 1371 3905 et
1399 3855 1544 3919 ponit
1571 3855 1826 3906 tationem
1852 3868 1970 3906 cum
2001 3851 2117 3918 eis',
2146 3867 2201 3911 ut

620 3918 830 3995 judicet
850 3938 941 3976 eos
958 3965 972 3985 ,
1003 3931 1057 3995 et
1077 3923 1247 3988 justus
1270 3923 1334 3995 ab
1360 3918 1548 3995 iniquis
1574 3922 1854 3995 discernat,
1879 3925 2009 3978 sicut
2041 3943 2202 3995 expo-

625 3989 834 4064 suimus
859 4009 1014 4064 supra
1041 3994 1088 4064 in
1119 3993 1361 4064 parabola
1392 3989 1481 4064 ubi
1499 3992 1624 4064 dicit
1653 3993 1872 4064 {Simile
1898 4005 1966 4046 est
1993 3989 2199 4064 regnum

619 4059 868 4114 crelorum
895 4063 1082 4114 homini
1122 4059 1258 4128 regi.
1290 4064 1372 4130 qui
1405 4063 1554 4113 voluit
1592 4062 1835 4114 rationem
1865 4059 2063 4129 ponere"
2086 4083 2197 4118 cum

615 4131 783 4201 servis
809 4131 1149 4201 suislﬂatth.
1181 4131 1263 4184 18.
1289 4131 1403 4196 ‘25).
1434 4129 1596 4201 liabet
1626 4141 1797 4184 autem
1823 4133 1921 4183 alia
1951 4134 2195 4199 parabola

629 4196 708 4251 sic
735 4217 746 4251 :
775 4201 863 4255 51.
897 4196 1020 4254 eam
1046 4212 1210 4253 autem
1239 4201 1419 4253 venerit
1453 4199 1616 4252 Filius
1641 4201 1854 4252 hominis
1874 4203 1923 4252 in
1942 4196 2197 4266 majestate

629 4282 749 4330 sua,
776 4280 819 4322 et
848 4287 1017 4323 omnes
1051 4271 1214 4337 angeli
1251 4287 1362 4320 cum
1389 4286 1464 4333 eo,
1493 4279 1607 4321 tunc
1633 4269 1818 4322 sedebit
1846 4287 1996 4338 super
2031 4273 2196 4326 sedem

624 4339 904 4406 majestatis
929 4355 1050 4401 suae,
1089 4339 1173 4394 39..
1207 4350 1252 4391 et
1291 4341 1722 4408 congregabantur
1750 4348 1864 4390 ante
1891 4356 1998 4391 eum
2026 4358 2196 4396 omnes

629 4418 816 4475 gentes.
844 4412 918 4462 Ac
946 4409 988 4461 si
1018 4410 1156 4463 dicat
1181 4427 1192 4462 :
1226 4409 1437 4462 Interim
1461 4409 1669 4478 quidem
1694 4410 1770 4460 sic
1793 4410 1982 4473 veniet,
2007 4411 2081 4463 sic
2103 4426 2196 4478 po-

630 4487 719 4531 net
746 4479 1002 4532 rationem
1029 4495 1149 4533 cum
1181 4479 1348 4533 servis
1372 4479 1481 4530 suis
1502 4519 1515 4540 ,
1544 4477 1618 4531 sic
1647 4478 1887 4531 disentiet
1910 4493 2001 4532 eos
2020 4519 2036 4544 ,
2060 4477 2195 4534 sicut

628 4550 847 4617 exposui
879 4551 929 4604 in
970 4551 1064 4602 ista
1111 4549 1376 4617 paraliola.
1407 4548 1535 4602 Cum
1581 4558 1754 4600 autem
1785 4551 1991 4600 venerit
2030 4549 2193 4604 Filius

630 4615 860 4687 hominis
888 4623 936 4670 in
967 4615 1238 4687 majestate
1257 4618 1424 4671 Patris
1445 4618 1523 4669 sui
1551 4632 1668 4670 cum
1693 4617 1890 4684 angelis
1910 4619 2039 4682 suis,
2069 4627 2194 4674 tunc

627 4685 834 4740 sedebit
873 4703 1032 4756 super
1051 4685 1244 4742 sedem
1281 4686 1568 4756 majeStatis
1613 4701 1754 4748 suae,
1795 4696 2057 4752 tamquam
2089 4703 2190 4742 non

627 4769 838 4820 semper
855 4760 1071 4811 veniens
1088 4773 1204 4810 cum
1235 4758 1505 4824 majestate
1529 4756 1696 4809 Patris
1719 4756 1892 4808 veniat
1909 4797 1922 4816 ,
1953 4772 2051 4809 nec
2072 4771 2191 4811 cum

627 4826 824 4895 angelis
854 4829 961 4880 suis
981 4870 996 4893 ,
1028 4843 1122 4880 nec
1148 4843 1357 4895 semper
1389 4828 1606 4879 veniens
1636 4826 1817 4878 sedeat
1842 4826 1891 4895 in
1925 4824 2050 4879 sede
2080 4844 2192 4879 ma-

628 4891 830 4960 iestatis
855 4891 989 4959 sum,
1014 4897 1104 4949 sed
1148 4891 1278 4949 tunc
1320 4896 1682 4948 tantummodo
1727 4897 1816 4947 lict
1858 4894 1976 4947 hoc.
2010 4896 2112 4949 Sed
2141 4907 2194 4950 et

629 4961 756 5034 illud
783 4965 900 5018 vide
923 5006 935 5028 ,
976 4968 1242 5034 quomodo
1264 4966 1312 5018 in
1336 4965 1432 5017 hac
1469 4965 1712 5031 parabola
1737 4973 2061 5031 peccatorem
2089 4982 2191 5021 non

629 5033 680 5085 in
705 5034 898 5099 ignem,
929 5033 1023 5088 nec
1065 5036 1115 5087 in
1143 5036 1368 5102 aliquam
1401 5049 1607 5102 pinnam
1628 5075 1642 5096 ,
1676 5035 1767 5087 sed
1799 5041 1996 5085 tantum
2033 5038 2081 5086 in
2112 5048 2190 5089 te-

629 5103 818 5155 nebras
846 5105 1134 5158 exteriores
1158 5105 1292 5157 mitti
1323 5105 1571 5171 pnecepit
1595 5121 1606 5155 :
1642 5104 1690 5156 in
1725 5103 1807 5155 illa
1835 5115 2042 5167 autem,
2071 5120 2189 5158 cum

631 5177 833 5226 venerit
865 5175 913 5225 in
940 5174 1214 5239 majestate
1245 5175 1433 5237 l’atris,
1458 5172 1567 5240 jam
1595 5189 1698 5226 non
1730 5183 1929 5225 tantum
1956 5173 2005 5224 in
2037 5183 2188 5226 tene-

632 5243 752 5295 bras
776 5246 1096 5304 exteriorcs,
1128 5241 1220 5294 sed
1262 5255 1312 5295 et
1345 5244 1393 5295 in
1442 5245 1613 5311 ignem
1645 5243 1844 5303 mittet,
1892 5252 1944 5294 et
1984 5256 2188 5308 pinnas.

631 5313 756 5366 Item
783 5314 831 5365 in
860 5313 955 5365 hac
979 5311 1219 5380 parabola
1238 5311 1438 5378 justum
1464 5317 1511 5363 in
1534 5312 1778 5381 gaudium
1798 5311 1947 5379 jubet
1969 5311 2186 5381 intrare,

631 5384 680 5436 in
713 5382 796 5435 illa
824 5394 999 5436 autem
1032 5383 1080 5434 in
1112 5397 1349 5450 regnum.
1380 5380 1567 5434 Adhuc
1591 5391 1763 5435 autem
1791 5382 1927 5450 quod
1958 5380 2066 5444 ait,
2095 5383 2192 5433 Ac-

627 5453 803 5504 cedens
825 5464 987 5505 autem
1010 5462 1054 5505 et
1074 5453 1156 5521 qui
1186 5467 1337 5502 unum
1363 5450 1602 5502 talentum
1629 5460 1884 5520 occeperat
1908 5453 1978 5501 ait
2003 5465 2021 5500 :
2051 5450 2191 5504 Scie-

628 5523 741 5573 bant
769 5525 885 5590 quia
916 5526 1062 5575 homo
1090 5524 1241 5573 durus
1272 5537 1320 5573 es
1343 5563 1356 5583 ,
1382 5521 1523 5571 metis
1552 5523 1684 5580 quod
1713 5538 1811 5572 non
1840 5522 2113 5580 seminasti,
2146 5532 2190 5573 et

627 5608 896 5660 t'ongregas
913 5594 1044 5662 quod
1064 5610 1161 5643 non
1178 5591 1402 5662 sparsisti
1420 5605 1438 5641 :
1457 5600 1605 5662 putas
1624 5593 1672 5643 in
1693 5592 1924 5644 secundo
1941 5591 2188 5662 adventu,

628 5659 745 5714 cum
773 5659 976 5716 venerit
994 5665 1070 5716 sic
1093 5661 1395 5715 terribiliter
1412 5674 1527 5712 cum
1555 5659 1717 5728 gloria
1741 5677 1854 5723 sua,
1881 5660 2033 5713 stabit
2069 5675 2192 5728 pec-

628 5741 779 5785 cator
819 5742 942 5785 ante
970 5747 1113 5794 eum,
1162 5743 1214 5784 et
1254 5732 1372 5782 talia
1404 5729 1579 5782 dicet?
1611 5730 1780 5781 Absit.
1815 5731 2039 5783 Maxime
2067 5746 2186 5784 cum

631 5815 728 5854 nec
757 5802 1019 5856 testiineut
1045 5802 1138 5854 viri
1167 5801 1447 5866 prudentes
1470 5800 1742 5868 personale
1772 5808 1895 5852 tunc
1917 5800 2186 5866 forejudi-

630 5873 791 5938 ciunt,
818 5883 872 5926 ut
894 5889 986 5933 per
1011 5872 1243 5927 singulos
1267 5871 1504 5924 homines
1526 5868 1765 5925 Christus
1791 5869 1999 5934 quidem
2026 5872 2190 5925 inter-

1969 474 2143 531 OPUS
2183 468 2664 529 lilI‘EﬁFECTUM

3813 503 3907 558 940

2338 598 2510 657 roget,
2532 599 2782 666 peccator
2805 599 2980 645 autem
3005 593 3329 666 respondeat
3353 635 3368 660 ,
3394 604 3448 650 et
3472 605 3622 666 gesta
3657 598 3902 652 narratio-

2339 675 2465 734 num
2489 660 2893 734 _conlic_iantur__:
2927 663 3017 716 sed
3052 660 3227 734 verius
3251 676 3326 719 est
3357 660 3501 734 quod
3521 667 3596 720 ait
3617 668 3902 734 Apostolus,

2337 731 2458 798 quia
2488 731 2537 783 in
2559 732 2966 804 cogitationibus
2986 734 3095 786 suis
3116 731 3438 804 judicabitiir
3459 731 3820 804 unusquisque
3845 731 3904 790 ili;

2337 813 2465 873 cens
2493 817 2506 853 :
2551 799 2652 873 Qui
2677 799 3272 873 ostenduntopus'legis
3314 805 3558 873 scriptum
3586 799 3639 857 in
3687 799 3901 861 cordibus

2336 869 2458 940 suis,
2489 871 2820 940 testimonium
2842 871 3078 924 reddente
3106 869 3208 925 sibi
3229 869 3535 926 conscientia
3555 891 3762 940 eorum,
3792 888 3838 930 et
3860 895 3899 930 nt

2341 955 2394 1015 se
2419 939 2628 1015 inuicem
2647 941 3029 1015 cogitationibus
3047 942 3424 1015 accusantibus,
3445 955 3539 1015 aut
3561 945 3719 1015 etiam
3740 939 3901 1015 defen-

2335 1007 2563 1078 dentibus
2583 1050 2596 1069 ,
2624 1007 2736 1061 cum
2758 1010 3009 1078 judicabit
3038 1009 3175 1064 Deus
3206 1013 3407 1065 occulta
3431 1014 3695 1066 hominum
3735 1007 3899 1068 secun-

2334 1077 2987 1153 dumeuantgliunrmeum
3026 1097 3115 1149 per
3140 1079 3319 1153 Iesum
3350 1081 3607 1135 Christum
3640 1083 3661 1153 (
3679 1083 3826 1137 Rom.
3857 1086 3898 1140 2.

2333 1146 2420 1220 15.
2457 1148 2582 1220 l_6_).
2619 1148 2758 1217 Ergo
2801 1150 2850 1220 in
2883 1148 2983 1202 hoc
3026 1146 3259 1212 saeculo,
3292 1153 3542 1220 quamdiu
3587 1146 3712 1207 sunt
3753 1154 3898 1209 Citri-

2331 1217 2488 1289 stiani
2529 1218 2923 1289 incorporibus
2971 1219 3103 1284 suis,
3135 1221 3279 1273 venit
3310 1217 3565 1275 ’(Zhristus
3608 1223 3674 1275 ad
3705 1238 3818 1289 eos,
3859 1237 3898 1278 et

2331 1285 2477 1364 ponit
2506 1285 2762 1364 rationein
2787 1304 2905 1342 cum
2932 1289 3008 1340 eis
3036 1288 3474 1364 invisibiliter,_et_
3499 1285 3895 1364 interrogat'eos

2331 1355 2380 1430 in
2404 1355 2814 1430 cogitationibus
2829 1373 3031 1430 eorum.
3049 1368 3099 1412 et
3121 1359 3373 1430 auditeos
3393 1361 3443 1413 in
3463 1361 3592 1428 ipsis
3611 1355 3891 1430 loquentes.

2327 1423 2732 1498 sicutscriptum
2757 1434 2838 1479 est
2862 1427 2930 1480 de
2955 1436 3196 1495 utroque.
3224 1429 3295 1481 De
3313 1429 3415 1482 hoc
3431 1423 3813 1498 quidem-quia
3840 1423 3891 1485 lii

2326 1495 2868 1567 cogitationibusimpii
2900 1498 3218 1566 interrogatio
3242 1497 3332 1551 erit
3356 1495 3612 1566 (sapient.
3646 1501 3696 1553 1.
3716 1495 3808 1567 9);
3837 1501 3891 1556 de

2448 1573 2668 1638 :illiettl,
2700 1561 2832 1629 Quia
2862 1561 3107 1638 cogitatié
3134 1561 3698 1638 hominislcon/itebitur
3731 1561 3883 1638 (l’saL

2328 1630 2413 1709 75.
2453 1632 2563 1709 ll).
2597 1633 2817 1700 Utputa,
2843 1630 2968 1709 dicit
2994 1636 3045 1687 in
3077 1635 3290 1709 Psalmo
3318 1655 3330 1688 :
3368 1630 3584 1709 Viduam
3607 1649 3655 1692 et
3683 1630 3889 1709 pupillos

2325 1700 2697 1768 interfecerunt,
2725 1714 2769 1755 et
2796 1704 3037 1757 advenam
3066 1706 3372 1768 occiderunt,
3401 1718 3445 1759 et
3473 1700 3713 1761 dixerunt
3733 1700 3766 1767 .’
3787 1709 3888 1762 Non

2324 1769 2502 1843 uidebit
2527 1771 2786 1832 Dominus,
2817 1790 2970 1843 neque
2993 1775 3232 1843 intelliget
3263 1775 3397 1829 Deus
3417 1774 3580 1829 Iacob
3603 1777 3776 1843 (Psnl.
3809 1780 3883 1833 95.

2324 1839 2376 1890 6.
2403 1839 2456 1912 7)
2482 1858 2492 1890 :
2517 1857 2626 1912 non
2647 1843 2766 1907 quia
2795 1845 2913 1896 talia
2939 1839 3465 1912 fuerunt—Specialitcr
3482 1839 3641 1900 verba
3665 1848 3885 1912 illorum,

2323 1907 2559 1980 sedquia
2595 1912 2723 1963 tales
2753 1921 2874 1965 sunt
2901 1907 3245 1980 cogitationum
3276 1914 3548 1968 hominum
3590 1907 3884 1970 facientium

2323 1976 2483 2052 mala.
2515 1978 2620 2052 Nec
2647 1981 2785 2032 enim
2816 1976 3048 2052 facerent
3089 1983 3223 2034 mala
3244 2024 3258 2045 ,
3292 1984 3335 2036 si
3375 1986 3695 2052 cogitarent,
3729 1987 3878 2040 Deum

2321 2053 2411 2119 aut
2433 2045 2725 2119 intelligere
2755 2060 2843 2101 aut
2872 2051 3054 2105 videre
3071 2067 3190 2119 qua:
3217 2045 3544 2108 facinuthic
3572 2062 3628 2108 et
3658 2045 3763 2114 hic,
3793 2072 3882 2108 tnui

2322 2114 2444 2178 quia
2473 2116 2591 2191 talia
2607 2114 2913 2191 specialiter
2929 2121 3042 2191 sint
3061 2114 3199 2174 dicta
3231 2122 3458 2175 hominis
3481 2124 3633 2190 justi,
3661 2133 3753 2178 aut
3774 2141 3883 2191 pec-

2321 2186 2564 2259 catoris:
2594 2187 2688 2240 sed
2718 2189 2840 2257 quia
2871 2190 3003 2242 tales
3038 2199 3162 2243 sunt
3202 2186 3555 2259 cogitationes
3600 2186 3812 2258 eorum,
3839 2203 3884 2248 et

2319 2253 2664 2328 cogitationes
2682 2253 2864 2328 eorum
2890 2260 3037 2326 quasi
3067 2259 3203 2312 dicta
3228 2253 3516 2328 ponuntur.
3544 2262 3732 2315 Omnis
3753 2253 3881 2316 enim

2319 2321 2400 2372 vir
2428 2322 2731 2398 justus,_qui
2754 2325 2880 2378 facit
2905 2321 3063 2398 opera
3088 2321 3425 2381 bona-solum
3455 2340 3672 2398 propter
3704 2332 3874 2394 Deum,

2318 2401 2438 2441 cum
2468 2395 2668 2446 venerit
2698 2396 2747 2446 in
2771 2395 3190 2450 recordationem
3230 2395 3690 2454 actuum'suornm
3724 2401 3878 2454 bono-

2318 2471 2434 2512 rum
2456 2501 2469 2522 ,
2503 2477 2720 2536 treceSse
2751 2464 2908 2519 habet
2936 2468 3117 2536 venire
3159 2469 3480 2536 frequenter,
3508 2479 3600 2522 aut
3637 2470 3747 2523 Deo
3775 2485 3879 2524 mo-

2319 2538 2472 2608 vente
2499 2532 2844 2608 cogitationes
2868 2533 3043 2608 cordis
3059 2535 3174 2603 ejus
3197 2532 3361 2601 iu'eo,
3385 2550 3475 2589 aut
3501 2538 3738 2602 diabolo,
3758 2555 3883 2608 pra:-

2319 2600 2564 2674 termisso
2582 2603 2686 2654 Deo
2715 2621 2729 2655 :
2759 2604 2935 2656 nescio
2954 2600 3152 2674 tamen,
3174 2620 3296 2660 cum
3314 2600 3520 2659 venerit
3545 2600 3878 2662 considerans

2318 2672 2452 2719 intra
2479 2683 2538 2722 se
2565 2679 2614 2724 et
2646 2680 2795 2725 actus
2821 2686 2948 2726 suos
2979 2672 3168 2734 honos.
3203 2684 3256 2728 et
3285 2683 3531 2729 naturam
3575 2679 3752 2730 carnis
3777 2693 3876 2730 sua:

2317 2737 2648 2812 malevolam,
2683 2742 3030 2812 isiciloquitur
3074 2744 3126 2795 in
3154 2745 3562 2812 cogitationibus
3585 2746 3698 2800 suis
3726 2764 3740 2799 :
3771 2746 3875 2799 Non

2316 2817 2416 2872 ego
2440 2808 2552 2860 haec
2591 2808 2715 2862 feci.
2745 2810 2852 2864 Nec
2873 2808 3033 2864 ‘enim
3080 2808 3333 2867 credibile
3360 2815 3478 2867 sine
3509 2815 3620 2868 Deo
3646 2826 3874 2869 naturain

2313 2876 2763 2954 gariiisinjustant
2783 2881 2955 2954 l'acere
2976 2896 3116 2954 opus
3134 2883 3365 2954 justum,
3388 2884 3482 2954 sed
3514 2885 3681 2937 virtus
3701 2885 3876 2954 gratia:

2312 2941 2525 3020 Christi,
2550 2941 2707 3020 quam
2733 2948 2875 3020 dedit
2903 2941 3203 3020 hominibus
3227 2967 3318 3020 per
3339 2951 3497 3006 fidem
3525 2941 3750 3006 nominis
3777 2954 3870 3006 sui.

2315 3011 2381 3086 [fit
2407 3015 2523 3068 talis
2553 3011 2800 3084 cogitatio
2823 3019 2937 3086 ejus
2967 3018 3024 3071 fit
3044 3011 3310 3075 confessio
3331 3030 3455 3075 ante
3478 3022 3767 3086 Christum,
3790 3039 3875 3074 au-

2312 3080 2542 3158 dientem
2567 3080 2749 3139 tacitas
2778 3080 3152 3158 cogitationum
3192 3091 3518 3158 loquentium
3548 3107 3725 3146 voces.
3755 3080 3870 3144 item

2311 3154 2494 3226 omnis
2515 3167 2779 3226 peccator,
2809 3158 2896 3225 qui
2919 3156 3042 3211 fecit
3067 3174 3228 3226 opera
3259 3154 3418 3223 mala,
3443 3175 3567 3214 cum
3604 3162 3798 3214 venerit
3823 3161 3870 3212 in

2310 3223 2729 3278 recordationem
2778 3223 2988 3278 actuum
3039 3223 3258 3281 suorum
3301 3229 3611 3282 malorum:
3662 3243 3872 3282 necesse

2310 3289 2451 3342 enim
2485 3291 2643 3366 habet
2673 3295 2854 3366 venire
2879 3292 3219 3366 frequenter,
3246 3299 3355 3351 sive
3382 3300 3498 3366 ipso
3524 3296 3736 3351 Christo
3760 3312 3868 3350 nio-

2308 3363 2830 3440 vente.eogitationes
2851 3364 3026 3418 cordis
3046 3367 3160 3434 ejus
3188 3366 3237 3440 in
3259 3381 3347 3428 eo,
3376 3363 3490 3420 sive
3518 3367 3749 3440 diabolo,
3783 3366 3867 3420 Dei

2310 3435 2701 3505 permissione;
2723 3435 3058 3505 scioitamen,
3095 3435 3310 3490 veniens
3335 3451 3622 3505 numquam
3645 3435 3866 3502 seipsunt

2308 3498 2649 3565 reprehendit
2667 3500 2718 3553 in
2743 3503 3148 3573 cogitationibus
3169 3506 3278 3559 suis
3295 3546 3312 3570 ,
3335 3498 3620 3573 numquam
3644 3498 3868 3572 seipsum

2307 3579 2536 3638 accusat,
2566 3571 2847 3638 numquam
2866 3586 2923 3625 se
2945 3571 3147 3638 judicat
3172 3589 3339 3638 reum,
3359 3571 3494 3627 sicut
3519 3571 3868 3627 solentlacere

2306 3638 2349 3687 si
2379 3636 2846 3709 deliquerint'justi
2873 3657 2886 3692 :
2917 3636 3149 3709 alioquin
3171 3650 3227 3695 et
3249 3636 3597 3708 compunctus
3625 3641 3866 3696 emenda-

2307 3713 2482 3782 retu_r;
2514 3706 2606 3782 sed
2636 3717 2853 3782 excusat
2890 3722 2949 3782 se
2977 3706 3190 3778 semper
3216 3712 3272 3765 in
3291 3706 3696 3782 cogitationibus
3724 3711 3861 3773 suis,

2303 3783 2358 3850 et
2382 3774 2657 3850 absolvere
2694 3791 2752 3830 se
2782 3776 2999 3850 festinat
3032 3793 3062 3832 a
3090 3774 3236 3835 reatu
3267 3774 3601 3850 peccatorum
3637 3794 3863 3850 suorum.

2303 3843 2411 3895 Ant
2459 3847 2600 3919 enim
2646 3847 2974 3919 naturalibus
3022 3843 3426 3904 necessitatibus
3477 3853 3691 3919 imputat
3727 3849 3862 3919 quod

2305 3915 2576 3988 peccavit,
2606 3924 2696 3969 aut
2723 3917 2838 3988 plus
2872 3918 2941 3988 ab
2984 3920 3230 3973 omnibus
3281 3921 3444 3972 Deum
3471 3915 3679 3988 exigere
3705 3915 3861 3981 dicit,

2302 3983 2620 4055 quamipsa
2669 3987 2863 4052 patitur
2914 3987 3187 4040 hominum
3222 3989 3488 4041 habitudo.
3542 3983 3653 4042 Non
3698 3997 3862 4055 potest

2303 4053 2441 4124 enim
2473 4053 2608 4108 bona
2648 4056 2914 4124 cogitare,
2943 4057 3032 4124 qui
3064 4057 3199 4110 mala
3232 4072 3390 4124 opera
3421 4057 3581 4110 facit:
3613 4053 3743 4110 sicut
3770 4068 3861 4108 nec

2302 4121 2436 4193 mala
2466 4124 2697 4190 cogitare
2722 4121 2933 4192 potest,
2960 4121 3063 4191 'qui
3112 4125 3236 4178 facit
3263 4121 3398 4180 bona
3431 4137 3645 4193 propter
3682 4125 3857 4178 Deum.

2303 4189 2366 4242 Et
2405 4189 2575 4264 bonus
2619 4189 2830 4264 quidem
2879 4189 3097 4247 forsitan
3129 4195 3392 4249 interdum
3432 4189 3579 4249 ’mala
3629 4197 3856 4264 cogitat:

2301 4261 2548 4327 quoniam
2576 4261 2750 4316 omnis
2773 4263 2930 4316 homo
2957 4264 3060 4316 etsi
3083 4265 3375 4319 secundum
3403 4261 3719 4319 voluntatem
3743 4264 3856 4316 ani-

2301 4344 2401 4381 ma:
2423 4331 2592 4383 bonus
2612 4341 2724 4396 est,
2761 4340 2935 4385 tamen
2961 4336 3249 4387 secundum
3283 4343 3523 4388 naturain
3554 4334 3726 4388 carnis
3752 4349 3857 4384 ma-

2302 4397 2383 4450 lus
2406 4408 2506 4474 est.
2539 4401 2708 4456 Malus
2727 4411 2903 4474 autem
2940 4403 3263 4470 impossibile
3295 4414 3375 4457 est
3404 4413 3458 4457 ut
3487 4406 3680 4474 cogitet
3707 4403 3853 4460 bona.

2300 4470 2545 4532 quoniam
2575 4481 2628 4525 et
2671 4473 2960 4525 secundum
2990 4483 3229 4526 naturam
3254 4475 3431 4526 carnis
3472 4470 3641 4527 malus
3665 4479 3774 4535 est,
3809 4478 3859 4522 et

2299 4540 2808 4616 secundumanimte
2835 4542 3157 4616 voiutitaiieiii
3201 4557 3504 4616 perverSus,
3547 4552 3602 4597 et
3628 4541 3855 4616 co-_

2298 4607 2742 4679 gilatiomaligna
2772 4610 2849 4663 fit.
2878 4610 3099 4676 Quando
3129 4607 3265 4664 enim
3301 4621 3549 4679 peccator
3590 4611 3713 4666 nihil
3742 4609 3854 4661 boni

2301 4692 2456 4743 posse
2487 4678 2656 4733 facere
2685 4681 2995 4744 arbitratur,
3031 4678 3350 4747 impediente
3378 4693 3584 4744 natura,
3617 4679 3712 4734 nisi
3739 4686 3849 4747 tau.

2301 4755 2410 4798 tum
2453 4762 2776 4816 cognoscere
2828 4749 2991 4802 Deum
3045 4746 3404 4803 ct’Christum
3465 4751 3649 4804 Filium
3702 4746 3854 4814 ejus:

2299 4830 2479 4894 nonne
2490 4818 2894 4894 cogitationibus
2914 4818 3023 4894 suis
3067 4817 3166 4872 hoc
3186 4821 3361 4894 dicere
3386 4819 3595 4894 videtur
3619 4817 3680 4871 ad
3712 4817 3854 4894 Chi-it

2298 4888 2481 4938 stum?
2508 4886 2636 4952 Quia
2671 4888 2801 4942 nihil
2831 4888 2954 4940 boni
2999 4902 3156 4955 posse
3197 4887 3370 4943 facere
3399 4891 3589 4942 creasti
3619 4903 3718 4952 me,
3759 4886 3850 4955 nisi

2297 4956 2468 5026 solum
2499 4972 2822 5026 cognoscere
2851 4973 2865 5008 :
2897 4954 3023 5010 ecce
3061 4957 3221 5010 habes
3250 4958 3559 5012 beneficium
3609 4966 3761 5026 tuum.
3794 4954 3854 5009 Et

2302 5022 2407 5078 hoc
2440 5022 2608 5093 ipsum
2630 5029 2778 5095 quasi
2809 5026 2940 5079 nihil
2969 5027 3408 5096 :estimansdicit,
3439 5027 3578 5096 quod
3599 5025 3849 5096 Christum

2297 5098 2585 5164 cognoscit.
2610 5096 2864 5150 Similiter
2901 5105 2956 5148 et
2979 5096 3173 5164 judicia
3203 5095 3397 5148 Christi
3416 5137 3431 5154 .
3459 5094 3522 5149 'et
3564 5095 3757 5149 occulta
3788 5094 3850 5145 de

2299 5163 2600 5217 hominibus
2625 5176 2717 5218 aut
2744 5165 2917 5226 bonis,
2952 5176 3042 5216 aut
3069 5164 3219 5218 malis
3239 5205 3252 5226 ,
3281 5164 3431 5232 quasi
3468 5179 3719 5232 responsa
3759 5178 3853 5232 po-

2297 5243 2494 5308 nuntur
2526 5255 2539 5288 :
2571 5235 2749 5308 idest,
2786 5249 2892 5308 non
2918 5235 3037 5302 quia
3067 5233 3369 5308 speciaiiter
3393 5234 3471 5308 sic
3494 5234 3851 5308 Christus-“re-

2295 5304 2526 5368 spondit,
2547 5304 2638 5357 sed
2661 5304 2778 5368 quia
2809 5301 3069 5356 taliasunt
3095 5301 3289 5370 judicia
3311 5302 3509 5356 Christi
3546 5301 3852 5356 invisibiliter

2291 5371 2595 5444 judicantis.
2619 5373 3028 5444 Congratulatur
3045 5382 3217 5444 autem
3238 5371 3569 5444 justusapud
3595 5373 3848 5444 seipsutttg

2299 5436 2555 5507 primum.
2587 5445 2708 5511 quia
2742 5436 2871 5494 talia
2898 5457 3057 5510 opera
3095 5436 3272 5511 fecit}
3313 5436 3536 5507 deinde,
3577 5436 3692 5511 quia
3728 5436 3849 5492 nihil

2295 5525 2479 5565 eorum
2521 5509 2619 5566 sibi
2667 5509 2978 5578 imputavit,
3014 5509 3108 5564 sed
3153 5512 3329 5564 omnia
3358 5509 3612 5574 Christo';
3655 5518 3851 5579 propter

2295 5583 2434 5648 quod
2467 5583 2839 5652 superaddilur
2864 5581 2911 5633 ei
2953 5581 3119 5652 gratia
3155 5581 3381 5652 Spiritus
3400 5583 3592 5646 sancti,
3621 5591 3673 5652 ct
3699 5583 3851 5652 intro-

2295 5645 2441 5705 ducit
2468 5645 2587 5706 euin
2616 5654 2664 5705 in
2697 5666 2847 5703 suum
2893 5645 3162 5718 gaudium,
3195 5645 3248 5702 ut
3277 5651 3354 5703 sic
3383 5645 3607 5719 gaudeat
3647 5651 3696 5702 in
3721 5645 3852 5719 [utu-

2296 5735 2370 5773 ne
2407 5738 2502 5790 spe
2537 5723 2716 5792 gloriae
2755 5735 2865 5792 suae
2885 5713 2917 5778 ,⁷
2942 5721 3080 5792 sicut
3115 5713 3307 5792 gaudet
3342 5713 3409 5792 et'
3434 5720 3690 5774 Christus.
3726 5713 3850 5792 Nam

2297 5783 2565 5863 quantuni
2593 5793 2784 5863 largior
2834 5789 2990 5843 fuerit
3013 5783 3143 5863 spes
3155 5788 3413 5863 hominis,
3452 5801 3647 5863 tantum
3687 5783 3853 5863 cordia

2302 5861 2418 5928 ejus
2445 5857 2689 5930 gaudium
2723 5861 2936 5929 plenum
2965 5867 3068 5914 cst.
3093 5857 3241 5915 Sicut
3264 5859 3316 5914 in
3343 5860 3449 5914 alio
3472 5860 3589 5914 loco
3615 5857 3856 5911 Dominus
