4128 6472
269 356 379 412 941

262 458 390 516 dicit
413 453 686 524 discipulis
712 451 854 524 suis:
884 446 1009 524 Hac
1036 444 1269 524 loquutus
1292 464 1399 503 sum
1424 446 1580 524 vobis,
1612 455 1823 524 νιβα-

262 515 404 585 dium
433 515 595 581 meum
618 525 671 577 in
696 521 831 578 vobis
854 523 947 587 sit,
977 528 1023 574 el
1048 515 1291 591 gaudium
1316 528 1533 591 vestrum
1558 515 1829 591 impleatur

292 598 447 651 Joan.
480 596 561 651 15.
597 593 711 663 ll),
745 590 795 649 id
838 585 942 648 est.
979 585 1103 663 spes
1130 599 1323 663 vestra.
1350 587 1483 663 Spes
1509 586 1647 663 enhu
1676 585 1823 651 plena

305 667 498 721 ominis
516 707 529 728 ,
560 655 771 732 plenum
796 672 876 717 est
901 658 1147 730 gaudium
1174 658 1351 732 cordis
1372 657 1553 732 ipsius.
1577 655 1830 732 Peccator

264 748 444 791 autem
464 726 633 807 qualia
650 734 875 788 diximus
890 726 1146 801 cogitans,
1168 728 1399 799 graviter
1420 726 1521 781 l'ert
1540 743 1552 779 :
1578 726 1826 848 primum,

264 806 385 848 mnia
414 806 546 848 mala
577 800 955 848 fecitzdeinde-
978 802 1097 848 nttia
1126 802 1360 848 inantus
1378 806 1480 848 est.
1506 813 1572 848 ttu
1598 796 1698 848 lam
1725 810 1826 847 νη·-

318 790 387 860 tia
414 790 548 859 mala
576 790 1097 871 fecitzdeindefquia
1126 790 1480 871 i'n‘gratusest,
1506 790 1698 871 nullam
1725 790 1831 847 vir-

318 822 387 860 na
414 822 548 859 mata
576 822 956 865 teettzuetnue,
978 822 1097 871 quia
1126 822 1360 866 Ingratua
1378 822 1480 860 cu,
1506 822 1698 850 ttuuattt
1729 822 1828 847 Vtr-

264 822 432 932 gitem
448 891 505 930 se
524 876 786 929 :estimans
804 871 1071 938 accepisse
1090 871 1154 924 ad
1174 866 1468 938 faciendum
1490 881 1649 938 opera
1671 865 1828 938 bona,

266 945 368 1001 nisi
397 950 586 1000 nudam
614 942 851 997 notitiam
881 932 1017 1010 ejus.
1044 941 1267 1009 Propter
1284 937 1423 1006 quod
1435 932 1594 1010 jubet
1619 932 1732 989 tolli
1761 933 1830 986 ab

264 1032 333 1071 eo
360 1016 518 1070 etiam
558 1016 655 1085 hoc
699 1011 867 1085 ipsum
910 1006 1052 1081 quod
1100 1006 1385 1085 cognoscat
1425 1006 1738 1085 Christum,
1779 1013 1833 1085 et

268 1084 432 1140 mittit
454 1099 572 1139 eum
604 1084 653 1135 in
677 1077 1258 1135 tenebras'exteriores.
1277 1077 1434 1132 lubet
1464 1087 1666 1137 autem,
1696 1077 1833 1129 sicut

266 1155 519 1224 arbitror,
546 1152 802 1220 malignos
825 1151 1046 1224 spiritus
1069 1150 1428 1224 ministrantes
1453 1146 1552 1201 sibi
1578 1145 1644 1198 ad
1672 1143 1829 1224 mala,

268 1224 357 1294 qui
384 1218 978 1294 obscttrantesgmentem
1002 1220 1116 1285 ejus
1135 1230 1188 1273 et
1206 1218 1504 1294 obligantes
1515 1230 1672 1287 opera
1693 1218 1830 1294 ejus,

267 1283 321 1347 ἐι
350 1292 567 1346 consilia
589 1290 776 1355 simul,
816 1290 956 1359 quod
990 1283 1070 1343 est
1109 1303 1293 1342 manus
1319 1283 1377 1342 ct
1406 1283 1589 1354 pedes.
1624 1295 1687 1359 ut
1703 1283 1832 1338 nihil

269 1363 493 1417 ulterius
514 1361 636 1416 boni
665 1370 756 1415 aut
780 1355 1045 1415 consiliari
1076 1359 1260 1425 possit,
1288 1366 1380 1412 aut
1399 1372 1587 1423 agere,
1620 1355 1834 1410 mittunt

268 1448 388 1486 enm
418 1431 579 1485 loras.
607 1429 709 1487 Ubi
740 1428 918 1483 foras?
940 1428 1099 1482 Extra
1124 1428 1413 1483 Ecclesiam
1440 1426 1655 1489 Christi,
1682 1436 1832 1479 extra

268 1503 425 1556 ﬁdem
450 1500 867 1563 veritatis,extra
896 1508 1213 1553 conventum
1241 1508 1560 1557 sanctorum,
1581 1498 1631 1551 in
1660 1496 1833 1549 hare-

267 1581 353 1625 ses
376 1567 711 1632 tenebrosas,
730 1569 816 1623 ubi
843 1583 949 1623 non
978 1582 1191 1636 apparet
1218 1569 1307 1622 lux
1343 1567 1579 1623 veritatis
1598 1608 1613 1628 ,
1643 1565 1721 1620 sol
1747 1566 1831 1632 ju-

267 1642 426 1693 stitia:
450 1653 731 1708 numquam
747 1638 1015 1708 splendet.
1046 1637 1159 1692 Non
1182 1638 1319 1692 enim
1337 1637 1487 1708 dixit,
1509 1636 1561 1708 In
1590 1637 1835 1708 tenebras

268 1709 571 1774 inferiores,
596 1704 653 1763 ut
680 1704 960 1762 infernales
982 1708 1332 1776 intelligamus
1357 1706 1505 1771 :sed,
1532 1704 1595 1758 In
1610 1704 1835 1776 tenebras

268 1773 562 1843 exteriores,
580 1790 634 1833 ut
676 1778 906 1833 haereses
956 1773 1309 1848 intelligamus
1352 1792 1460 1845 pra:
1484 1774 1688 1829 czeteris
1720 1773 1835 1848 plus

268 1841 600 1904 tenebrosus.
620 1851 721 1902 Aut
748 1855 893 1903 certe
918 1841 1169 1917 quamdiu
1189 1841 1401 1914 quidem
1421 1855 1668 1917 peccator
1691 1841 1832 1917 mala

268 1931 523 1985 operatur
542 1960 555 1976 .
578 1929 669 1971 aut
696 1918 911 1987 cogitat,
937 1913 994 1972 in
1020 1917 1250 1973 tenebris
1269 1926 1374 1987 est,
1405 1913 1496 1969 sed
1525 1915 1576 1987 in
1605 1913 1834 1967 tenebris

269 1989 735 2057 propinquioribus
766 1985 782 2040 Ξ
808 1988 1017 2057 quando
1046 1998 1221 2057 autem
1266 1986 1315 2040 in
1362 1985 1601 2057 bteresim
1644 1997 1833 2057 quam-

268 2054 393 2112 dam
419 2054 1163 2127 prbjiciturttun‘eprojicitur
1184 2056 1233 2109 iit
1258 2056 1502 2109 tenebras
1525 2054 1832 2107 exteriores.

704 2122 926 2177 Humilia
956 2122 1040 2177 liv.
1073 2141 1135 2178 ea:
1162 2141 1274 2193 cap.
1296 2140 1416 2177 xxv.

341 2194 431 2249 3|.
472 2193 596 2249 Cum
634 2206 796 2247 autent
843 2195 1025 2247 venerit
1051 2192 1450 2248 Filiusltomim's
1488 2192 1542 2245 in
1580 2192 1842 2262 majestate

270 2280 384 2326 sua,
418 2273 462 2318 et
506 2281 674 2318 omnes
698 2265 862 2331 angeli
888 2280 1001 2316 cum
1025 2280 1101 2323 eo,
1131 2275 1248 2317 tunc
1273 2263 1458 2317 sedebit
1486 2279 1636 2329 super
1664 2262 1836 2316 sedent

272 2336 546 2404 majestatis
573 2350 693 2394 sure,
729 2344 829 2387 etc.
861 2333 1182 2404 (Iriminosas
1221 2347 1476 2404 personas
1499 2331 1659 2401 judex
1690 2333 1838 2404 audi-

273 2402 429 2459 turus
460 2406 510 2457 in
542 2404 773 2471 publico,
807 2402 1030 2455 tribunal
1063 2417 1213 2456 suum
1244 2403 1468 2457 collocat
1494 2404 1544 2454 in
1586 2403 1835 2464 excelso,

271 2475 415 2529 circa
445 2488 501 2526 se
535 2474 805 2527 constituit
844 2472 1038 2525 vexilla
1078 2473 1301 2536 regalia,
1353 2480 1475 2524 ante
1499 2482 1839 2537 conspectum

273 2559 428 2598 suum
451 2543 595 2610 ponit
620 2557 779 2609 super
798 2554 1031 2593 mensam
1060 2541 1374 2601 radiculam,
1401 2538 1543 2594 unde
1568 2540 1736 2610 tribus
1757 2541 1843 2596 di-

272 2613 397 2681 gitis
422 2608 643 2665 mortem
673 2608 941 2665 hominum
973 2611 1167 2681 scribat
1208 2622 1297 2664 aut
1326 2610 1483 2681 vitam
1518 2627 1531 2662 :
1566 2608 1691 2665 hinc
1719 2612 1840 2666 inde

274 2677 528 2736 oliiciales
548 2682 787 2735 ordinate
804 2682 1117 2741 consistunt,
1142 2680 1193 2733 in
1230 2677 1404 2735 medio
1425 2682 1710 2735 secretario
1746 2698 1840 2751 po-

273 2762 475 2807 nuntur
500 2767 708 2874 fenero
732 2750 990 2803 horrenda
1040 2764 1347 2818 lanarum,
1388 2765 1504 2818 qua!
1539 2766 1644 2804 non
1668 2750 1836 2805 solum

277 2822 408 2874 nati.
440 2836 496 2874 se
557 2830 609 2874 et
637 2822 815 2874 videre
844 2829 1162 2874 tormentum
1194 2830 1295 2874 est.
1323 2822 1477 2874 Stant
1505 2820 1645 2874 iuxta
1672 2821 1836 2874 parati

277 2822 408 2892 pati,
440 2820 531 2874 sed
557 2830 609 2876 et
637 2822 815 2875 videre
844 2829 1162 2874 tormentum
1194 2830 1295 2874 est.
1323 2822 1477 2892 Stant
1499 2820 1645 2892 juxta
1672 2821 1836 2892 par-mi

277 2890 526 2952 tortores,
551 2891 872 2945 crudeliores
893 2898 1106 2956 aspectu
1126 2904 1281 2957 quam
1312 2891 1574 2944 manibus.
1605 2890 1732 2941 Tota
1754 2890 1840 2957 ju-

276 2962 402 3015 dicii
432 2958 905 3029 faciesrcujusdam
948 2958 1231 3029 schematis
1270 2968 1473 3014 terrore
1505 2958 1739 3012 vestitur.
1773 2959 1840 3013 Et

274 3043 397 3085 eum
418 3030 482 3083 ad
505 3028 733 3084 medium
760 3029 1026 3097 producta:
1047 3028 1237 3083 fuerint
1264 3030 1558 3083 criminosm
1579 3043 1835 3096 personze,

274 3108 402 3170 ante
457 3097 1140 3170 interrogationetnjudicis
1186 3099 1375 3170 ipsius,
1399 3097 1579 3170 judicii
1616 3098 1838 3170 terribili

273 3167 633 3222 discutiuntur
658 3167 894 3239 aspectu.
924 3168 1179 3223 Similiter
1206 3178 1269 3239 et
1290 3168 1539 3221 Dominus
1576 3182 1634 3223 se
1656 3168 1722 3222 ad
1748 3169 1838 3237 ju-

275 3239 470 3291 dicium
496 3237 772 3292 venturum
819 3239 1077 3306 promittit
1117 3237 1359 3291 similiter
1400 3251 1519 3291 cum
1564 3248 1795 3294 tremore
1819 3281 1835 3306 ,

275 3324 382 3360 non
405 3323 522 3361 cum
550 3310 704 3360 simili
725 3319 944 3362 terrore.
974 3308 1102 3361 Nam
1129 3316 1182 3361 et
1209 3309 1339 3360 bona
1366 3316 1417 3361 et
1439 3306 1572 3360 mala
1594 3309 1840 3365 similiter

275 3376 516 3430 ordinata
545 3386 666 3428 sunt
696 3378 744 3428 in
774 3386 911 3429 terra
939 3380 1073 3429 sicut
1097 3379 1146 3427 in
1176 3378 1327 3439 cmlo,
1355 3391 1459 3429 non
1486 3387 1658 3431 tamen
1688 3380 1838 3432 simi-

276 3445 368 3499 lia.
400 3446 535 3515 l'Irgo
563 3446 802 3500 videntes
831 3446 880 3499 in
912 3456 1046 3499 terra
1077 3458 1258 3511 paruas
1278 3484 1303 3515 ,ᾗ
1326 3453 1379 3497 et
1403 3447 1617 3512 glorias,
1638 3462 1741 3500 non
1768 3448 1840 3500 si-

275 3515 428 3569 miles
447 3513 631 3584 putare
659 3516 913 3569 debemus
944 3516 993 3568 in
1018 3515 1146 3568 caelo
1172 3533 1184 3565 :
1215 3513 1305 3567 sed
1332 3529 1449 3584 cum
1478 3522 1582 3567 sint
1608 3515 1726 3569 talia
1752 3531 1840 3570 su-

275 3599 371 3654 per
396 3582 585 3638 terram
613 3625 627 3647 ,
654 3586 820 3638 multo
842 3585 1037 3651 majora
1062 3584 1315 3654 suspicari
1336 3582 1590 3637 debemus
1616 3586 1665 3638 in
1686 3587 1836 3639 caelo.

275 3653 541 3721 Quantum
581 3657 723 3708 enim
754 3655 890 3707 Deus
920 3654 1077 3705 distat
1114 3654 1181 3705 ab
1210 3653 1421 3705 homine
1443 3694 1458 3717 ,
1492 3664 1692 3707 tantum
1736 3670 1841 3708 ca:-

278 3725 413 3777 teste
437 3726 687 3791 judicium
718 3741 746 3776 τι
774 3736 1001 3777 terrcuo.
1034 3721 1191 3775 Istius
1220 3723 1360 3776 enim
1380 3722 1563 3790 judieii
1590 3723 1841 3791 splendor

276 3796 333 3846 in
364 3794 648 3857 schemate,
681 3794 819 3846 illius
845 3801 1018 3844 autem
1040 3790 1222 3857 judicii
1246 3792 1492 3857 majestas
1514 3792 1564 3860 in
1594 3793 1839 3860 veritate,

279 3872 505 3916 testante
537 3864 788 3931 prepheta
823 3879 834 3913 :
864 3860 1001 3931 Deus
1028 3860 1287 3927 manifeste
1315 3860 1495 3931 veniet,
1516 3859 1653 3915 Deus
1675 3859 1842 3918 noster

279 3942 326 3983 et
355 3948 455 3984 non
474 3928 653 3984 silebit.
684 3932 826 4000 Ignis
854 3930 905 3982 in
931 3940 1199 4000 conspectu
1226 3931 1333 4000 ejus
1358 3928 1641 4000 ardebit,“
1665 3932 1717 3984 in
1745 3935 1843 3986 cir-

277 4003 415 4055 cuitu
442 4003 547 4071 ejus
572 3997 833 4071 tempestas
880 3998 1044 4051 valida
1072 3997 1254 4069 (Psal.
1276 3999 1365 4054 49.
1399 4000 1487 4069 ὃ).
1513 3999 1803 4071 ῨΜαηὶῙαιε
1824 4044 1841 4069 ,

278 4070 485 4139 inquit,
528 4087 630 4123 nott
687 4070 794 4138 jam
834 4070 1035 4123 celatus
1074 4071 1125 4121 in
1164 4084 1427 4138 corpore,
1480 4070 1617 4124 sicut
1652 4081 1841 4135 antea,

278 4151 338 4194 ttt
358 4138 451 4194 vix
481 4156 597 4194 eum
624 4141 779 4193 etiam
811 4140 927 4192 boni
960 4149 1335 4205 cognoscerent
1366 4156 1379 4192 :
1419 4138 1512 4193 sed
1538 4139 1846 4195 manifestus

277 4211 331 4265 in
361 4210 526 4279 gloria
546 4252 561 4273 ,
594 4218 650 4263 ut
677 4210 831 4262 etiam
861 4210 980 4261 muli
1010 4224 1129 4279 eum
1157 4210 1509 4263 confiteantur
1562 4211 1711 4263 inviti
1745 4227 1758 4263 :
1790 4222 1847 4265 ut

276 4278 811 4350 qut’contempseirunt
829 4294 970 4341 eum,
991 4278 1044 4331 in
1062 4278 1372 4350 humilitate,
1391 4290 1843 4350 cognoscauteum

278 4349 333 4405 iit
363 4360 639 4419 potestate.
670 4349 735 4419 Et
762 4350 849 4417 qui
877 4350 1014 4402 scire
1062 4349 1344 4403 noluerunt
1383 4364 1539 4417 quam
1568 4349 1738 4403 dulcis
1766 4360 1849 4405 est

280 4418 643 4475 misericordia
665 4418 799 4487 ejus,
822 4419 1053 4472 sentiant
1075 4434 1230 4484 quant
1252 4420 1424 4484 gravis
1453 4428 1534 4473 est
1554 4419 1628 4472 ira
1658 4419 1842 4487 ipsius.

278 4490 419 4544 Deus
448 4500 632 4553 noster,
661 4498 709 4542 et
740 4504 839 4541 non
867 4488 1050 4541 silebit.
1080 4487 1192 4542 Non
1222 4488 1390 4552 dixit,
1422 4488 1488 4542 Et
1511 4489 1724 4554 silebit,
1753 4505 1845 4543 os-

280 4560 503 4613 tendens
549 4559 668 4628 quia
722 4558 834 4628 ipse
883 4558 1093 4626 quidem
1135 4556 1202 4628 die
1236 4572 1294 4611 se
1340 4559 1566 4628 tacebit,
1598 4558 1691 4611 sed
1734 4559 1844 4628 ipsa

276 4631 441 4698 gloria
458 4625 649 4697 ejus—de
668 4625 780 4696 ipso
806 4625 1065 4697 loquatur.
1098 4625 1390 4694 Aliquando
1420 4625 1845 4697 transﬁguratum

276 4714 399 4753 eum
430 4700 481 4753 in
509 4710 686 4753 monte
720 4698 957 4753 videntes
982 4699 1232 4765 apostoli,
1266 4706 1583 4765 acceperunt
1622 4698 1845 4752 manda-

280 4778 389 4822 tttm
447 4784 513 4823 ue
553 4769 635 4823 cui
690 4767 925 4821 dicerent
971 4766 1180 4831 (Matth.
1212 4766 1299 4821 l7.
1331 4765 1425 4833 9),
1464 4781 1531 4819 ne
1579 4768 1846 4822 videretur

277 4839 518 4896 Christus
560 4852 654 4908 per
697 4839 982 4908 potentiam
1013 4838 1294 4907 subjugare
1329 4836 1426 4890 sibi
1476 4838 1762 4905 populum,
1792 4848 1847 4893 et

279 4924 383 4965 non
425 4924 520 4977 per
562 4908 739 4963 tidem.
759 4907 906 4961 Tunc
925 4915 1097 4961 autem
1115 4908 1223 4976 jam
1251 4920 1406 4961 nemo
1450 4908 1641 4978 tacebit
1666 4949 1681 4973 ,
1724 4908 1842 4978 quia

280 4993 385 5034 non
412 4976 494 5049 est
514 4978 964 5049 venturusadhuc
1002 4986 1205 5049 tentare
1230 4978 1411 5031 ﬁdeles
1433 5018 1449 5041 ,
1480 4976 1574 5033 sed
1590 4978 1701 5049 jam
1730 4976 1845 5047 per-

280 5053 405 5103 dere
448 5047 704 5101 inﬁdeles.
762 5040 909 5100 Tunc
968 5046 1338 5113 praedicatores
1392 5040 1679 5101 necessarii
1730 5040 1843 5103 'nou

278 5120 451 5197 erunt.
482 5117 611 5197 Nam
638 5117 855 5197 etsi-vox
877 5116 1111 5197 omnium
1142 5126 1330 5197 taceat,
1360 5117 1493 5171 visio
1513 5120 1623 5197 ipsa
1651 5117 1846 5197 clama-

277 5190 371 5247 bit.
390 5188 526 5242 sicut
570 5187 679 5255 ipse
726 5185 792 5240 de
835 5184 1067 5240 secundo
1092 5200 1190 5239 suo
1228 5186 1459 5239 adventu
1497 5184 1662 5255 dicit:
1694 5186 1841 5240 Sicut

278 5258 453 5326 fulgur
476 5261 576 5311 exit
594 5253 661 5309 ab
691 5255 890 5309 Oriente
909 5295 923 5318 ,
949 5263 996 5307 et
1024 5264 1352 5326 paretuusque
1369 5255 1448 5326 ad
1478 5253 1799 5326 Occidentem
1824 5298 1839 5324 ,

278 5322 455 5379 sicerit
475 5329 713 5380 adventus
743 5326 865 5379 Filii
888 5322 1101 5377 hominis
1124 5322 1331 5396 (Matth.
1356 5325 1443 5377 24.
1467 5325 1581 5393 2'7).
1603 5323 1745 5377 Tum:
1767 5322 1846 5378 se?

279 5397 411 5449 debit
428 5412 575 5467 super
592 5401 758 5467 sedem
784 5396 1062 5467 maiestatis
1109 5410 1229 5447 sne.
1281 5396 1489 5467 Scimus
1515 5396 1841 5467 certissime.

279 5467 401 5536 quia
426 5464 578 5521 sedes
602 5465 793 5521 Christi
836 5466 1077 5536 homines
1108 5474 1246 5536 sunt.
1278 5464 1404 5519 Cotti
1429 5480 1554 5536 ergo
1576 5464 1642 5517 de
1672 5468 1840 5533 primo

280 5534 506 5590 adventu
544 5545 597 5591 et
642 5549 861 5591 ascensu
884 5534 1081 5588 Christi
1109 5534 1248 5588 dicat
1296 5534 1548 5607 propheta
1576 5577 1589 5598 ,
1643 5536 1845 5591 SCdlaSO

280 5620 399 5674 cum
429 5621 585 5674 super
620 5607 797 5659 sedem
828 5616 1061 5659 sanctam
1087 5616 1232 5658 suam
1256 5644 1269 5667 ,
1306 5605 1403 5658 hoc
1429 5605 1586 5659 modo
1615 5622 1627 5655 :
1664 5608 1847 5661 Arcano

280 5668 351 5727 alit
380 5668 516 5729 Deus
534 5678 586 5728 in
612 5677 836 5743 strepitu,
868 5674 1113 5743 Dominus
1133 5676 1184 5728 in
1208 5688 1324 5729 voce
1369 5676 1532 5729 (abte:
1557 5677 1693 5733 Deus
1714 5674 1847 5730 sedet

277 5748 426 5818 super
442 5745 606 5801 sedem
641 5742 861 5798 sarciam
882 5759 1022 5798 suam
1048 5742 1213 5812 (Psal.
1244 5746 1331 5801 46.
1361 5748 1410 5802 ϐ.
1444 5746 1535 5813 9):
1585 5747 1845 5813 quomodo

599 5840 866 5902 Ρλτιιοι.
913 5840 1027 5900 Gtt.
1076 5840 1233 5902 LVI.

1378 333 1443 390 ΚΝ
1479 328 1881 389 ΜᾹΤΤῙῙᾹΞΗΜ
1924 326 2151 383 "OM"...
2196 325 2326 382 LW.

3388 339 3511 397 ’942

1942 440 2027 495 hic
2052 439 2339 496 secundum
2366 454 2518 495 suum
2542 434 2824 494 adventum
2849 451 3118 507 exponens
3141 478 3159 502 ,
3183 435 3343 499 dicit,
3369 431 3509 490 Tune

1935 511 2122 567 sedebit
2141 526 2299 578 super
2320 509 2485 565 sedent
2509 510 2686 578 gloria:
2709 509 2856 564 sua?
2884 508 2989 565 Sed
3019 507 3139 578 vide
3166 507 3288 576 quia
3315 508 3366 560 itt
3400 508 3509 578 prio

1938 527 2122 567 seaeou
2141 527 2299 578 super
2320 527 2485 565 seaetn
2543 527 2686 564 tome
2709 527 2856 564 sua!
2884 527 2989 565 aea
3019 527 3139 561 Viue
3166 527 3288 576 quia
3315 527 3366 560 Ill
3400 527 3508 575 prio

1938 595 2027 635 mo
2052 581 2278 634 adventu
2306 581 2487 635 sedem
2509 527 2710 637 διε-ἰεῦ
2741 588 2975 634 sanctam
3002 577 3135 633 dixit
3157 617 3173 637 ,
3202 578 3252 630 in
3274 575 3508 631 secundo

1937 660 2111 704 atttcm
2139 650 2442 717 gloriosam.
2466 650 2774 716 Quomodo?
2804 649 2856 702 in
2886 651 3056 720 primo
3096 646 3328 720 adventu
3345 661 3511 720 __tttun-

1936 722 2085 775 davit
2113 715 2209 775 nos
2236 735 2327 787 per
2351 715 2568 775 verbum
2594 761 2609 784 ,
2639 720 2766 773 lavit
2793 715 3099 787 per-aquam
3121 758 3135 781 ,
3166 715 3511 771 sanetilieavit

1938 806 2031 859 per
2050 790 2299 871 Spiritum
2326 807 2339 842 :
2364 791 2414 843 in
2436 789 2669 871 secundo
2686 801 2859 843 autem
2879 788 3308 871 gloriﬁcabitper
3331 800 3509 871 resur-

1938 855 2231 915 rectionem
2261 901 2276 921 ,
2306 875 2425 913 cum
2475 855 2933 914 transformaverit
2970 872 3161 927 corpus
3202 855 3508 927 humilitatis

1939 939 2152 995 nostrae,
2168 941 2223 984 ιιι
2251 930 2341 985 liat
2362 929 2635 985 conformo
2658 930 2870 997 corpori
2898 924 3079 998 gloriae
3105 927 3220 995 ejus
3240 924 3506 1049 ἧΡΙιίιὲρρι

1939 1000 1990 1049 3.
2022 999 2121 1049 2H
2145 1019 2159 1049 :
2182 1015 2301 1049 cum
2347 1000 2590 1049 seminati
2618 1000 2811 1049 fuerint
2839 999 3079 1049 homines
3108 998 3231 1049 inin
3277 998 3506 1049 rmitate.

1936 1000 1990 1054 3.
2022 999 2121 1068 2t)
2145 1019 2159 1054 :
2182 1015 2301 1055 cum
2347 1000 2590 1053 seminati
2618 1000 2811 1055 fuerint
2839 999 3079 1055 homines
3108 998 3158 1068 in
3182 998 3507 1060 inﬁrmitate,

1938 1081 1995 1127 et
2018 1066 2344 1125 surrexerint
2373 1072 2422 1123 in
2445 1070 2613 1139 gloria
2639 1089 2652 1124 :
2684 1085 2804 1123 cum
2831 1068 3073 1123 semiusti
3105 1066 3509 1139 literitttgcorpo-

1939 1141 2113 1203 rales,
2138 1152 2190 1194 et
2218 1136 2543 1195 surrexerint
2571 1140 2869 1207 spirituales
2900 1140 2975 1207 (1.
3004 1138 3121 1192 Cor.
3152 1137 3237 1207 l5.
3268 1137 3355 1207 ιδ.
3386 1136 3509 1207 μμ

1940 1221 2065 1265 tunc
2087 1211 2293 1266 sedebit
2321 1212 2371 1263 in
2398 1211 2525 1265 sede
2543 1205 2724 1280 gloria:
2748 1205 3037 1280 suaicum
3082 1206 3236 1280 sedes
3271 1205 3384 1272 ejus
3416 1205 3515 1258 hoc

1939 1280 2099 1338 modo
2124 1282 2257 1336 facta
2280 1280 2439 1336 fuerit
2460 1276 2709 1351 gloriosa.
2736 1280 2825 1351 524.
2854 1276 2923 1331 Et
2942 1276 3387 1351 congregabantur
3400 1284 3515 1351 eine

1939 1367 2051 1404 eum
2079 1367 2248 1405 omnes
2271 1345 2623 1420 genteszuia
2652 1348 2899 1405 omnibus
2923 1346 3167 1420 gentibus
3196 1345 3512 1409 cognitionis

1938 1435 2049 1475 sure
2070 1417 2290 1490 gratiam
2314 1417 2654 1484 condonavit,
2679 1420 2921 1490 judicans
2942 1418 3085 1487 juste
3111 1417 3162 1490 in
3193 1426 3431 1490 utroque.
3459 1423 3517 1467 ut

1940 1506 2039 1545 nec
2063 1486 2205 1553 boni,
2230 1492 2347 1549 sine
2367 1490 2603 1546 doctrina
2626 1486 2884 1554 veritatis,
2910 1486 3158 1543 bonitatis
3181 1502 3291 1539 sum
3315 1486 3516 1541 fructus

1938 1561 2208 1632 amittant:
2229 1576 2327 1615 nec
2349 1562 2492 1624 mali,
2514 1572 2731 1632 propter
2755 1560 3152 1632 excusationem
3170 1555 3513 1632 ignorantiae,

1939 1630 2290 1701 malitizesuze
2316 1644 2497 1699 poenas
2515 1624 2794 1701 'ell‘ugiant.
2825 1624 2957 1685 Nam
3006 1628 3143 1683 sicut
3170 1624 3404 1701 innecte
3429 1641 3514 1701 re-

1937 1713 2055 1780 rum
2078 1694 2369 1780 faciesnon
2399 1694 2755 1780 apparetfscd
2786 1710 2840 1754 et
2862 1714 3067 1780 gemma
3092 1695 3244 1778 quasi
3273 1694 3405 1763 lapis
3434 1695 3514 1780 vi-

1939 1770 2117 1840 detur,
2153 1781 2205 1824 et
2237 1770 2368 1837 lapis
2395 1770 2544 1840 quasi
2570 1784 2775 1840 gemma
2803 1769 3139 1840 existimatur
3157 1784 3189 1840 :_
3204 1769 3282 1819 sic
3306 1776 3361 1840 et
3388 1773 3514 1818 ante

1938 1838 2227 1895 adventum
2244 1834 2437 1895 Christi
2460 1834 2805 1895 btnn'anorum
2832 1838 3070 1893 cordium
3093 1834 3388 1889 diderentia
3410 1848 3514 1888 non

1938 1910 2246 1982 apparebat,
2273 1910 2366 1964 sed
2382 1919 2450 1982 _et
2487 1910 2607 1963 mali
2634 1910 2784 1982 quasi
2816 1909 2937 1962 boni
2965 1904 3398 1982 sustentabantur
3418 1912 3513 1982 ,ret

1941 1975 2062 2048 boni
2094 1981 2242 2048 quasi
2273 1980 2393 2033 mali
2434 1975 2927 2033 contemnebantnr.
2957 1980 3026 2033 At
3067 1977 3155 2028 ubi
3202 1975 3515 2048 illuminatio

1944 2046 2214 2117 Evangelii
2232 2048 2301 2103 ad
2321 2064 2508 2103 omnes
2534 2060 2717 2117 gentes
2757 2049 3034 2115 pra-dicata
3066 2046 3345 2113 pervenit,
3391 2052 3515 2098 tunc

1939 2116 2271 2174 titanil'estata
2300 2126 2380 2171 est
2416 2116 2639 2188 qualitas
2685 2121 2917 2172 omnium
2968 2116 3295 2188 voluntatum
3321 2154 3336 2175 ,
3382 2124 3509 2166 tunc

1939 2203 2126 2243 omnes
2152 2197 2338 2243 senties
2368 2181 2749 2243 inexcusabilcs
2790 2191 2946 2243 facta:
2974 2197 3113 2241 sunt.
3140 2181 3209 2236 Et
3242 2185 3360 2238 ideo
3386 2192 3513 2236 tune

1936 2253 2179 2328 justead
2195 2258 2455 2327 judicium
2498 2260 2954 2328 eongregabnutur
2982 2271 3167 2328 omnes
3191 2296 3206 2318 ,
3251 2255 3372 2322 quia
3416 2253 3508 2321 qui

1941 2324 2240 2397 mandatum
2282 2324 2797 2397 prmmittitftacite
2832 2329 3082 2397 judicium
3124 2324 3355 2379 futurum
3394 2338 3515 2379 esse

1940 2394 2230 2452 denuntiat.
2261 2394 2405 2470 Tunc
2426 2400 2700 2470 segregaoit
2736 2415 2818 2452 eos
2833 2394 2904 2452 ab
2928 2398 3137 2470 invicem
3156 2436 3170 2455 ,
3199 2397 3515 2470 sicut_segre-

1940 2480 2022 2537 got
2040 2479 2208 2537 pastor
2228 2485 2340 2522 oues
2356 2468 2417 2520 ab
2439 2464 2768 2523 Ita'di's.Tunc
2784 2470 2922 2522 enim
2943 2466 3182 2537 homines
3197 2464 3345 2537 mixti
3369 2473 3490 2537 sunt

1940 2533 1992 2588 et
2020 2533 2123 2591 non
2161 2538 2332 2591 solum
2374 2537 2531 2608 misti
2550 2581 2566 2602 ,
2604 2538 2868 2608 quomodo
2896 2538 2947 2591 in
2977 2536 3168 2608 iisdem,
3197 2534 3327 2587 locis
3356 2533 3489 2608 simu

1942 2617 2324 2660 conversentur
2366 2607 2498 2676 justi
2538 2601 2662 2662 cum
2708 2607 2919 2675 impiis,
2965 2606 3059 2660 sed
3102 2607 3263 2659 etiam
3303 2601 3511 2676 cot_tl_'usi

1942 2686 2084 2739 sunt,
2113 2672 2381 2746 quomodo
2404 2678 2543 2731 inter
2560 2678 2731 2746 justos
2751 2672 2803 2731 ei
2823 2677 3031 2746 impios,
3055 2686 3307 2744 quantum
3327 2672 3397 2746 ad
3422 2672 3514 2746 Ito-

1944 2747 2110 2817 mines
2132 2741 2384 2801 discretio
2423 2762 2528 2817 nou
2561 2741 2797 2817 apparet.
2817 2741 2966 2801 Sicut
2986 2741 3304 2817 inteinpore
3326 2741 3515 2796 hiemis

1944 2815 2080 2869 inter
2110 2818 2306 2870 virides
2332 2826 2385 2870 et
2409 2816 2588 2870 aridas
2614 2815 2832 2871 arbores
2850 2816 3098 2871 discretio
3124 2830 3226 2868 non
3256 2824 3335 2865 cst
3355 2831 3369 2872 ι
3392 2826 3513 2865 cuin

1941 2894 2118 2938 autem
2144 2886 2352 2939 venerit
2382 2896 2585 2953 tempus
2634 2887 2760 2939 illud
2807 2886 3017 2939 beatum
3047 2885 3280 2944 vernale,
3308 2883 3511 2934 discer-

1942 2966 2175 3008 nuntur:
2230 2959 2297 3009 ita
2320 2970 2459 3009 nunc
2489 2958 2841 3024 unusquisque
2862 2955 3147 3009 secundum
3178 2954 3334 3008 ﬁdem
3363 2956 3517 3024 suam

1940 3035 1993 3078 et
2020 3024 2310 3095 secundum
2336 3040 2493 3095 opera
2520 3040 2613 3079 sua
2640 3020 3080 3089 inanilestabitar,
3106 3025 3282 3095 impiis
3300 3020 3511 3095 quidem

1941 3095 2080 3148 milia
2114 3092 2495 3164 proferentibus
2540 3095 2660 3149 l'olia
2681 3136 2697 3159 ,
2731 3095 2928 3149 nullum
2961 3092 3358 3150 ostendentibus
3403 3092 3514 3145 t'ru-

1941 3176 2079 3218 ctum
2104 3184 2115 3217 :
2144 3166 2309 3219 sancti
2334 3178 2506 3219 autem
2529 3175 2582 3219 et
2610 3166 2745 3219 foliis
2762 3166 3049 3220 vestientur
3072 3166 3194 3217 vita:
3216 3170 3515 3223 aeternae.“

1942 3236 2199 3289 fructibus
2228 3237 2587 3291 oneralmntur
2611 3237 2810 3305 gloriae.
2850 3238 2912 3289 Et
2939 3237 3039 3289 hoc
3076 3233 3234 3289 modo
3266 3246 3514 3305 segrega-

1942 3306 2139 3359 buutur
2168 3321 2195 3358 a
2230 3306 2449 3360 Domino
2493 3303 2690 3360 caalesti
2731 3314 2958 3375 pastore.
2990 3305 3055 3359 Et
3092 3314 3270 3373 pastor
3302 3303 3512 3375 quidem

1939 3376 2232 3445 corporalis
2247 3386 2485 3447 segregat
2500 3372 2785 3431 secundum
2804 3386 3017 3430 naturas
3037 3372 3335 3444 corporum,
3363 3372 3515 3447 Chri-

1942 3444 2059 3498 stus
2082 3457 2254 3499 autem
2286 3444 2571 3501 secundum
2601 3462 2794 3514 genera
2824 3446 3117 3501 animarum
3156 3453 3395 3513 segregat
3417 3444 3514 3514 lio-

1943 3514 2133 3569 tnines.
2164 3515 2303 3568 Oves
2322 3526 2442 3568 sunt
2466 3513 2705 3569 homines
2731 3517 2878 3584 justi,
2904 3524 3117 3583 propter
3152 3513 3515 3584 mansuetudi-

1944 3599 2088 3647 nem,
2114 3584 2234 3653 quia
2265 3585 2359 3652 ipsi
2390 3588 2653 3638 neminem
2680 3583 2877 3640 laidunt
2904 3603 2917 3639 :
2950 3594 3162 3652 propter
3192 3583 3513 3651 patientiam,

1943 3656 2063 3723 quia
2092 3670 2211 3707 cum
2238 3656 2305 3707 ab
2323 3654 2440 3707 aliis
2458 3655 2569 3707 knsi
2594 3654 2805 3720 fuerint,
2828 3653 3108 3709 sustinent.
3130 3653 3196 3706 Et
3215 3654 3514 3723 sicutoves,

1943 3721 2155 3792 quando
2197 3726 2424 3791 ligantur
2444 3764 2461 3787 ,
2490 3733 2582 3777 aut
2626 3733 2800 3779 tacent
2825 3764 2838 3785 ,
2866 3734 2956 3777 aut
2976 3725 3025 3776 in
3056 3722 3391 3791 simplicitate
3416 3721 3515 3775 ιη-

1945 3794 2057 3846 lant
2084 3807 2097 3846 :
2129 3793 2206 3847 sic
2234 3802 2288 3846 et
2327 3794 2536 3857 sancti,
2576 3809 2696 3848 cum
2732 3794 3025 3856 laaduntur,
3055 3800 3147 3845 aut
3182 3800 3359 3846 tacent
3381 3831 3395 3849 .
3424 3800 3515 3843 aut

1945 3874 2091 3917 certe
2117 3863 2167 3915 in
2197 3862 2520 3931 benignitate
2547 3864 2748 3932 probati
2778 3905 2793 3930 ,
2830 3877 3015 3931 preces
3061 3862 3513 3932 transmittuntgad

1949 3934 2132 3986 Deum.
2162 3932 2227 3986 Et
2251 3930 2387 3986 sicut
2412 3934 2527 3986 ovis
2550 3930 2621 3986 ad
2652 3930 2875 3988 mortem
2921 3933 3131 3986 ducitur
3150 3972 3165 3990 ,
3192 3940 3247 3984 et
3266 3946 3373 3983 non
3398 3930 3512 3983 cla~

1947 4012 2056 4055 mat
2084 4004 2223 4065 ;vita
2252 4004 2369 4068 ejus
2398 4004 2599 4057 tollitur
2621 4044 2636 4066 ,
2660 4012 2715 4057 et
2744 4002 3091 4056 mansuetudo
3136 4001 3252 4069 ejus
3288 4016 3391 4052 non
3420 4001 3517 4052 im-

1948 4082 2181 4126 mittatur
2210 4090 2222 4123 :
2255 4076 2331 4126 sic
2360 4083 2415 4126 et
2440 4074 2607 4126 sancti
2632 4072 3050 4138 maledicuntur,
3080 4079 3137 4125 et
3160 4086 3263 4124 non
3292 4070 3515 4124 remale-

1948 4140 2166 4194 dicnnt:
2221 4144 2617 4208 percutiuntur,
2665 4151 2721 4197 et
2764 4159 2869 4196 non
2916 4139 3514 4210 repercutiuntsbona

1949 4226 2131 4265 eorum
2154 4211 2495 4279 diripiuntur,
2523 4221 2577 4266 et
2606 4212 2677 4264 illi
2706 4228 2811 4266 non
2840 4208 3242 4265 contradicunt:
3272 4208 3514 4263 dolorem

1950 4282 2204 4351 sentiunt,
2226 4290 2280 4334 et
2304 4282 2588 4336 clamorem
2616 4296 2721 4337 non
2746 4283 3011 4335 entittunt.
3041 4282 3107 4335 Et
3128 4280 3255 4351 quid
3284 4292 3416 4351 opus
3434 4288 3515 4351 est

1949 4350 2287 4420 clamoribus,
2304 4366 2425 4405 cum
2449 4352 2536 4405 ille
2552 4351 2639 4420 qui
2667 4361 2837 4415 nocet,
2864 4367 2968 4404 non
2985 4349 3282 4415 miseretur,
3308 4349 3514 4404 etiamsi

1950 4418 2302 4473 clamaveris?
2326 4421 2415 4475 ille
2439 4418 2613 4474 autem
2641 4422 2727 4489 qui
2756 4422 3054 4474 misericors
3079 4430 3179 4484 est,
3210 4421 3511 4486 miseretur,

1949 4489 2155 4541 etiamsi
2182 4504 2285 4542 non
2308 4489 2641 4553 clamaveris,
2665 4492 2808 4545 audit
2836 4499 2891 4546 et
2913 4490 3093 4545 videt?
3120 4489 3308 4543 Hzedos
3336 4498 3512 4543 autem

1953 4560 2195 4631 homines
2242 4569 2549 4631 peccatores
2573 4560 2700 4631 dicit
2724 4602 2740 4625 ,
2770 4565 2891 4631 quia
2918 4561 2970 4615 in
3000 4560 3174 4630 capris
3203 4560 3514 4613 naturaliter

1954 4629 2069 4699 haec
2087 4630 2276 4699 insunt
2297 4630 2418 4683 vitia
2450 4647 2464 4683 :
2492 4629 2656 4683 libido
2684 4629 2800 4699 pne
2819 4631 3025 4685 ceteris
3046 4629 3362 4684 animalibus
3380 4670 3395 4693 ,
3419 4644 3481 4683 su

1950 4697 2154 4770 perbia,
2185 4699 2319 4770 rixa.
2351 4700 2573 4770 Semper
2599 4697 2738 4753 enim
2769 4715 2825 4755 se
2854 4700 3207 4770 percutientes
3228 4699 3479 4753 incedunt

1950 4778 2003 4851 et
2021 4768 2178 4850 modo
2200 4768 2704 4851 bumcropnl‘sante,
2726 4768 3171 4851 interdumcornu
3193 4771 3506 4851 percutiunt.

1953 4838 2084 4893 Item
2130 4839 2293 4894 invidi
2336 4837 2706 4895 sibi‘alterutri
2770 4840 3037 4894 invident:
3077 4837 3217 4893 sicui
3252 4837 3512 4907 signiﬁcat

1949 4908 2200 4963 Salomon
2241 4910 2309 4964 de
2337 4907 2525 4963 invidis
2544 4950 2559 4973 ,
2585 4908 2768 4964 dicens
2793 4928 2806 4963 :
2839 4910 2985 4964 Sicut
3026 4925 3216 4975 capra,
3241 4908 3313 4961 sic
3332 4907 3512 4975 aspicit

1950 4979 2151 5032 ruinam
2193 4979 2409 5050 proximi
2468 4979 2565 5050 sui
2594 4976 2786 5050 (Eccle.
2818 4980 2903 5033 Η.
2934 4979 3047 5047 32).
3088 4976 3214 5050 Item
3253 4977 3509 5050 jactantes

1949 5064 2073 5103 sunt
2099 5057 2151 5101 et
2144 5046 2460 5119 jloriantes
2480 5088 2496 5111 ,
2526 5046 2662 5102 sicut
2687 5050 2824 5105 idem
2852 5046 3111 5119 signiﬁcat
3135 5048 3401 5119 Salomon,
3428 5046 3509 5119 di-

1949 5132 2108 5171 cens:
2141 5116 2261 5171 Tria
2296 5128 2429 5181 sunt,
2456 5134 2566 5187 qua:
2592 5120 2828 5171 securiter
2850 5116 3143 5181 ambulant,
3182 5116 3258 5171 leo
3285 5118 3413 5170 inter
3422 5116 3512 5186 ju-

1950 5193 2135 5259 inqua,
2157 5189 2322 5259 gallus
2340 5189 2466 5241 inter
2488 5188 2732 5259 gallinas,
2759 5198 2806 5240 et
2831 5188 2999 5242 hircus
3016 5187 3513 5259 precedenseapras

1950 5260 1967 5325 (
2003 5254 2279 5338 Ρνοοςὸθ.
2307 5254 2689 5382 ἓΩ-ὅιὶὲιιεηι
2727 5273 2902 5329 capra
2959 5254 3178 5313 multum
3231 5257 3511 5315 trahuntur

1954 5336 2379 5382 concupiscentia
2424 5345 2489 5382 au
2564 5367 2579 5381 .
2627 5327 2853 5382 Pronter
2876 5328 3048 5382 aulam
3092 5343 3319 5382 namque
3358 5341 3511 5382 suam

1954 5327 2379 5397 concupiscentia
2424 5327 2579 5399 gulze.
2627 5327 2853 5399 Propter
2876 5328 3048 5399 gulam
3092 5343 3319 5397 namque
3358 5341 3511 5399 suam

1951 5411 2045 5467 per
2066 5411 2189 5449 saxa
2228 5409 2283 5468 et
2312 5397 2595 5468 prmcipitia
2614 5397 2922 5462 ambulant,
2953 5407 3006 5452 et
3031 5413 3192 5466 super
3213 5397 3505 5465 praecipitia

1952 5464 2010 5537 se
2034 5464 2524 5537 suspendunt.gltein
2552 5467 2867 5522 clamoribus
2892 5483 3049 5536 super
3067 5464 3241 5522 omnia
3262 5464 3504 5537 garrula.

1954 5536 2009 5608 ln
2057 5536 2301 5608 onmibus
2344 5535 2425 5608 his
2454 5537 2600 5608 _vitiis
2628 5548 2931 5608 peccatores
2961 5535 3232 5592 abundant
3255 5535 3281 5598 ,ἡ
3300 5550 3354 5592 et
3382 5538 3504 5593 ideo

1954 5600 2265 5677 inedissunt
2288 5606 2577 5677 assimilati.
2596 5600 2781 5677 A'dliuc
2798 5622 3003 5677 qurere,
3020 5623 3182 5677 quare
3201 5625 3304 5662 non
3320 5622 3502 5665 comm

1954 5671 2156 5749 similes
2177 5671 2911 5749 introduxitptates,dicens
2940 5695 2954 5729 :
2982 5671 3057 5732 ita
3085 5678 3348 5749 separabit
3377 5696 3495 5745 eos,

1954 5748 2087 5804 sicut
2115 5761 2241 5801 oves
2270 5745 2337 5800 ab
2362 5744 2521 5803 hircis
2549 5764 2562 5801 :
2592 5758 2680 5803 aut
2706 5748 2798 5811 ita,
2828 5746 2975 5804 Sicut
3007 5744 3173 5817 agnos
3197 5750 3263 5806 ab
3293 5744 3495 5811 hardis?

3059 5835 3134 5899 lt8
