4128 6494
552 494 664 550 943

546 600 648 655 Sed
681 598 851 656 \idete
877 596 1137 665 quomodo
1164 595 1341 648 volens
1367 598 1645 650 ostendere
1665 639 1677 660 ,
1706 607 1915 651 sanctos
1939 597 2110 666 perfe—

548 680 662 723 rtus
681 670 729 722 in
752 670 1017 735 omnibus,
1038 667 1306 737 ponendos
1323 667 1385 719 ad
1407 666 1706 737 dexteram:
1726 676 1778 721 et
1799 668 1984 736 impios
2005 683 2113 721 om~

549 741 674 792 nino
702 736 1087 802 infructuosos,
1119 737 1182 791 ad
1209 736 1480 790 sinistram
1505 753 1516 787 :
1552 736 1669 790 ideo
1693 750 1924 802 sanctos,
1949 752 2107 792 oves:

549 810 740 875 impios
792 821 965 863 atucm
1008 807 1192 888 haedos
1232 811 1460 888 vocavit.
1505 807 1780 888 Quomodo
1822 809 1978 888 agni,
2007 811 2109 888 etsi

549 891 733 932 natura
765 878 1018 932 mansueti
1046 887 1206 942 sunt,
1237 877 1410 930 tanien
1443 891 1545 930 non
1595 886 1716 930 sunt
1762 879 1978 932 omnino
2003 877 2111 932 fru-

550 949 718 1003 ctiferi
749 959 959 1017 propter
986 958 1195 1002 aetatem
1220 965 1231 998 :
1263 948 1484 1002 fruCtum
1508 948 1648 1001 enim
1687 947 1858 1002 adhuc
1887 964 1990 1000 non
2019 949 2112 1000 ha-

551 1021 675 1072 bent
696 1019 842 1072 lactis
868 1029 918 1071 et
947 1018 1099 1071 laute.
1135 1017 1261 1087 Item
1289 1032 1460 1086 capra:
1484 1017 1583 1072 etsi
1613 1018 1855 1087 maligna:
1898 1029 2019 1071 sunt
2046 1033 2111 1072 ex

551 1102 733 1142 natura
761 1130 773 1150 ,
803 1097 978 1141 tamen
1007 1103 1072 1141 ex
1109 1086 1281 1154 aliqua
1323 1098 1470 1155 parte
1512 1086 1797 1142 fructifera:
1852 1099 1974 1142 sunt
2018 1105 2112 1158 per

550 1167 757 1214 aetatem
783 1176 796 1221 ;
827 1158 975 1211 laetis
1001 1158 1140 1211 enim
1170 1158 1574 1211 abundantiores
1604 1158 1859 1212 exhibent
1883 1158 2104 1212 fructos.

549 1229 694 1282 llzedi
721 1238 894 1281 autem
924 1237 976 1281 et
1002 1227 1124 1280 mali
1151 1237 1354 1281 suntex
1381 1237 1563 1280 natura
1585 1267 1599 1290 ,
1621 1236 1673 1280 et
1699 1230 1915 1281 omnino
1947 1229 2114 1282 infru-

548 1300 719 1352 ctuosi
744 1306 866 1352 sunt
890 1313 954 1351 ex
981 1307 1152 1351 aetate.
1181 1297 1272 1351 '53.
1315 1296 1378 1350 Et
1413 1307 1592 1349 statuet
1618 1313 1729 1351 oves
1763 1300 1829 1349 ad
1859 1298 2111 1352 dexteram

551 1385 720 1433 suam,
754 1369 922 1422 htedos
949 1378 1114 1420 autem
1138 1368 1205 1419 ad
1231 1367 1502 1420 sinistram.
1533 1366 1751 1437 Quando
1771 1369 1959 1437 aliquis
1987 1379 2109 1424 ante

550 1448 893 1509 conspectum
939 1437 1194 1509 regisaut
1233 1437 1442 1509 judicis
1471 1436 1820 1509 introducitur
1844 1436 1952 1500 [ex
1996 1441 2111 1508 ipso

551 1510 671 1562 loco
688 1507 709 1571 θ,
742 1509 827 1561 ubi
857 1518 996 1561 stare
1015 1507 1248 1575 iubetur.
1282 1507 1560 1574 intelligit,
1593 1509 1634 1560 si
1665 1518 1876 1576 propter
1916 1507 2108 1563 bonum

551 1578 881 1632 introductus
906 1588 1007 1642 est,
1039 1586 1128 1630 aut
1157 1586 1374 1645 pr0pter
1397 1577 1611 1630 malum.
1642 1577 1696 1630 Si
1724 1578 1861 1630 enim
1893 1588 2112 1648 propter

549 1651 766 1714 bonum,
785 1648 958 1701 statim
979 1656 1194 1700 vocatur
1216 1649 1266 1699 in
1293 1647 1531 1714 proximo
1553 1666 1564 1699 ε
1586 1649 1628 1699 si
1650 1659 1864 1716 propter
1890 1647 2107 1712 malum,

551 1718 708 1788 longe
738 1727 880 1772 stare
906 1718 1119 1788 jubetur
1146 1735 1156 1768 :
1187 1718 1264 1769 sic
1289 1724 1342 1769 ct
1363 1717 1513 1780 istos,
1546 1717 1680 1771 Deus
1705 1717 1877 1788 justos
1899 1719 2106 1787 quidem

551 1790 616 1842 ad
639 1789 876 1842 dextram
907 1787 1220 1849 constituet,
1257 1795 1310 1839 et
1355 1796 1660 1854 peccatores
1702 1787 1765 1840 ad
1802 1788 2106 1842 sinistram:

551 1869 612 1911 ut
656 1858 1011 1924 unusquisque
1054 1857 1360 1910 meritorum
1406 1870 1620 1909 suorum
1663 1858 2016 1911 conditionem
2045 1875 2109 1911 ex

551 1929 715 1994 ipsius
741 1928 838 1982 loci
865 1928 1111 1996 qualitate
1137 1934 1450 1996 cognoscat,
1473 1935 1526 1978 et
1555 1935 1675 1996 ante
1693 1926 1871 1993 judicii
1900 1937 2112 1981 senten-

550 1999 677 2051 tiain
707 2012 911 2065 poenam
949 1996 1274 2050 confusionis
1321 1995 1563 2063 excipiat.
1608 1995 1791 2048 Merito
1820 1997 1990 2064 justos
2037 1998 2100 2051 ad

551 2067 790 2120 dextram
815 2067 1071 2127 collocat,
1098 2067 1219 2134 quia
1245 2079 1526 2134 numquam
1570 2077 1928 2131 cognoverunt
1977 2068 2109 2122 sini-

550 2145 712 2190 stram
730 2155 742 2191 :
760 2137 947 2191 merito
973 2136 1163 2205 impios
1181 2135 1245 2188 ad
1271 2136 1556 2196 sinistram,
1575 2137 1995 2205 quianumquam
2017 2153 2107 2190 co-

551 2221 806 2274 gnoscere
833 2203 1110 2258 voluerunt
1136 2204 1407 2274 desieram
1430 2203 1653 2274 partem.
1688 2203 1802 2258 Vias
1830 2203 1978 2268 enim,
2003 2225 2112 2274 qua:

550 2272 583 2329 ἆ
614 2278 800 2330 dextris
823 2284 976 2340 sunt,
1021 2276 1156 2328 novit
1201 2272 1446 2327 Dominus
1470 2291 1487 2337 ;
1517 2291 1755 2336 perversae
1788 2287 1950 2329 autent
1972 2272 2106 2343 sunt,

553 2361 668 2415 qua
692 2363 724 2399 a
749 2347 961 2398 sinistris
985 2354 1101 2397 sunt
1151 2343 1330 2412 (Prov.
1355 2344 1406 2396 4.
1433 2344 1549 2413 27).
1580 2345 1714 2398 Ecce
1757 2347 1896 2399 enim
1923 2389 1937 2412 ,
1971 2349 2013 2399 si
2055 2359 2108 2402 tu

551 2417 813 2470 consistas
850 2415 901 2468 in
944 2415 1152 2482 publico
1197 2417 1395 2483 pariter
1422 2429 1541 2467 cum
1587 2415 1782 2480 amico,
1813 2426 1864 2469 et
1890 2419 2110 2473 veniens

554 2486 745 2555 aliquis
775 2484 922 2537 illum
944 2485 1135 2538 salutet
1157 2525 1172 2543 .
1204 2493 1257 2537 et
1284 2495 1336 2536 te
1360 2493 1662 2537 contemnat
1687 2525 1700 2546 ,
1735 2496 1825 2538 attt
1854 2501 2109 2555 separans

553 2555 698 2610 illum
721 2572 747 2607 a
776 2563 846 2618 te,
866 2570 982 2607 cum
1013 2555 1100 2606 illo
1126 2555 1386 2622 loquatur,
1413 2566 1501 2606 aut
1530 2555 1850 2609 familiariter
1873 2572 1990 2610 cum
2022 2559 2112 2612 illo

557 2625 787 2696 iocetur:
815 2638 988 2677 nonne
1011 2636 1064 2677 ιιι
1094 2625 1305 2696 relicuis
1327 2623 1494 2696 solus,
1520 2633 1628 2696 stas
1651 2627 1916 2696 aporiartus
1941 2629 1990 2680 in
2020 2646 2112 2696 pu-

594 2696 727 2756 lico,
770 2703 823 2748 et
864 2695 1159 2762 graviorem
1215 2694 1481 2748 existimas
1529 2693 1672 2746 illam
1716 2693 2109 2763 confusionem,

593 2780 708 2818 nam
739 2773 958 2817 mortem
981 2763 1003 2816 ?
1028 2766 1087 2817 lit
1107 2763 1372 2832 quomodo
1401 2773 1553 2832 putas
1578 2764 1764 2830 impios
1789 2768 2114 2821 confunden-

593 2780 708 2818 uani
739 2779 958 2817 mortem
982 2779 1003 2816 !
1028 2779 1087 2817 tat
1107 2779 1372 2832 qunmooo
1401 2779 1553 2832 potas
1578 2779 1764 2830 impios
1789 2779 2112 2821 Conluudeu-

552 2779 650 2887 ﬂos
682 2835 730 2887 in
761 2835 845 2887 die
879 2833 1056 2900 judicii
1082 2875 1095 2895 ,
1142 2833 1351 2905 quando
1373 2844 1502 2905 ante
1529 2844 1866 2905 conspectum
1897 2839 2112 2905 angelo-

555 2919 694 2966 rum,
723 2906 1004 2972 segregans
1035 2905 1212 2969 jnstis,
1255 2902 1446 2972 fuerint
1475 2902 1754 2956 derelicti?
1784 2902 1991 2969 Nonne,
2015 2910 2112 2962 etsi

555 2973 683 3026 nihil
716 2971 930 3026 ulterius
959 2983 1277 3040 paterentur,
1307 2971 1390 3023 illa
1418 2972 1528 3024 sola
1561 2975 1873 3028 verecundia
1907 2977 2113 3031 suflice-

554 3055 634 3096 ret
660 3044 737 3098 eis
763 3044 826 3096 ad
878 3043 1129 3112 ptenain?
1174 3041 1458 3112 Apostolus
1507 3050 1681 3095 autem
1727 3043 1851 3096 dicit
1901 3055 2110 3101 sanctos

553 3114 656 3186 iam
687 3111 972 3168 collocatos
1001 3128 1118 3166 esse
1147 3113 1212 3186 ad
1256 3111 1527 3186 dexteram
1566 3113 1774 3186 virtutis
1807 3129 1899 3186 per
1925 3132 2112 3169 ascen-

555 3181 759 3237 sionem
785 3195 836 3236 et
862 3185 1150 3253 sessiOncm
1176 3181 1379 3235 Domini
1397 3181 1901 3252 Salvatorisus'phes.
1926 3187 1975 3238 1.
1993 3187 2108 3253 20).

555 3253 684 3307 Nam
729 3254 863 3308 sicut
889 3252 940 3306 in
962 3267 1121 3306 carne
1150 3267 1240 3304 sua
1289 3266 1499 3304 omnem
1515 3267 1738 3322 carnem
1767 3257 2028 3322 suscepit.
2062 3252 2115 3310 et

555 3322 836 3377 crucifixus
880 3338 1089 3376 omnem
1115 3335 1328 3375 carnem
1355 3320 1616 3374 crucifixit
1643 3323 1692 3376 in
1723 3338 1780 3375 se
1803 3364 1817 3385 ,
1857 3320 2116 3379 ct’resur-

555 3407 684 3460 gens
707 3408 915 3446 onmem
957 3393 1285 3446 resuscitavit
1305 3391 1356 3442 in
1382 3404 1474 3444 se:
1505 3392 1581 3444 sic
1606 3392 1912 3451 ascendens.
1945 3406 1997 3449 et
2026 3413 2111 3449 se—

555 3464 688 3515 dens
715 3462 778 3515 ad
799 3462 1068 3516 dexteram
1094 3462 1204 3525 Dei,
1228 3474 1411 3514 omnes
1434 3460 1500 3513 ad
1525 3461 1792 3514 dexteram
1814 3463 2109 3520 collocavit.

556 3532 828 3599 Quomodo
856 3532 940 3585 hic
965 3532 1111 3595 dicit,
1143 3532 1261 3598 quia
1293 3538 1416 3582 tunc
1445 3541 1639 3584 statuet
1663 3545 1788 3586 oves
1814 3534 2024 3599 quidem
2046 3537 2111 3589 ad

555 3605 844 3666 dexteram,
880 3601 1057 3673 bardos
1073 3611 1256 3673 autem
1284 3599 1350 3652 ad
1379 3601 1643 3673 sinistram
1667 3601 1689 3654 ?
1718 3601 1820 3673 Sed
1849 3603 1966 3657 vide
1992 3606 2112 3673 quia

556 3685 695 3726 nunc
717 3686 812 3742 nos
832 3671 1109 3724 collocavit
1129 3670 1192 3722 ad
1214 3669 1504 3734 dexteram,
1524 3671 1589 3723 ad
1611 3672 1865 3738 agendum
1893 3688 1972 3735 ea,
1997 3669 2114 3742 quae

557 3749 681 3793 sunt
708 3741 939 3793 dexterae
969 3742 1129 3807 partis
1160 3757 1173 3792 :
1206 3749 1385 3806 poStea
1414 3750 1586 3791 autem
1616 3750 1811 3794 statuet
1836 3743 1898 3795 ad
1931 3741 2112 3796 deste-

556 3825 667 3864 ram
696 3823 844 3863 suam
865 3851 879 3872 ,
907 3808 1442 3880 adconrcgnandum.
1474 3810 1561 3862 34.
1586 3808 1727 3862 Tunc
1751 3812 1877 3864 dicet
1902 3811 2003 3864 illis
2031 3815 2115 3880 qui

554 3881 623 3932 ad
651 3879 919 3933 dexteram.
952 3879 1016 3933 Et
1045 3894 1207 3948 quare
1235 3895 1336 3931 non
1366 3880 1470 3930 illis
1499 3890 1637 3942 ante,
1672 3885 1762 3947 qui
1791 3891 1912 3933 sunt
1935 3882 1998 3934 ad
2040 3879 2112 3935 Si-

555 3951 775 4004 nistram
797 3950 821 4001 ?
847 3950 976 4014 Quia
1008 3950 1237 4019 paratior
1280 3948 1528 4019 estDeus
1552 3963 1763 4019 semper
1800 3950 1863 4004 ad
1898 3951 2111 4006 benefa-

554 4020 802 4074 ciendqu
828 4059 843 4081 ,
875 4017 1027 4087 quam
1057 4019 1122 4072 ad
1153 4017 1606 4072 malefaciendum.
1635 4017 1765 4073 Nam
1791 4019 1926 4073 bona
1964 4020 2115 4077 bonis

556 4089 844 4144 secundum
869 4091 1190 4157 propositum
1220 4102 1371 4142 suum
1395 4096 1627 4155 prazstat,
1658 4091 1779 4157 quia
1806 4090 1973 4144 bonus
2003 4101 2112 4146 est:

555 4161 708 4212 tnalis
738 4171 910 4211 autem
959 4160 1093 4211 mala
1125 4165 1308 4212 contra
1350 4158 1675 4225 propositum
1701 4158 2005 4213 suumfacit
2034 4161 2117 4213 in-

555 4230 692 4282 vitus
718 4269 733 4293 ,
768 4229 888 4298 quia
911 4229 1070 4296 judex
1101 4237 1198 4281 est.
1228 4227 1483 4296 Quicquid
1527 4237 1705 4298 auten:
1747 4228 1906 4282 homo
1934 4240 2116 4284 contra

555 4297 794 4352 naturam
833 4314 981 4352 suam
1025 4299 1168 4367 agit,
1220 4297 1414 4366 pigrius
1456 4297 1579 4363 agit.
1611 4298 1667 4351 Si
1697 4299 1837 4351 enim
1877 4297 2119 4353 Christus

556 4369 909 4423 delectaretur
939 4369 990 4422 in
1019 4384 1169 4435 pa'iia
1193 4377 1549 4437 peccatorum,
1579 4383 1861 4436 numquam
1886 4371 2116 4437 scipsum

558 4454 655 4507 pro
685 4434 1049 4508 peccatoribus
1079 4434 1395 4491 tradidisset.
1437 4434 1628 4503 Venite,
1662 4434 1848 4505 inquit,
1880 4434 2120 4492 benedicti

557 4511 729 4562 Patris
770 4510 900 4560 mei:
929 4508 1172 4577 possidete
1202 4517 1431 4576 paratum
1478 4510 1611 4560 vobis
1637 4524 1843 4577 regnum
1870 4525 1901 4558 a
1929 4511 2118 4562 consti-

557 4581 745 4630 tutione
766 4576 955 4630 mundi.
988 4579 1117 4644 Quia
1144 4577 1365 4631 dedistis
1400 4592 1517 4646 quae
1544 4576 1754 4648 semper
1796 4576 1992 4633 habere
2015 4594 2118 4634 non

556 4649 829 4717 poteratis,
855 4649 1072 4716 recipite
1096 4663 1211 4715 qua:
1238 4648 1290 4700 in
1316 4658 1623 4718 perpetuum
1655 4648 1986 4716 possidentis.
2011 4649 2120 4703 ble-

555 4719 663 4770 rito
686 4719 990 4786 centuplum
1016 4733 1174 4786 super
1198 4717 1417 4781 cadum,
1436 4718 1524 4787 qui
1551 4733 1714 4771 unum
1739 4719 2043 4773 seminastis
2064 4720 2116 4772 in

560 4795 721 4840 terra.
755 4787 869 4841 Non
923 4789 1064 4842 enim
1108 4797 1359 4856 quantum
1401 4787 1601 4856 justitia
1637 4789 1909 4841 hominum
1945 4797 2118 4856 potest

558 4858 774 4928 mereri,
807 4858 906 4912 tale
926 4866 1163 4913 creatum
1194 4867 1275 4910 est
1296 4870 1516 4928 regnum
1542 4858 1789 4911 calorum
1814 4874 1827 4911 :
1854 4859 1944 4911 sed
1967 4859 2120 4928 quale

556 4926 651 4980 Dei
681 4929 847 4980 virtus
872 4928 1044 4996 potuit
1086 4934 1406 4997 praipararc.
1451 4926 1507 4981 Si
1537 4929 1677 4982 enim
1707 4926 1999 4982 secundum
2025 4944 2121 4982 an-

557 4997 754 5065 gustias
779 4997 1018 5066 humana:
1041 4999 1258 5066 iustitia:
1285 5011 1503 5064 regnum
1532 4998 1778 5051 caelorum
1820 5012 2001 5052 creare
2025 5015 2120 5052 vo-

558 5063 775 5131 luisset,
805 5069 983 5136 utique
1013 5063 1130 5136 post
1173 5083 1333 5136 opera
1352 5063 1634 5121 hominum
1678 5067 1804 5121 illud
1845 5078 2118 5123 creasset:

561 5151 703 5190 nunc
732 5147 904 5190 autem
932 5177 947 5200 ,
984 5139 1229 5203 quoniam
1256 5153 1358 5192 non
1390 5137 1678 5193 secundum
1704 5137 2000 5191 mercedem
2029 5138 2125 5191 bo-

556 5208 801 5277 minum,
839 5209 932 5261 sed
967 5208 1254 5261 secundum
1300 5224 1448 5262 suam
1503 5209 1796 5277 largitatem
1846 5209 2123 5262 constituit

558 5276 859 5332 mercedem
888 5286 1190 5331 sanctorum
1229 5296 1241 5330 :
1289 5280 1408 5334 ideo
1435 5276 1713 5347 antequam
1742 5287 1952 5330 sanctos
1976 5291 2124 5330 crea-

558 5357 638 5418 ret
683 5349 736 5401 in
777 5348 990 5412 smculo,
1024 5363 1240 5417 regnum
1270 5351 1519 5402 etclorum
1550 5349 1863 5418 praeparavit
1893 5351 1940 5418 in
1969 5348 2121 5401 caelo.

564 5417 852 5487 PrOpterca
894 5427 948 5470 et
989 5416 1122 5486 quos
1151 5429 1272 5471 ante
1315 5416 1742 5472 constitutionem
1775 5416 1951 5470 mundi
1995 5433 2120 5471 suos

557 5501 677 5558 resse
699 5490 990 5558 cognoscit,
1017 5489 1174 5541 tantis
1201 5503 1293 5541 eos
1317 5489 1583 5541 laboribus
1604 5496 1811 5553 onerat,
1845 5497 1893 5541 et
1926 5488 2124 5542 tamdiu

564 5557 806 5612 laborare
838 5558 979 5623 facit,
1004 5558 1175 5612 donec
1201 5559 1340 5627 digni
1369 5558 1660 5611 efficiantur
1691 5573 1852 5627 regno
1886 5559 2078 5611 caelesti
2106 5597 2121 5610 .

561 5628 684 5696 quia
726 5644 828 5681 non
864 5628 1150 5682 secundum
1198 5629 1552 5682 tuodicitatem
1593 5628 1859 5681 hominum
1902 5643 2122 5698 regnum

564 5698 653 5750 Dei
693 5699 1026 5764 exinanitnr,
1071 5698 1163 5753 sed
1207 5699 1491 5753 secundum
1534 5700 1940 5767 magnitudinem
1979 5699 2125 5766 regni

561 5767 807 5822 homines
825 5770 1185 5828 sublevantur.
1211 5771 1298 5824 35.
1324 5767 1526 5821 Esurivi
1553 5770 1702 5831 enim,
1720 5779 1763 5820 ct
1782 5770 1983 5822 dedistis
2004 5769 2125 5820 milii

561 5840 886 5903 manducare,
905 5849 957 5920 et
986 5852 1310 5920 czeteraqute
1333 5849 1644 5920 sequuntur.
1667 5837 1829 5892 ltodie
1857 5840 1900 5891 si
1925 5840 2127 5920 amicus

561 5918 703 5976 tuus,
729 5920 820 5964 aut
851 5909 1070 5965 colonus
1091 5951 1106 5974 ,
1138 5911 1349 5978 aliquod
1390 5909 1484 5966 tibi
1507 5909 1693 5966 otl'erat
1731 5923 1953 5973 munus,
1981 5909 2126 5964 verbi

1487 488 1659 545 OPUS
1699 487 2176 545 lMPERFECTlZM
2216 492 2279 546 lN
2321 490 2737 547 MATTH/Eliil.

3673 515 3789 567 944

2219 601 2384 673 gratia
2408 641 2421 661 ,
2454 601 2672 673 aliquod
2693 599 3081 673 vestimentum
3115 618 3136 673 εγ
3172 609 3224 655 tu
3265 609 3441 656 autem
3482 603 3786 673 despiciens

2221 667 2369 730 illud,
2401 684 2465 722 eo
2491 667 2605 738 ipso
2627 670 2868 735 vidente,
2897 669 2992 725 des
3013 669 3140 724 illud
3187 674 3276 727 uni
3307 689 3368 726 ex
3393 667 3788 728 circumstanti.

2218 739 2314 792 lius
2341 739 2432 792 tibi
2458 741 2624 793 servis
2649 781 2665 806 ,
2696 756 2870 794 nonne
2902 756 3093 794 munus
3120 742 3372 797 vilescere
3392 743 3542 806 facis,
3570 755 3624 798 et
3651 761 3786 799 con-

2219 809 2393 883 {undis
2412 811 2641 883 graviter
2664 811 2972 883 offerentem
2996 811 3016 861 ?
3041 811 3093 866 Si
3121 827 3247 865 vero
3274 814 3568 883 suscipiens
3589 832 3789 869 munus

2219 879 2376 944 illius,
2422 879 2596 933 Statim
2621 882 2857 934 vestieris
2886 890 2956 944 te,
2979 889 3032 933 et
3059 881 3379 949 processeris
3404 879 3523 936 eum
3553 886 3667 948 ipso
3696 902 3788 939 ve-

2217 950 2486 1015 su'mento,
2507 951 2809 1019 niagniticas
2827 965 3036 1013 munus,
3058 961 3108 1004 et
3130 953 3284 1005 nimis
3301 952 3533 1006 la:tilicas
3552 955 3791 1008 offeren-

2222 1030 2344 1093 tem.
2372 1020 2549 1080 Putas,
2581 1030 2776 1093 quanto
2801 1021 2990 1089 gaudio
3017 1022 3338 1093 extolluntur
3363 1024 3547 1093 sancti,
3569 1026 3791 1093 quando

2221 1091 2270 1142 in
2303 1099 2586 1159 conspectu
2618 1092 2852 1144 omnium
2883 1090 3212 1158 angelorum,
3244 1092 3382 1158 quod
3415 1090 3651 1147 fecerunt
3682 1097 3757 1148 ho

2218 1160 2465 1220 minibus,
2498 1160 2608 1226 ipse
2631 1161 2886 1213 Dominus
2915 1160 3106 1213 fatetur
3125 1176 3182 1214 se
3207 1163 3514 1228 accepisse?
3536 1164 3651 1218 lam
3678 1167 3792 1217 tale

2216 1230 2423 1283 videtur
2450 1245 2582 1301 opus
2605 1245 2808 1294 eorum,
2839 1245 2942 1283 non
2971 1231 3125 1298 quale
3150 1231 3327 1301 datum
3357 1242 3435 1285 est
3453 1273 3467 1292 ,
3495 1234 3585 1287 sed
3609 1238 3788 1301 qualis

2217 1313 2441 1368 persona
2486 1299 2624 1352 illius
2666 1301 2754 1368 qui
2785 1301 3010 1366 accepit.
3057 1301 3143 1354 37.
3174 1299 3317 1353 Tunc
3345 1299 3708 1364 respondebunt
3743 1323 3791 1357 es

2210 1369 2335 1434 justi
2361 1370 2575 1442 dicentes
2600 1385 2619 1442 _:
2649 1368 2890 1430 Domine,
2916 1371 3005 1423 38.
3035 1370 3235 1442 quando
3280 1380 3325 1422 te
3366 1371 3576 1426 vidimus
3604 1375 3788 1442 hospi—

2218 1449 2335 1510 tem,
2362 1449 2408 1510 et
2432 1440 2719 1508 collegimus
2747 1451 2831 1491 te:
2863 1451 2944 1490 aut
2974 1441 3162 1492 nudum
3192 1481 3206 1503 ,
3234 1449 3280 1493 et
3317 1444 3663 1510 coeperuimus
3692 1440 3742 1495 te
3769 1445 3795 1494 .’

2221 1509 2435 1574 Quando
2459 1519 2624 1562 autem
2647 1519 2693 1561 te
2722 1510 2933 1561 vidimus
2964 1511 3254 1562 esurientem
3275 1552 3287 1571 ,
3322 1521 3367 1562 et
3406 1513 3668 1577 ponimus:
3695 1524 3793 1564 aut

2215 1580 2457 1631 sitientem
2481 1619 2496 1644 ,
2521 1591 2568 1631 et
2596 1580 2911 1647 potavimus?
2939 1579 3006 1633 59
3080 1578 3293 1642 Quando
3322 1591 3368 1632 te
3406 1582 3615 1634 vidimus
3643 1584 3792 1648 inﬁr-

2217 1665 2354 1701 mum
2377 1689 2390 1707 ,
2419 1658 2506 1700 aut
2544 1649 2595 1700 in
2620 1665 2817 1701 carcere
2834 1690 2848 1712 ,
2875 1659 2919 1701 et
2947 1650 3168 1701 venimus
3193 1651 3260 1701 ad
3285 1651 3373 1703 te?
3398 1651 3443 1704 Ο
3475 1651 3746 1704 humilitas
3771 1693 3786 1711 .

2215 1732 2445 1788 quorum
2467 1733 2562 1772 nec
2590 1727 2708 1788 post
2728 1730 2946 1772 mortem
2971 1718 3180 1788 delicict
3207 1720 3218 1771 !
3255 1720 3419 1772 llomo
3446 1721 3587 1775 enim
3614 1723 3793 1774 malus

2215 1788 2374 1840 etiam
2425 1786 2858 1841 falsis'laudibus
2899 1787 3229 1850 delectatur,
3275 1790 3353 1841 vir
3391 1801 3567 1844 autem
3614 1791 3793 1846 bonus

2217 1858 2372 1910 etiam
2398 1857 2628 1910 debitam
2656 1858 2754 1910 sibi
2788 1858 2990 1912 laudem
3013 1858 3167 1927 fugit.
3203 1859 3337 1914 Ecce
3359 1861 3399 1911 si
3429 1876 3522 1927 per
3542 1877 3791 1914 errorem

2217 1942 2458 1997 personae
2488 1929 2707 1981 veniens
2736 1929 2954 1997 aliquis,
3001 1944 3094 1995 pro
3131 1930 3299 1984 altero
3343 1931 3496 1983 alteri
3528 1946 3664 1982 vano
3691 1931 3792 1984 lio-

2215 1996 2342 2049 mini
2371 1997 2567 2066 gratias
2593 2000 2702 2065 agit
2742 1996 2835 2065 pro
2862 1999 3120 2052 benelicio
3159 1999 3384 2068 quodam
3410 2040 3424 2061 ,
3457 2002 3698 2067 quamvis
3733 2003 3790 2054 in

2217 2068 2537 2121 conscientia
2565 2082 2657 2120 sua
2680 2079 2963 2136 cognoscat
2989 2082 3046 2121 se
3070 2068 3195 2122 nihil
3216 2070 3318 2122 tale
3345 2068 3534 2124 fecisse
3553 2111 3569 2131 ,
3608 2082 3791 2123 tamen

2216 2145 2353 2190 tacet
2380 2148 2433 2190 et
2452 2137 2759 2206 congaudet.
2782 2136 3002 2191 audiens
3023 2153 3138 2206 quae
3161 2153 3262 2192 non
3288 2149 3409 2192 sunt
3435 2156 3525 2192 sua
3549 2157 3562 2192 :
3589 2141 3634 2192 si
3661 2156 3792 2194 vero

2221 2207 2360 2260 bono
2387 2208 2539 2261 alicui
2563 2209 2756 2276 gratias
2781 2208 2924 2274 agit,
2953 2208 3190 2275 quamvis
3212 2208 3378 2261 bonus
3422 2210 3509 2261 illc
3532 2210 3794 2277 intelligat

2216 2292 2396 2329 verum
2428 2291 2544 2330 esse
2573 2277 2712 2344 quod
2741 2277 2808 2330 de
2829 2292 2887 2330 se
2914 2277 3139 2346 dicitur,
3167 2286 3341 2330 tamen
3363 2278 3555 2346 refugit
3577 2320 3591 2342 ,
3623 2289 3676 2332 et
3704 2296 3793 2331 re-

2219 2345 2364 2413 pellit
2384 2348 2565 2400 audire
2593 2347 2751 2400 etiam
2773 2360 2833 2400 ea
2853 2361 2968 2414 qua:
2992 2346 3089 2399 sibi
3113 2345 3395 2400 debentur.
3425 2345 3512 2401 Sic
3535 2359 3586 2400 et
3613 2351 3788 2402 sancti

2215 2415 2443 2469 debitam
2466 2416 2565 2469 sibi
2596 2417 2800 2469 laudem
2829 2425 2951 2469 tunc
2980 2417 3294 2484 repellentes
3319 2417 3502 2470 dicunt
3528 2435 3541 2470 :
3570 2417 3793 2482 Quando

2217 2494 2262 2538 te
2285 2486 2496 2538 vidimus
2521 2487 2851 2539 esurientem?
2870 2486 2956 2540 40.
2980 2485 3043 2538 Et
3070 2487 3372 2556 respondens
3398 2503 3506 2550 rex,
3533 2488 3658 2539 dicet
3681 2489 3753 2540 eis
3774 2505 3792 2538 :

2217 2556 2372 2607 Amen
2397 2556 2510 2608 dico
2535 2555 2666 2608 vobis
2691 2596 2706 2621 ,
2734 2557 2981 2623 quamdiu
3025 2556 3211 2624 fecistis
3238 2559 3323 2609 uni
3359 2557 3534 2608 horum
3564 2558 3786 2624 fratrum

2218 2641 2437 2677 meorum
2481 2627 2820 2682 minimarum.
2857 2627 2980 2678 mihi
3007 2627 3209 2695 fecistis.
3249 2625 3293 2679 Ο
3320 2627 3526 2680 bonitas
3548 2625 3744 2679 Christi
3773 2630 3786 2680 !

2220 2695 2363 2765 Esto,
2379 2697 2624 2764 quamdiu
2643 2696 2692 2746 in
2714 2710 2935 2765 corpore
2955 2697 3359 2763 contemptibilis
3376 2706 3488 2749 erat
3503 2696 3553 2748 in
3568 2698 3790 2760 mundo,

2219 2764 2387 2818 fuerat
2399 2765 2694 2818 verisimilis
2708 2764 2920 2832 ratio,nt
2934 2775 3143 2833 propter
3159 2767 3552 2821 similitudinem
3569 2767 3792 2820 visioois

2220 2836 2404 2887 fratres
2421 2849 2543 2905 suos
2561 2836 2800 2888 homines
2842 2835 3158 2903 appellaret:
3183 2836 3306 2905 quid
3329 2847 3501 2889 autem
3522 2835 3788 2894 dicamus.

2218 2905 2356 2973 quod
2391 2906 2439 2956 in
2473 2904 2558 2957 illa
2589 2906 2753 2972 gloria
2790 2907 3138 2968 constitutus,
3179 2904 3349 2959 adhuc
3386 2915 3666 2959 contentus
3702 2917 3791 2960 est

2218 2988 2309 3028 eos
2335 2976 2512 3028 dicere
2537 2974 2743 3037 fratres,
2764 2977 2954 3043 quibus
2984 2973 3247 3029 sufficeret
3273 2977 3335 3028 ad
3365 2975 3592 3039 laudem,
3622 2975 3664 3028 si
3687 2975 3788 3028 bo—

2220 3059 2316 3098 nos
2339 3059 2525 3098 servos
2552 3045 2669 3097 illos
2692 3046 2944 3098 voearet?
2969 3045 3217 3098 Detrahet
3238 3046 3332 3099 sibi
3357 3045 3498 3114 quod
3527 3046 3698 3101 habet.
3727 3057 3790 3100 ut

2220 3114 2324 3167 illis
2355 3124 2568 3182 praestet
2603 3114 2740 3180 quod
2775 3129 2876 3166 non
2909 3115 3120 3167 habent.
3154 3115 3289 3169 Ecce
3327 3117 3484 3168 homo
3522 3116 3564 3168 si
3592 3130 3656 3168 ex
3680 3114 3787 3167 ltu-

2221 3185 2326 3237 inili
2358 3194 2672 3252 generatur,
2699 3195 2752 3238 et
2782 3185 2888 3237 Deo
2914 3191 3192 3251 prmstante
3238 3185 3303 3238 ad
3335 3185 3560 3252 aliquam
3593 3199 3787 3238 ascen-

2219 3254 2354 3306 derit
2375 3255 2679 3319 dignitatem
2692 3293 2707 3318 ,
2724 3254 2986 3308 erubescit
3002 3256 3392 3320 generationem
3412 3268 3560 3306 suam
3577 3254 3788 3306 audire.

2219 3325 2274 3378 Si
2296 3325 2413 3392 quis
2437 3323 2626 3376 dixerit
2651 3337 2772 3375 eum
2815 3323 2952 3377 illius
2981 3337 3097 3376 esse
3127 3324 3286 3376 lilium
3310 3365 3324 3386 ,
3358 3323 3657 3390 indignatur
3699 3337 3790 3376 se-

2220 3391 2390 3462 ipsum
2416 3393 2652 3446 confiteri
2674 3393 2809 3460 quod
2834 3402 2933 3456 est,
2959 3402 3013 3444 ut
3035 3402 3290 3462 appareat
3310 3391 3445 3462 quod
3473 3408 3574 3444 non
3603 3401 3701 3444 est.
3725 3394 3792 3445 I‘It

2217 3461 2457 3517 Christus
2485 3463 2657 3515 adhuc
2681 3463 3006 3531 gloriabitur,
3027 3461 3218 3517 fratres
3256 3478 3381 3515 suos
3419 3461 3674 3522 dicendo,
3703 3476 3792 3514 sv»

2218 3533 2348 3587 dens
2370 3534 2419 3586 in
2451 3532 2743 3600 majestate.
2772 3533 2835 3585 Et
2861 3533 3050 3585 merito
3080 3550 3092 3585 :
3133 3534 3252 3599 quia
3276 3532 3562 3600 veniensin
3585 3531 3792 3597 judicio

2218 3604 2397 3673 gloriae
2418 3643 2430 3663 ,
2461 3599 2564 3673 non
2596 3604 2822 3673 mutavit
2844 3601 3442 3673 voluntatempriorem.
3475 3599 3584 3673 Hoc
3612 3609 3795 3673 potest

2222 3670 2435 3740 intelligi
2459 3681 2511 3724 et
2527 3671 2592 3723 de
2607 3670 3026 3737 doctoribus,qui
3049 3671 3404 3723 esurientibus
3421 3671 3675 3737 justitiam
3695 3671 3795 3723 dc~

2221 3739 2412 3796 derunt
2429 3741 2604 3794 cibum
2626 3740 2898 3802 doctrinm,
2919 3753 3022 3807 quo
3043 3739 3385 3800 nutrirentur,
3411 3750 3461 3792 et
3484 3740 3797 3806 pinguesce-

2220 3822 2338 3866 rent
2359 3812 2410 3864 in
2441 3811 2643 3864 actibus
2665 3810 2814 3863 bonis
2840 3826 2852 3862 :
2877 3811 2963 3876 qui
2990 3809 3284 3862 sitientibus
3322 3809 3409 3862 Dei
3441 3810 3790 3878 agnitionem,

2222 3891 2402 3952 potum
2449 3880 2685 3952 veritatis
2736 3879 3181 3952 initiistraveruiit.
3226 3883 3327 3932 Aut
3374 3890 3518 3933 certe
3567 3880 3797 3932 cibat-e-

2223 3949 2344 4004 i-unt
2385 3964 2498 4013 eos,
2541 3949 2594 4002 in
2638 3950 2803 4002 verbo
2848 3949 3099 4002 docentes
3138 3965 3152 4002 :
3209 3959 3522 4016 potaverunt
3571 3960 3752 4001 autem
3778 3991 3794 4006 .

2222 4023 2273 4075 in
2322 4021 2520 4088 Spiritu
2571 4030 2754 4071 sancto
2793 4018 3114 4083 baptizantes
3145 4022 3347 4070 animas
3385 4019 3691 4086 peregrinas
3741 4021 3800 4072 in

2223 4089 2438 4143 mundo.
2483 4089 2679 4142 Omnes
2704 4089 2843 4140 enim
2874 4089 3061 4139 anima:
3087 4098 3244 4140 rectze
3273 4091 3562 4155 peregrina:
3585 4097 3711 4140 sunt
3742 4090 3801 4142 in

2225 4161 2325 4212 hoc
2353 4159 2567 4219 mundo,
2618 4173 2734 4226 qua:
2773 4167 2992 4226 possunt
3033 4157 3208 4210 dicere
3251 4174 3263 4209 ε
3309 4157 3553 4220 Quoniam
3597 4159 3800 4208 advena

2223 4245 2333 4283 sum
2375 4245 2463 4298 ego
2501 4231 2635 4298 apud
2679 4237 2724 4279 te
2771 4243 2835 4298 tu_
2869 4237 3022 4291 terra,
3053 4237 3100 4298 et
3146 4227 3431 4298 peregrinus
3463 4227 3588 4298 sicut
3623 4244 3800 4279 onum

2225 4294 2542 4368 patres'mei'
2576 4295 2743 4366 (Psal.
2778 4296 2863 4351 38.
2896 4298 3004 4368 l3).
3053 4294 3279 4368 Verbum
3313 4298 3453 4368 enim
3492 4296 3629 4368 fidei
3655 4313 3799 4362 pne-

2225 4365 2482 4433 dicantes,
2541 4368 2790 4435 colligunt
2833 4367 3034 4419 animas
3082 4381 3144 4419 ex
3191 4366 3519 4432 diSpCl‘Sitllle
3563 4365 3799 4427 alicujus

2225 4440 2422 4493 erroris
2451 4480 2465 4500 ,
2494 4445 2546 4490 et
2586 4437 2783 4490 faciunt
2827 4451 2917 4489 eas
2959 4436 3276 4489 domesticas
3303 4445 3357 4488 et
3393 4435 3536 4488 cives
3580 4448 3802 4488 sancio-

2226 4523 2361 4562 rum.
2398 4507 2568 4575 Ipsum
2593 4507 2843 4575 colligunt
2865 4505 3150 4567 Christum,
3201 4507 3286 4574 qui
3321 4506 3508 4564 nudos.
3539 4514 3593 4558 et
3618 4505 3801 4560 adhuc

2227 4524 2361 4562 rum.
2398 4524 2411 4560 Ι
2456 4524 2568 4561 sum
2593 4524 2843 4575 coutgunt
2865 4524 3150 4567 ωιιίδιιιιιι,
3201 4524 3286 4574 qm
3321 4524 3508 4564 1111005.
3539 4524 3593 4558 ει
3618 4524 3798 4560 auuuc

2227 4579 2342 4633 sine
2387 4524 2562 4646 aiiquo
2613 4577 2921 4630 indumento
2963 4576 3199 4646 justitiae,
3227 4575 3755 4642 docendojustitiain
3782 4619 3798 4642 ,

2227 4644 2491 4711 vestiunt,
2517 4647 2657 4700 sicut
2700 4649 2952 4714 scriptum
2981 4656 3064 4699 cst
3096 4667 3111 4699 :
3139 4644 3340 4698 lnduite
3369 4661 3452 4698 vos
3481 4647 3668 4697 viscera
3697 4647 3774 4714 mi

2227 4718 2528 4780 sericorditc,
2576 4717 2745 4786 ﬁdem,
2791 4713 2994 4785 pacem,
3043 4716 3296 4786 caritatem
3340 4715 3635 4786 (Coloss.3.
3667 4713 3796 4774 12!,

2227 4798 2316 4842 aut
2337 4784 2625 4851 Christum,
2659 4784 2982 4854 baptizantes
3012 4800 3104 4839 eos
3134 4785 3183 4838 in
3212 4784 3442 4845 Christo,
3487 4785 3626 4854 sicut
3657 4787 3802 4836 scri—

2227 4869 2371 4928 ptum
2395 4867 2475 4911 est
2503 4851 2872 4928 :Qttotquotiin
2893 4855 3087 4928 Christo
3111 4855 3347 4928 baptismi
3375 4857 3510 4918 estis,
3539 4851 3802 4928 Citristuir

2227 4924 2459 4981 induistis
2499 4927 2640 4995 (Gal.
2673 4928 2724 4980 3.
2750 4924 2862 4994 2'7).
2897 4924 2960 4977 Et
2991 4925 3076 4994 qui
3106 4927 3234 4979 tales
3262 4926 3498 4978 infirmos
3525 4933 3578 4977 et
3597 4925 3804 4995 morbo

2228 4994 2517 5053 carnalium
2563 4997 2808 5050 vitiorum
2855 4997 3161 5064 languentes
3207 4995 3510 5064 visitat,rct
3541 4994 3802 5064 medica-

2230 5079 2410 5122 tnento
2457 5075 2606 5121 curat
2650 5066 2925 5138 doctrinae,
2950 5063 3213 5138 Christum
3244 5073 3393 5138 curat
3421 5063 3474 5116 in
3505 5063 3582 5117 eis
3627 5080 3640 5115 :
3673 5065 3805 5138 quia

2230 5141 2363 5192 sicut
2395 5140 2447 5191 in
2476 5136 2692 5206 integris
2738 5136 3010 5206 animabus
3043 5134 3284 5206 Christus
3309 5135 3527 5206 integer
3556 5141 3671 5197 est,
3719 5134 3804 5206 sic

2233 5209 2284 5261 in
2316 5201 2684 5276 languentibus
2710 5205 2943 5276 languet.
2968 5203 3073 5259 Sed
3105 5213 3157 5259 et
3180 5204 3269 5272 qui
3297 5201 3530 5276 venit‘ad
3556 5217 3670 5276 eos,
3701 5205 3798 5276 qui

2230 5279 2332 5331 vivi
2370 5271 2757 5331 descenderunt
2783 5271 2833 5328 iii
2864 5274 3147 5335 infernum,
3188 5271 3349 5343 opera
3392 5271 3666 5343 infernalia
3720 5275 3801 5322 ta-

2231 5349 2450 5409 cientes,
2486 5346 2536 5400 id
2564 5353 2664 5408 est,
2696 5345 2782 5412 qui
2809 5344 3006 5398 suntin
3038 5341 3268 5404 carcere,
3311 5352 3366 5396 et
3401 5351 3523 5395 sunt
3558 5341 3666 5413 jam
3699 5343 3803 5392 sub

2233 5418 2468 5470 custodia
2503 5409 2801 5469 dzctnonum
2827 5455 2842 5479 ,
2890 5415 3027 5467 sicut
3063 5413 3192 5466 dicit
3230 5413 3499 5480 Scriptura
3530 5429 3542 5462 :
3573 5409 3798 5462 Descen‘

2233 5489 2353 5538 dant
2384 5489 2436 5538 in
2466 5487 2718 5554 infernum
2745 5486 2950 5537 viventes
2975 5482 3144 5555 (Psai.
3295 5485 3381 5552 16)
3411 5500 3424 5533 :
3457 5481 3674 5555 veniens
3699 5494 3804 5555 τιιιτ

2234 5566 2339 5610 teni
2372 5571 2465 5624 per
2507 5548 2724 5625 verbum
2763 5555 2937 5608 educit
2969 5548 3061 5607 eos
3085 5553 3150 5625 de
3177 5553 3268 5607 ilio
3293 5548 3505 5606 carcere
3531 5548 3800 5625 infernali,

2235 5634 2291 5679 ut
2317 5622 2499 5680 liberet
2552 5640 2646 5680 eos
2691 5624 2758 5679 de
2817 5625 3054 5678 custodia
3106 5622 3403 5676 dminonuin
3498 5631 3552 5673 ut
3584 5622 3804 5685 po~.sint

2235 5697 2411 5750 dicere
2435 5696 2629 5766 gratias
2657 5703 2874 5766 agentes
2902 5712 2914 5747 :
2944 5693 3157 5749 Domine
3198 5691 3359 5766 Deus,
3397 5689 3617 5766 clamavi
3638 5686 3706 5766 ad
3740 5695 3811 5751 te,

2236 5776 2280 5820 et
2324 5763 2511 5839 sanasti
2551 5781 2666 5839 me;
2695 5763 3208 5839 D_om_ine,_revo_casti
3245 5764 3306 5816 ab
3342 5763 3523 5839 inferis
3569 5763 3810 5839 animum

2236 5853 2395 5890 meam
2412 5836 2581 5907 (Psal.
2600 5835 2687 5890 29.
2713 5837 2762 5889 5.
2778 5835 2834 5904 4)
2859 5852 2873 5889 z
2896 5834 2962 5889 ad
2978 5833 3243 5907 Christum
3265 5828 3408 5907 venit
3429 5833 3476 5883 in
3495 5841 3734 5906 care-ere.
3748 5828 3806 5880 Si

2240 5907 2380 5963 enim
2408 5904 2523 5964 haec
2550 5907 2726 5964 omnia
2763 5905 3108 5976 corporaliter
3141 5904 3451 5974 corporibus
3499 5904 3810 5951 ministrare
