4128 6490
332 365 443 419 945

334 470 607 531 debemus.
653 474 705 521 et
743 478 944 535 magna:
986 463 1321 520 beatitudinis
1366 471 1467 527 est,
1512 476 1627 532 qtae
1669 464 1885 535 omnino

336 550 452 608 post
498 535 759 608 modicum
799 533 919 589 sunt
961 536 1214 608 moritura
1243 552 1254 586 :
1287 543 1457 608 putas,
1483 541 1690 608 quantm
1718 533 1883 587 beati-

336 603 531 662 tudinis
577 614 678 669 est,
720 606 831 658 hare
874 605 1046 657 omnia
1071 604 1410 671 spiritualiter
1438 603 1710 656 animabus
1744 608 1883 672 peri-

336 676 637 732 clitantibus
663 676 977 735 ministrare,
1012 689 1129 742 qum
1158 673 1430 725 viviﬁcatze
1473 682 1688 740 possunt
1708 675 1884 727 vivere

335 750 387 801 in
423 744 717 798 azternnm?
748 744 952 809 Quanto
983 745 1166 795 melior
1189 754 1271 795 est
1297 744 1464 795 anima
1492 757 1646 811 quam
1672 757 1883 811 corpus,

337 825 482 869 tanto
519 814 731 868 meliora
763 825 882 866 sunt
910 828 1025 880 qua:
1053 813 1115 865 ad
1143 815 1363 864 salutem
1390 813 1700 873 animarum,
1731 828 1885 881 quam

376 901 455 937 ua:
490 885 552 936 ad
583 885 1011 935 sustentaIiOnetn
1044 897 1321 947 corporum
1365 882 1744 936 ministrantur.
1789 882 1879 935 5i.

376 902 455 937 υζυ
490 902 552 936 au
583 902 1011 935 δυδιειιιίιιιοιιυιιι
1044 902 1321 947 θυι-μυτυιη
1365 902 1744 936 Ιιιιιιιδιτςηιιιιΐ.
1789 902 1879 935 Gl.

335 902 481 1008 ἳύηε
509 954 633 1004 dicet
656 953 775 1016 illis,
814 953 898 1021 qui
923 951 986 1002 ad
1016 952 1267 1021 sinistram
1288 961 1402 1004 sunt
1424 967 1442 1003 :
1470 949 1727 1004 Discedite
1742 966 1885 1021 ante,

339 1024 610 1083 maledicti,
632 1023 684 1073 in
710 1018 871 1091 ignem
909 1030 1163 1073 teternum.
1210 1020 1367 1087 Quasi
1404 1022 1505 1091 qui
1536 1035 1640 1091 non
1677 1018 1890 1072 suiferal.

339 1092 667 1161 praisentiam
696 1087 899 1144 illorum
929 1091 1008 1142 vel
1029 1092 1283 1161 aspicere,
1311 1091 1385 1143 sic
1410 1090 1555 1161 dicit,
1578 1087 1831 1161 Discedite
1858 1105 1889 1141 a

340 1159 439 1214 me.
483 1162 609 1214 Nam
651 1163 783 1214 sicut
827 1161 1063 1214 carnales
1086 1160 1262 1214 s;cculi
1292 1160 1553 1213 carnalem
1581 1159 1887 1228 speciosita-

343 1242 449 1284 tem
491 1231 715 1284 videndo
771 1230 1131 1291 delectantur,
1175 1229 1220 1282 si
1269 1244 1369 1298 qua
1417 1239 1589 1282 autem
1640 1228 1888 1296 dissipata

344 1302 429 1354 vel
454 1301 707 1353 deformia
738 1302 1025 1359 videamus,
1054 1300 1198 1367 quasi
1219 1302 1519 1352 vulneratus
1545 1306 1623 1351 est
1646 1307 1890 1365 aspectus

342 1381 521 1423 noster
554 1387 567 1423 :
597 1371 671 1422 sic
695 1380 747 1422 et
780 1370 937 1432 Deus,
964 1368 1052 1438 qui
1082 1370 1132 1421 in
1162 1369 1439 1422 sanctitate
1462 1368 1749 1421 delectatur
1774 1368 1887 1419 ani-

344 1454 567 1502 marum,
602 1440 917 1508 peceatrices
942 1439 1141 1491 animas
1170 1440 1449 1508 aspiciens,
1478 1438 1623 1506 quasi
1648 1450 1891 1508 gravatus

343 1524 447 1563 non
477 1507 675 1562 suffert.
722 1510 1007 1576 Tamquam
1038 1508 1079 1560 si
1106 1508 1244 1560 dicat
1268 1508 1344 1561 eis
1373 1526 1383 1559 :
1414 1507 1569 1573 Quasi
1598 1507 1816 1575 putredo
1838 1516 1891 1559 et

344 1579 592 1646 spurcitia
638 1579 784 1638 estis.
832 1594 928 1631 nec
975 1576 1169 1630 tamdiu
1212 1592 1303 1630 vos
1342 1580 1594 1640 sustineo,
1644 1576 1890 1646 quamdiu

344 1644 495 1701 statis
521 1650 568 1699 in
591 1648 787 1715 judicio
815 1663 951 1701 meo.
986 1647 1053 1701 Ut
1079 1646 1200 1713 quid
1229 1647 1466 1714 superius
1490 1646 1617 1699 dicit
1646 1644 1673 1697 :7
1701 1644 1887 1707 Venite,

346 1720 583 1772 benedicti
607 1717 771 1769 Patris
801 1717 893 1769 mei
922 1736 934 1769 :
964 1728 1016 1770 et
1042 1717 1125 1769 hic
1155 1732 1256 1768 non
1278 1716 1421 1778 dicit,
1446 1715 1702 1768 Discedite
1726 1729 1755 1766 a
1781 1729 1888 1775 me,

348 1788 610 1840 maledicti
639 1787 803 1840 Patris
828 1788 960 1839 mei?
987 1787 1115 1852 Quia
1139 1786 1430 1838 benedictio
1453 1785 1661 1853 quidem
1687 1798 1752 1835 ex
1783 1784 1891 1836 Deo

345 1867 449 1921 est,
497 1857 795 1910 maledictio
825 1866 998 1909 autem
1026 1871 1088 1908 ex
1116 1855 1325 1908 diabolo
1348 1865 1426 1908 est
1456 1872 1467 1907 :
1497 1856 1632 1907 sicut
1655 1853 1890 1907 ostendi-

350 1939 433 1979 tur
460 1928 508 1980 in
539 1928 623 1978 illa
657 1928 897 1992 parabola
932 1923 1337 1993 patrisfamilias,
1370 1926 1457 1992 qui
1496 1923 1770 1977 seminavit
1797 1922 1891 1976 bo-

348 2011 473 2049 num
504 2012 681 2048 semcn
712 1997 759 2047 in
789 2011 914 2062 agro
952 2010 1071 2057 suo,
1122 1994 1277 2046 homo
1311 2006 1481 2045 autem
1533 1994 1700 2046 malus
1736 1994 1895 2045 semi-

346 2066 490 2118 navit
513 2065 885 2117 zizaniam.42.
916 2063 1113 2116 Esurivi
1133 2074 1175 2116 et
1200 2063 1402 2116 dedistis
1425 2063 1543 2115 mihi
1573 2063 1889 2125 manducare,

345 2144 400 2188 et
429 2144 615 2187 ett-tera
644 2149 759 2202 qua:
788 2144 1093 2200 sequuntur.
1111 2134 1186 2186 Ex
1212 2134 1312 2185 isto
1337 2135 1450 2186 loco
1477 2133 1745 2186 sciendum
1776 2140 1888 2195 est,

345 2203 486 2271 quod
513 2218 615 2256 non
656 2213 852 2255 tantum
896 2218 993 2271 pro
1034 2218 1098 2256 eo
1118 2245 1131 2266 ,
1160 2203 1297 2269 quod
1328 2213 1693 2270 peccaverunt,
1716 2202 1891 2271 homi-

349 2270 444 2324 nes
468 2272 845 2325 condemnandi
870 2270 1012 2337 sunt,
1054 2272 1146 2325 sed
1173 2274 1327 2324 etiam
1358 2286 1451 2339 pro
1475 2286 1558 2333 eo,
1591 2270 1728 2339 quod
1762 2270 1893 2325 bene

347 2356 453 2394 non
482 2341 692 2393 l'aciunt.
725 2340 778 2394 Si
808 2351 978 2393 autem
1009 2356 1100 2407 pro
1129 2355 1213 2404 eo,
1232 2340 1368 2408 quod
1390 2342 1523 2394 bene
1544 2356 1646 2392 non
1675 2340 1890 2402 faciunt,

346 2412 425 2463 sic
468 2410 927 2463 condemnamur:
967 2420 1114 2477 putas
1164 2412 1344 2478 quales
1390 2425 1570 2478 poenas
1619 2409 1892 2463 exsolvent

370 2495 444 2532 iro
487 2495 572 2543 eo,
624 2481 761 2545 quod
804 2480 1053 2547 peccant?
1104 2480 1167 2532 Et
1206 2481 1361 2547 digne
1393 2498 1405 2529 :
1438 2481 1572 2533 Dens
1602 2481 1739 2533 enim
1772 2478 1892 2533 ideo

370 2496 444 2532 iro
487 2496 572 2543 eo,
624 2496 761 2545 quou
804 2496 1052 2547 peccant!
1104 2496 1167 2532 ist
1206 2496 1361 2547 uigne
1393 2498 1405 2529 :
1438 2496 1572 2533 uens
1602 2496 1739 2533 emm
1772 2496 1892 2533 meo

348 2496 610 2603 itotninem
645 2548 786 2613 fecit,
835 2561 888 2603 ut
916 2548 1221 2612 benefaeiat,
1248 2561 1299 2602 et
1326 2548 1390 2601 ad
1413 2551 1628 2617 gloriam
1658 2550 1746 2602 Dei
1775 2563 1894 2616 per-

349 2623 512 2672 tineat
542 2637 555 2672 :
585 2635 686 2671 non
718 2619 836 2672 ideo
858 2628 1077 2683 tantum,
1109 2629 1164 2672 ut
1188 2634 1288 2671 non
1322 2629 1520 2686 pecuet.
1562 2618 1688 2672 Nam
1720 2621 1762 2671 si
1788 2634 1891 2671 non

348 2688 503 2741 faciat
534 2688 745 2751 bonum,
772 2704 866 2743 nee
896 2699 977 2743 est
1006 2704 1159 2741 causa
1191 2705 1354 2756 quare
1382 2698 1587 2742 creatus
1631 2698 1731 2741 est.
1762 2687 1887 2743 Sine

345 2758 506 2811 dubio
550 2760 689 2811 enim
736 2769 787 2812 et
824 2760 865 2811 si
898 2768 1102 2812 creatus
1130 2774 1231 2811 non
1254 2759 1454 2819 l'uiSset,
1485 2769 1752 2825 peccatum
1789 2774 1894 2812 non

346 2828 499 2880 Iieret
538 2842 697 2893 super
742 2837 949 2881 terram.
997 2828 1125 2881 Nam
1168 2829 1271 2897 qui
1299 2829 1541 2896 intelligit
1587 2829 1892 2897 mysterium

343 2897 535 2949 divina:
572 2898 993 2965 dispensationis,
1043 2912 1203 2966 quare
1249 2895 1418 2951 factus
1464 2895 1545 2951 est
1589 2895 1766 2961 homo,
1807 2914 1896 2951 co-

342 2976 562 3035 gnoscet
592 2970 709 3035 quia
740 2968 930 3020 merito
959 2968 1107 3035 quasi
1135 2982 1355 3036 peccans
1383 2968 1781 3032 condemnetur,
1806 2969 1893 3035 qui

337 3036 594 3105 justitiam
641 3052 747 3089 non
775 3036 915 3089 facit.
940 3036 1061 3090 Ideo
1090 3037 1225 3090 Deus
1263 3040 1459 3091 creavit
1484 3038 1748 3092 hominem
1777 3052 1896 3090 cor-

341 3106 642 3169 ruiitibilem
685 3116 737 3159 et
780 3106 1075 3169 infirmum,
1114 3108 1260 3173 quasi
1300 3108 1363 3159 ad
1407 3117 1670 3160 certamen
1712 3117 1894 3161 contra

340 3175 629 3239 diabolum,
678 3186 733 3226 ut
781 3177 868 3242 qui
915 3176 1236 3242 gloriabatur
1276 3191 1392 3230 esse
1422 3192 1478 3229 se
1508 3176 1734 3230 similem
1764 3176 1890 3243 Deo,

343 3258 440 3309 per
491 3245 877 3313 corruptibiletn
938 3254 1172 3297 naturam
1229 3256 1509 3297 evacuatus
1572 3256 1625 3297 et
1686 3245 1892 3310 victus,

340 3313 645 3381 ostendatur
692 3329 793 3366 non
847 3312 1013 3365 solum
1066 3330 1168 3367 non
1221 3328 1338 3366 esse
1388 3314 1533 3381 quasi
1583 3316 1748 3377 Deus,
1803 3315 1894 3368 scd

340 3383 485 3435 omni
513 3380 794 3452 fragilitate
821 3382 1071 3450 fragilior.
1128 3381 1279 3452 Unde
1320 3380 1439 3434 cum
1484 3384 1621 3436 istud
1662 3385 1896 3452 proposi-

341 3461 455 3504 tum
484 3466 635 3505 suum
663 3449 1222 3519 Cln'istus’impleverit
1256 3466 1345 3518 per
1372 3449 1673 3517 hominem,»
1704 3449 1772 3505 id'
1794 3463 1893 3516 est,

339 3534 461 3572 cum
506 3521 833 3590 evacuaverit
875 3534 1093 3590 omnem
1114 3522 1458 3590 principatum
1486 3532 1538 3575 et
1562 3531 1893 3590 potestatem,

342 3599 467 3642 tunc
498 3587 664 3641 tradet
694 3602 917 3658 regnum,
950 3589 1055 3658 Deo
1081 3588 1238 3658 I‘atri.
1261 3587 1501 3658 ideoque
1546 3587 1631 3658 qui
1672 3607 1768 3644 suo
1813 3607 1899 3643 ar-

342 3659 503 3711 bitrio
544 3667 598 3711 et
643 3657 954 3726 negligentia
999 3656 1208 3710 diabolo
1257 3656 1429 3710 locum
1477 3656 1585 3722 dat,
1627 3660 1899 3713 c0nfundit

340 3742 485 3791 eum,
536 3729 625 3796 qui
672 3740 882 3797 propter
923 3728 1140 3796 gloriam
1182 3742 1327 3779 suam
1371 3738 1552 3781 contra
1595 3728 1894 3793 diabolum,

344 3813 467 3851 eum
502 3798 652 3866 quasi
694 3799 743 3850 in
800 3798 1132 3865 expeditione
1176 3798 1403 3851 creando
1451 3800 1737 3851 transmisit
1782 3817 1794 3851 :
1845 3808 1899 3851 et

343 3868 531 3929 victus,
584 3868 811 3919 ostendit
858 3868 1119 3919 diabolum
1167 3877 1433 3935 potentem
1460 3883 1595 3929 esse,
1622 3884 1739 3921 cum
1772 3868 1898 3921 nihil

381 3937 527 3989 ossit.
583 3936 1031 4001 Quemadmodum
1080 3940 1122 3989 si
1169 3939 1282 4003 quis
1325 3953 1355 3989 a
1407 3953 1529 4006 rege
1575 3952 1671 3991 suo
1716 3948 1897 3990 contra

364 4014 551 4058 testem
611 4007 981 4067 transmissus,
1038 4007 1254 4059 colludit
1302 4021 1420 4059 cum
1454 4023 1535 4070 eo,
1587 4018 1638 4060 et
1678 4009 1900 4061 factione

343 4076 541 4139 habita,
567 4075 737 4145 fugam
768 4078 895 4145 petit
924 4094 935 4128 :
969 4077 1139 4145 prodit
1176 4090 1387 4130 causam
1409 4079 1546 4147 regis
1570 4078 1671 4143 sui,
1701 4088 1754 4131 et
1781 4091 1905 4131 con-

1698 349 1879 407 ORDO
1932 348 2185 404 RERUM.

3447 366 3557 419 946

1990 462 2160 515 fundit
2202 462 2447 518 virtutem
2495 462 2678 533 ipsius.
2708 464 2795 518 Μ.
2828 461 2970 517 Tunc
2990 465 3353 533 respondebunt
3377 475 3423 519 ct
3451 469 3547 534 ipsi

1990 534 2207 586 dicentes
2237 549 2255 586 :
2283 535 2507 601 Domine,
2561 535 2763 601 quando
2790 535 2998 587 vidimus
3025 544 3070 587 te
3098 538 3407 593 esurientem,
3461 546 3546 588 aut

1987 603 2231 655 sitientem
2250 604 2275 656 γ
2296 598 2338 653 Ο
2358 598 2776 657 inconvertibilis
2794 603 3149 659 inobedientia
3171 615 3501 671 peccatorum
3529 612 3541 661 ε

1989 672 2117 737 Quis
2158 686 2259 724 non
2292 672 2543 740 intelligat
2572 670 2691 732 hoc,
2724 673 2843 739 quia
2874 686 3028 726 omne
3058 670 3251 725 malum
3288 675 3541 737 facimus,

1992 757 2095 811 non
2122 743 2240 811 quia
2270 740 2508 793 homines
2535 742 3137 811 corruptibtlesisumus,
3163 743 3253 795 sed
3282 745 3399 810 quia
3428 760 3543 796 ma-

1991 810 2099 865 lum
2132 810 2453 880 propositum
2481 810 2863 883 possidemus]
2892 810 3027 864 Ecce
3061 816 3199 883 enim
3228 821 3349 865 tunc
3377 813 3543 867 homi-

1990 880 2495 951 numupeccatorum'
2536 880 2949 951 corrugptibilitas
2976 882 3149 934 carnis
3177 891 3379 935 mortua
3410 885 3541 951 erit,

1989 959 2044 1002 et
2071 948 2243 1003 adhuc
2271 950 2466 1003 malitia
2496 950 2652 1003 vivet.
2684 948 2947 1016 Numquid
2988 966 3089 1003 non
3128 952 3401 1005 audierant
3444 948 3546 1007 Do?-

1992 1019 2188 1072 minum
2217 1034 2371 1087 supra
2400 1018 2658 1072 dicentem
2698 1020 2761 1071 ad
2798 1018 2987 1086 justos,
3036 1021 3248 1082 Quando
3281 1023 3367 1073 uni
3394 1023 3544 1075 mini-

1992 1104 2183 1159 marum
2202 1090 2420 1159 istorum
2453 1090 2652 1156 fecistis,
2683 1089 2806 1159 nti/ti
2832 1090 3062 1158 fecistis?
3092 1091 3154 1143 Et
3185 1092 3361 1159 utique
3385 1092 3540 1145 intel-

1994 1158 2157 1226 ligere
2181 1158 2491 1222 debuerant,
2522 1157 2788 1226 quomodo
2814 1157 2901 1225 qui
2932 1158 3229 1214 hominibus
3258 1157 3359 1213 non
3390 1162 3541 1224 facit,

1993 1242 2092 1280 nee
2115 1227 2324 1282 Christo
2354 1226 2494 1281 facit.
2525 1227 2627 1282 Sed
2666 1228 2939 1281 audientes
2961 1229 3132 1282 adhuc
3156 1231 3541 1295 contradicunt,

1994 1297 2345 1369 intelligentes
2387 1299 2587 1365 tingunt
2622 1312 2679 1350 se
2716 1312 2819 1351 non
2851 1298 3145 1367 intelligere
3188 1318 3201 1353 :
3253 1301 3304 1353 in
3346 1300 3546 1369 judicio

1992 1376 2154 1427 stant,
2181 1377 2235 1420 et
2258 1367 2430 1421 adhuc
2472 1381 2687 1433 peccare
2729 1382 2831 1419 non
2862 1377 3091 1420 cessant.
3121 1369 3185 1422 Et
3225 1369 3309 1423 hic
3349 1367 3541 1425 conso-

1992 1444 2214 1509 quenter
2237 1447 2297 1509 et.
2336 1438 2402 1509 de
2444 1436 2744 1509 doctoribus
2778 1437 2934 1509 malis
2972 1438 3189 1509 intelligi
3221 1448 3415 1506 potest,
3453 1443 3543 1509 qui

1993 1506 2069 1558 sic
2108 1506 2463 1558 esurientibus
2504 1516 2556 1559 et
2594 1506 2893 1559 sitientibus
2938 1506 3109 1559 cibum
3152 1506 3406 1575 iustitiae,
3456 1506 3547 1566 aut

1995 1584 2171 1646 potum
2200 1576 2480 1644 agnitionis
2521 1576 2646 1646 Dei,
2694 1584 2782 1627 aut
2810 1576 3033 1645 Spiritus
3064 1579 3230 1629 sancti
3275 1594 3378 1632 non
3410 1596 3543 1646 pra:-

1992 1645 2275 1715 stiterunt;
2305 1647 2390 1711 qtti
2420 1648 2495 1697 sic
2520 1645 2688 1715 nudos
2715 1659 2817 1697 non
2848 1650 3152 1711 vestierunt,
3185 1645 3545 1715 autjustitiam

1993 1712 2265 1787 docentes,
2305 1723 2394 1766 aut
2438 1716 2488 1787 in
2535 1713 3147 1787 Cliristo__baptizantes;
3181 1719 3267 1785 qui
3290 1712 3365 1771 sic
3391 1734 3545 1787 pere-

1993 1782 2169 1853 grinos
2220 1785 2269 1836 in
2317 1784 2513 1836 mundo
2554 1798 2658 1837 non
2688 1783 3010 1853 collegerunt
3054 1801 3144 1853 per
3171 1782 3407 1849 verbum:
3448 1806 3547 1842 nec

1995 1853 2043 1927 in
2090 1852 2338 1927 Ecclesiae
2381 1854 2591 1906 domum
2638 1868 2731 1921 per
2771 1852 2922 1907 iidem
2962 1855 3397 1927 introduxerunt;
3457 1863 3545 1927 qui

1994 1921 2068 1972 sic
2100 1922 2354 1996 infirmos
2376 1937 2482 1996 non
2507 1932 2823 1996 curaverunt
2850 1926 3183 1996 sermoaibus
3208 1944 3220 1989 ;
3253 1929 3342 1996 qui
3372 1930 3421 1980 in
3456 1921 3544 1981 tali

1992 2004 2205 2065 carcere
2235 1992 2514 2065 inipietatis
2539 1991 2783 2065 sedentes
2811 2006 2914 2065 non
2937 1994 3228 2065 eduxerunt
3258 1991 3348 2063 per
3380 2000 3547 2065 poeni-

1996 2061 2232 2113 tentiam.
2282 2060 2339 2114 Si
2368 2061 2507 2135 enim
2536 2062 2647 2135 hsce
2676 2064 2912 2129 corporis
2938 2060 3391 2135 corporibus'non'
3410 2083 3544 2135 pra:-

1995 2139 2135 2183 stare
2181 2139 2338 2183 tanta:
2383 2131 2664 2203 impietatis
2704 2141 2804 2196 est,
2836 2147 2972 2201 quae,
3006 2144 3058 2186 et
3085 2133 3127 2186 si
3168 2131 3431 2203 accipiunt
3457 2152 3541 2202 ea,

1994 2214 2101 2272 non
2131 2209 2350 2272 possunt
2376 2201 2551 2272 vivere
2580 2216 2829 2272 semper:
2864 2212 3034 2269 putas,
3063 2201 3544 2272 quantae—impiam?

1996 2269 2062 2342 tis
2087 2281 2189 2333 est,
2223 2269 2335 2323 hinc
2365 2270 2537 2342 omnia
2570 2271 2910 2339 spiritualiter
2944 2269 3216 2326 animabus
3244 2269 3543 2342 periclitan-

1997 2339 2132 2391 tibus
2180 2354 2289 2409 non
2333 2341 2649 2404 ministrare,
2681 2356 2796 2409 quae
2829 2349 3071 2409 poterant
3096 2339 3273 2398 vivere
3302 2346 3353 2397 in
3393 2357 3547 2399 icter-

1995 2423 2141 2475 num,
2192 2412 2235 2463 si
2280 2408 2392 2462 hmc
2426 2411 2503 2463 eis
2548 2408 2841 2464 ministrata
2878 2410 3140 2464 fuissent?
3170 2414 3374 2479 Quanto
3403 2419 3542 2468 enim

1997 2479 2180 2533 melior
2205 2489 2285 2553 est
2313 2479 2484 2553 anima
2512 2494 2665 2553 quam
2693 2495 2926 2553 corpus,
2952 2489 3095 2553 tanto
3119 2486 3325 2550 gravius
3362 2500 3546 2553 pecca-

1997 2557 2103 2600 tum
2149 2551 2421 2601 animabus
2462 2549 2826 2625 laborantibus
2852 2549 3547 2625 spiritualesneleemosynas

1996 2634 2099 2671 non
2130 2628 2396 2685 praestare,
2424 2634 2578 2688 quam
2607 2621 2911 2687 corporibus
2936 2622 3257 2688 corporales.
3282 2624 3336 2676 In
3366 2621 3546 2678 Eccle-

1995 2689 2071 2759 sia
2101 2703 2225 2756 ergo
2256 2704 2357 2740 non
2374 2692 2553 2759 solum
2584 2698 2705 2742 sunt
2729 2704 2983 2759 pauperes
3011 2694 3375 2759 corporaliter,
3416 2709 3541 2747 csu-

1996 2758 2210 2829 ricntes,
2241 2768 2330 2810 aut
2355 2758 2553 2829 debiles
2574 2758 2939 2829 corporaliter,
2965 2770 3055 2812 aut
3077 2758 3334 2829 peregrini
3360 2778 3547 2816 secun-

1996 2827 2118 2880 dmn
2158 2842 2348 2894 corpus
2380 2844 2395 2883 :
2422 2827 2513 2880 sed
2544 2828 2699 2881 etiam
2730 2828 3068 2895 spiritualiter
3111 2827 3384 2897 pauperes,
3430 2837 3545 2887 sine

1996 2897 2113 2949 cibo
2153 2897 2385 2965 jUSlilitB,
2426 2898 2540 2949 sine
2574 2905 2699 2964 potu
2742 2897 3020 2965 agnitionis
3066 2899 3176 2961 Dei,
3225 2901 3339 2954 sine
3384 2905 3544 2955 vesti-

1998 2975 2175 3019 mento
2207 2966 2417 3019 Christi.
2471 2965 2701 3036 Maxime
2742 2968 3082 3033 Spiritualiter
3110 2982 3365 3036 pauperes
3399 2982 3541 3036 sunt,

1995 3037 2083 3102 qui
2128 3036 2471 3108 corporaliter
2498 3035 2737 3108 videntur
2758 3036 2946 3090 divites
2978 3052 3133 3108 esse:
3159 3035 3404 3106 quoniam
3434 3035 3547 3108 ple-

1997 3119 2216 3175 rumque
2251 3105 2302 3157 in
2351 3106 2665 3159 abundantia
2695 3121 2869 3175 rerum
2906 3108 3078 3173 inopia
3098 3105 3313 3175 justitia:
3341 3105 3547 3163 inveni-

1998 3184 2100 3226 tur.
2149 3174 2277 3228 Sunt
2307 3176 2567 3243 peregrini
2596 3174 2775 3236 corde,
2818 3186 2941 3229 sunt
2965 3174 3167 3230 debiles
3196 3179 3392 3242 animo,
3426 3192 3547 3234 sunt

1998 3245 2743 3317 mente_cteci,___inobedientia
2772 3248 2939 3309 surdi,
2980 3256 3033 3299 et
3059 3250 3265 3300 czeteris
3290 3250 3548 3317 passioni-

1997 3314 2092 3365 bus
2121 3314 2480 3380 spiritualilnts
2509 3324 2846 3382 asgrotantes,
2872 3330 3090 3382 quorum
3120 3314 3309 3370 anima}
3337 3334 3547 3372 onmem

1997 3398 2172 3436 escam
2198 3384 2516 3455 spiritualem
2544 3385 2926 3455 aboniittantur,
2948 3383 3012 3436 Et
3033 3388 3552 3455 appmpinquavertmt

1998 3468 2149 3525 usque
2172 3453 2236 3502 ad
2264 3464 2437 3525 portas
2455 3455 2624 3505 mortis
2652 3452 2815 3521 (Psal.
2850 3455 2968 3509 106.
2999 3452 3110 3522 18)ζ
3140 3458 3236 3522 Qui
3276 3452 3403 3525 ergo
3447 3474 3550 3511 non

1999 3522 2155 3596 habet
2181 3524 2319 3575 unde
2346 3523 2500 3596 faciat
2528 3524 2891 3596 eleeinosynas
2919 3526 3243 3592 corporales,
3270 3522 3422 3581 faciat
3446 3528 3551 3596 spi-

1999 3593 2213 3644 rituales
2240 3607 2303 3645 ex
2333 3594 2495 3659 gratia
2525 3594 2692 3654 verbi,
2736 3593 2890 3662 quam
2921 3597 3121 3661 accepit
3150 3610 3178 3647 a
3211 3597 3340 3661 Deo,
3380 3610 3434 3651 et
3476 3593 3555 3649 in-

2000 3662 2173 3713 veniet
2223 3663 2621 3732 retributionem
2650 3662 2860 3730 dignam
2902 3677 2928 3712 a
2973 3663 3224 3716 Christo:
3260 3668 3351 3732 qui
3379 3670 3555 3719 omnia

2000 3739 2107 3801 tam
2150 3730 2444 3795 corporalia
2494 3745 2651 3798 quam
2698 3732 2987 3797 spiritualia
3034 3732 3154 3784 data
3209 3730 3357 3801 quasi
3396 3738 3447 3787 in
3497 3751 3556 3788 se

2002 3798 2133 3851 facta
2177 3811 2573 3859 commemorat,
2619 3815 2963 3867 quaecumque
2995 3801 3042 3852 in
3079 3798 3376 3856 hominibus
3424 3806 3555 3857 facta

2001 3868 2383 3941 fueri_nt.__H:ec
2406 3869 2654 3941 diximus,
2690 3880 2743 3921 ut
2772 3868 3206 3941 sciantdoctores
3234 3883 3283 3925 et
3305 3884 3556 3941 quantum

2002 3937 2345 3990 beatitudinis
2373 3938 2470 3991 sibi
2498 3940 2791 4006 acquirant,
2825 3941 2865 3992 si
2895 3939 3171 4006 diligentes
3198 3937 3390 3995 fuerint
3415 3944 3556 3997 circa

2001 4007 2215 4059 verbum
2258 4008 2349 4061 Dei
2400 4026 2413 4059 :
2455 4019 2509 4062 et
2554 4019 2806 4077 quantum
2854 4008 3229 4075 damnationis,
3272 4014 3317 4066 si
3364 4012 3562 4068 fuerint

2004 4078 2347 4146 negligentes.

423 4234 1924 4246 mm

423 4244 1924 4254 ————_——_—_——

2000 4239 3041 4254 m‘
2029 4239 2036 4246 ¹
2083 4240 2102 4247 —
2105 4240 2146 4247 '—-
2149 4240 2240 4248 -——'
2244 4242 3297 4254 'hh—

423 4234 1469 4245 m
1483 4238 2259 4248 -———_—__—______
3042 4244 3297 4254 ῃ.-

358 4232 1469 4285 ῌΙᾙΙ
1091 4240 3546 4298 ΙΙ--ΙΙΙΙΙΙΙᾛ

1436 4391 1850 4518 ORDO
1944 4394 2494 4521 RERUM

1127 4610 1306 4683 QU/E
1353 4611 1429 4669 IN
1480 4610 1634 4671 HOC
1679 4611 1905 4672 TOMO
1948 4611 2213 4672 SEXTO
2254 4612 2834 4676 CONTINENTUR.

1796 4775 2105 4824 τε)ίῦωοῦ

407 4910 699 4959 PM-LFATIO.
1808 4912 1917 4961 5.12

410 4971 819 5019 IN‘I‘ERPBETA'I’IO
842 4980 889 5015 in
915 4966 1077 5015 Isaiam
1094 4967 1402 5032 _pr0phetam.
1425 4969 1620 5017 ——Laus
1644 4970 1777 5019 Isaite
1803 4987 1910 5032 pro-

348 5033 535 5096 phetae;
574 5037 841 5096 sanctorum
863 5035 934 5096 ‘et
974 5027 1312 5096 prophetarum
1352 5043 1481 5096 amor
1521 5044 1637 5091 erga
1683 5027 1911 5096 populos;

345 5088 506 5142 nullus
528 5090 584 5137 ad
606 5088 957 5151 suscipiendam
980 5089 1320 5149 rempublicam
1346 5092 1498 5153 aptior
1521 5088 1661 5153 quam
1684 5088 1913 5155 'philosoL

383 5154 489 5200 ltus.
1704 5154 1713 5155 ί
1768 5156 1915 5204 11-13

349 5169 579 5261 ΡηὲἰῦοΤ
614 5215 825 5256 PRIMUM.
852 5208 984 5272 Visio
1022 5223 1163 5271 quam
1200 5211 1314 5260 vidit
1347 5213 1507 5260 Isaias.
1534 5169 1914 5272 -Aposttillu.slg

349 5274 455 5321 Deo
481 5272 672 5331 missus,
695 5277 747 5318 ut
772 5283 944 5317 nomen
969 5271 1120 5331 ipsum
1143 5281 1309 5331 sonat;
1349 5274 1573 5323 nobilitas
1608 5289 1699 5323 non
1731 5289 1792 5324 ex
1817 5291 1915 5324 ma-

350 5336 533 5392 ioribus
549 5330 634 5377 sed
656 5341 716 5377 ex
744 5330 1146 5392 meritoprOprio.
1162 5330 1395 5381 Sacrificia
1416 5338 1597 5383 veteris
1614 5337 1913 5387 Testamenti

366 5350 533 5382 (IrlDlLS
549 5350 634 5377 SCU
656 5350 716 5377 CX
744 5350 917 5378 IIICI'ILU
943 5350 1146 5392 μΐυνιίυ-
1162 5350 1395 5381 aacrtucn
1416 5350 1597 5383 νειθΓιδ
1626 5350 1913 5387 leswmeult

347 5350 455 5443 beo
478 5404 571 5458 per
590 5401 645 5458 se
671 5402 763 5437 non
786 5390 1062 5458 placebant;
1102 5407 1185 5440 cur
1212 5396 1361 5458 fuere
1388 5396 1626 5458 instituta;
1660 5398 1915 5458 repudium

351 5459 398 5505 in
425 5450 574 5502 veteri
616 5450 728 5520 lege
760 5464 842 5497 cur
878 5453 1179 5520 permissum.
1204 5452 1366 5520 Oratio
1381 5456 1567 5520 inutilis
1590 5450 1664 5505 est
1686 5450 1791 5506 cum
1810 5462 1917 5519 quis

355 5519 639 5578 perseverat
673 5512 981 5578 in__peccatis.
1010 5512 1183 5578 _I_.iberi
1228 5517 1409 5578 arbitrii
1451 5524 1686 5578 potestas;
1725 5512 1916 5569 virtutis

358 5570 645 5638 exercendae
667 5570 986 5620 diﬂicultates.
1010 5573 1112 5638 Non
1136 5576 1275 5638 modo
1306 5570 1484 5638 malum
1504 5570 1805 5638 perpetrare,
1829 5582 1916 5629 sed

362 5640 507 5702 etiam
532 5634 836 5702 bonumnon
862 5636 1235 5702 agerecrimini
1267 5638 1421 5702 datur.
1463 5634 1735 5687 Iudaeorum
1780 5642 1915 5702 obje-

354 5698 501 5747 ctioni
529 5692 864 5757 respondetur.
892 5692 1173 5746 Idololatrite
1198 5700 1440 5761 turpitudo
1462 5710 1511 5751 et
1536 5702 1731 5752 vanitas.
1771 5692 1911 5753 15:27

2082 4914 2197 4965 CAP.
2223 4914 2285 4964 II.
2302 4915 2515 4966 Verbum
2533 4918 2658 4972 quod
2681 4916 2853 4965 factum
2874 4924 2947 4965 est
2970 4917 3028 4965 ad
3051 4918 3219 4966 Isaiam
3239 4921 3384 4969 ﬁlium
3409 4922 3571 4972 Amos.

2082 4932 2197 4965 ων.
2225 4932 2285 4964 ιι.
2312 4932 2515 4966 vernum
2566 4932 2658 4966 uoa
2681 4932 2853 4965 iactum
2874 4932 2947 4965 est
2970 4932 3028 4965 an
3052 4932 3219 4966 isaiam
3239 4932 3384 4969 unum
3409 4932 3571 4972 Amos.

2018 4977 2247 5025 —Multae
2271 4932 2616 5039 prophetiaﬁle
2634 4978 2922 5027 Patriarcbis
2945 4979 3104 5039 editte,
3130 4984 3313 5029 nonnisi
3339 4985 3383 5029 iu
3407 4995 3577 5029 eorum

2020 5040 2275 5099 nepotibus
2298 5037 2505 5099 impleta:
2530 5049 2656 5087 sunt.
2683 5039 2802 5097 Quid
2840 5037 3107 5099 signiﬁcant
3129 5044 3297 5099 verba,
3332 5050 3383 5090 In
3421 5056 3573 5092 novie-

2019 5098 2147 5147 simis
2171 5098 2511 5147 diebus'Mons
2535 5101 2724 5148 Domini
2759 5098 2974 5149 Ecclesia
3019 5109 3115 5160 est;
3151 5100 3365 5149 Ecclesia
3403 5115 3577 5152 vexata

2020 5162 2131 5206 vicit
2156 5169 2204 5207 et
2238 5166 2372 5206 aucta
2407 5166 2498 5207 est.
2524 5160 2741 5207 Yalidutn
2782 5170 2945 5210 contra
2989 5160 3181 5208 Judzeos
3222 5162 3389 5210 telum.
3435 5164 3575 5212 Aliud

2022 5220 2213 5282 insigne
2236 5219 2614 5282 contraiudaeos
2653 5232 3004 5282 argumentum.
3041 5222 3234 5282 Imperii
3272 5231 3426 5272 status
3468 5240 3576 5273 cum

2020 5280 2354 5346 Ch)‘SOSlOIIIUS
2398 5280 2675 5343 loqueretur
2698 5280 2727 5343 ;“
2756 5284 2819 5332 de
2863 5283 2994 5331 bello
3037 5280 3161 5344 apud
3207 5284 3407 5346 populos
3460 5290 3580 5333 anti-

2018 5343 2231 5401 quiores.
2247 5399 2312 5401 ὼ
3070 5343 3077 5344 ί
3208 5343 3218 5346 ⁷
3270 5343 3284 5346 ⁷
3437 5348 3582 5395 2Ἱ-59

2080 5401 2223 5476 (Isin,
2246 5399 2336 5476 III.
2358 5401 2581 5476 Praestat.
2602 5404 2781 5476 n_ullu_m
2820 5418 2959 5476 quam
2984 5403 3157 5476 malum
3180 5406 3351 5476 ducem
3377 5408 3578 5458 habere.

2019 5460 2225 5533 improbi
2251 5462 2418 5533 virtuti
2437 5475 2549 5533 sunt
2572 5466 2743 5533 infensi
2764 5460 3007 5533 ipsiusque
3025 5467 3102 5533 vel
3120 5471 3431 5533 prasentiam
3449 5484 3583 5533 aegre

2024 5524 2211 5593 terunt;
2238 5526 2537 5593 nequitiam
2556 5530 2714 5593 seipsa
2748 5524 3033 5593 supplicium
3058 5524 3223 5581 habet.
3249 5530 3386 5581 Deus
3416 5524 3585 5593 jusvdio

2019 5584 2232 5655 censen
2284 5584 2406 5655 Isaia
2463 5584 2726 5649 inducitur;
2767 5584 2968 5655 stupidis
3016 5594 3228 5641 accusari
3274 5606 3367 5643 non
3406 5584 3586 5655 grave,

2020 5643 2171 5720 plecti
2205 5646 2456 5709 terribile;
2500 5643 3001 5720 peccataLprincipum
3041 5660 3092 5701 et
3108 5658 3372 5720 _senioruin
3401 5643 3595 5720 :t'najori

2029 5712 2314 5767 privatorum
2353 5715 2580 5771 peccatis.
2628 5712 3081 5766 Illuli’erutn'luxus.
3108 5716 3363 5769 Mulierum
3400 5712 3597 5769 lascivia
